1962 3236
196 221 300 271 294
825 204 1303 252 ΠΛΑΤΩΝΟΣ

200 354 336 412 dno}
358 362 444 409 H„
467 337 596 392 υἱὸν
616 335 887 400 ἀπολέσας
906 335 941 406 ἤ
960 358 1011 389 τι
1032 334 1164 391 ἄλλο
1191 329 1270 391 ὧν
1290 338 1414 404 περὶ
1441 342 1698 393 πλείστου
1717 351 1890 394 ποιεῖ-

199 419 600 492 Κεῑρ,,λε’γομέν
629 437 739 472 που
770 418 860 472 καὶ
891 414 1012 472 τότε
1053 415 1136 473 ὅτι
1173 420 1347 493 ῥᾷστα
1376 426 1512 474 οἴσει
1542 425 1653 474 τῶν
1687 418 1888 476 ἄλλων.

139 537 168 576 D
204 497 372 573 ισμινυ
391 520 468 569 γε.
510 504 639 553 Νῦν
661 499 724 553 δέ
739 502 803 568 γε’
819 499 948 553 τόδε
975 498 1422 569 ἐπισκεψώμεθα·
1468 499 1706 572 πότερον
1725 500 1891 556 οὐδὲν

208 581 516 650 ἀχθέσεται,
538 575 574 650 ἦ
593 585 756 634 τοῦτο
776 581 879 650 μὲν
908 577 1204 650 ἀδύνατον,
1227 582 1503 651 μετριάσει
1533 582 1594 637 δέ
1620 601 1735 647 πως
1752 582 1890 653 πρὸς

78 673 183 720 Χ604
208 661 422 731 λύπην;
465 659 628 715 Οὕτω
650 667 880 732 μᾶλλον,
904 665 1027 732 ἔφη,
1048 662 1111 717 τό
1130 683 1193 732 γε
1213 661 1431 734 ἀληθές.
1492 660 1567 718 Τὸ
1592 665 1649 718 δὲ
1671 668 1780 717 νῦν
1798 684 1887 733 μοι

207 744 332 814 περὶ
350 739 528 797 αὐτοῦ
553 743 691 797 εἰπέ·
724 743 962 813 πότερον
982 749 1196 813 μᾶλλον
1215 738 1391 799 αὐτὸν
1409 753 1512 799 οἴει
1531 750 1597 816 τῇ
1617 744 1765 815 λύπῃ
1783 764 1890 814 μα-

208 829 433 896 χεῖσθαί
445 846 503 880 τε
524 825 614 880 καὶ
637 822 975 894 ἀντιτείνειν,
998 823 1133 879 ὅταν
1154 823 1349 896 ὁρᾶται
1376 823 1485 879 ὑπὸ
1519 833 1630 880 τῶν
1661 823 1887 896 ὁμοίων,

206 906 243 977 ἢ
263 905 397 962 ὅταν
417 910 477 962 ἐν
495 909 690 979 ἐρημία
710 907 881 976 μόνος
901 904 1066 970 αὐτὸς
1083 903 1219 962 καθ’
1243 904 1415 961 αὑτὸν
1433 911 1710 977 γίγνηται;
1732 905 1889 961 Πολύ

209 1009 336 1059 που,
370 994 493 1059 ἔφη,
526 992 733 1057 διοίσει,
767 986 902 1043 ὅταν
927 989 1134 1057 ὁρᾶται.
1192 992 1491 1053 Μονωθεὶς
1519 992 1579 1043 δέ
1607 1011 1686 1059 γε,
1720 986 1886 1058 οἶμαι,

209 1068 384 1126 πολλοὶ
414 1072 515 1141 μὲν
552 1071 814 1141 τολμήσει
840 1073 1210 1141 φθέγξασθαι,
1245 1068 1279 1126 ὁὶ
1309 1079 1463 1135 εἴτις
1492 1068 1665 1126 αὐτοῦ
1695 1067 1891 1125 ἀκούοι

209 1149 511 1223 αἰσχύνοιτ’
552 1151 639 1222 ἄν,
671 1153 846 1208 πολλοὶ
880 1156 939 1208 δὲ
969 1154 1199 1225 ποιήσει,
1234 1151 1267 1207 ὁὶ
1293 1150 1396 1207 ούκ
1427 1148 1497 1207 ἂν
1528 1151 1739 1217 δέξαιτό
1766 1173 1889 1208 τινα

209 1238 344 1291 ἰδεῖν
366 1238 597 1305 δρῶντα.
636 1233 829 1300 Οὕτως
847 1239 971 1305 ἔχει,
1002 1239 1121 1305 ἔφη.

347 1321 428 1371 VI.
473 1315 702 1372 Οὐκοῦν
713 1316 772 1371 τὸ
790 1317 890 1386 μὲν
911 1314 1233 1371 ἀντιτείνειν
1247 1315 1709 1385 διακελευόμενον
1727 1315 1889 1384 λόγος

144 1413 177 1454 Β
207 1401 297 1454 καὶ
318 1398 486 1469 νόμος
509 1401 636 1469 ἐστί,
657 1396 718 1454 τὸ
741 1399 799 1454 δὲ
827 1400 992 1453 ἕλκον
1012 1400 1097 1453 ἐπὶ
1116 1396 1211 1463 τὰς
1230 1397 1404 1462 λύπας
1432 1394 1566 1451 αὐτὸ
1594 1394 1655 1451 τὸ
1679 1396 1888 1461 πάθος;

203 1479 425 1552 Ἀληθῆ.
460 1479 737 1544 Ἐναντίας
759 1480 817 1535 δὲ
837 1477 1054 1550 ἀγωγῆς
1072 1482 1398 1549 γιγνομένης
1419 1482 1480 1534 ἐν
1509 1484 1583 1553 τῷ
1605 1475 1889 1550 ἀνθρώπῳ

208 1564 332 1633 περὶ
352 1561 412 1617 τὸ
435 1559 570 1617 αὐτὸ
592 1560 704 1632 ἅμα
723 1562 826 1617 δύο
844 1563 1027 1634 φαμὲν
1052 1560 1204 1634 αὐτῷ
1236 1560 1540 1631 ἀναγκαῖον
1568 1559 1722 1615 εἶναι.
1760 1566 1891 1624 Πῶς

209 1642 262 1699 δ’
285 1643 377 1708 οὕς
404 1641 629 1699 Οὐκοῦν
650 1642 710 1698 τό
735 1646 834 1715 μὲν
850 1647 1042 1714 ἕτερον
1062 1652 1139 1718 τῷ
1157 1644 1312 1718 νόμῳ
1336 1645 1554 1714 ἕτοιμον
1573 1649 1888 1710 πείθεσθαι,

207 1719 245 1799 ᾗ
271 1724 298 1782 ὁ
322 1726 491 1796 νόμος
511 1729 797 1798 ἐξηγεῖται;
834 1734 988 1794 Πῶς;
1026 1731 1187 1796 Λέγει
1216 1747 1325 1781 που
1358 1725 1385 1782 ὁ
1418 1727 1606 1797 νόμος,
1640 1724 1726 1780 ὅτι
1754 1724 1891 1779 κάλ-

210 1815 399 1863 λιστον
418 1807 448 1864 ὅ
467 1831 518 1863 τι
537 1808 771 1879 μάλιστα
790 1807 1024 1879 ἡσυχίαν
1043 1808 1199 1878 ἄγειν
1231 1811 1290 1862 ἐν
1322 1820 1435 1872 ταῖς
1466 1812 1771 1877 ξυμφοραῖς
1800 1807 1890 1861 καὶ

210 1889 281 1960 μὴ
305 1887 652 1960 ἀγανακτεῖν,
675 1888 747 1955 ὡς
767 1888 894 1957 οὔτε
927 1891 1099 1962 δήλου
1130 1889 1290 1954 ὄντος
1318 1897 1418 1945 τοῦ
1448 1887 1670 1959 ἀγαθοῦ
1705 1910 1762 1943 τε
1801 1889 1890 1942 καὶ

209 1978 388 2027 κακοῦ
407 1979 520 2028 τῶν
536 1973 820 2044 τοιούτων,
841 1973 968 2029 οὔτε
988 1978 1063 2037 εἰς
1090 1972 1149 2027 τὸ
1184 1972 1436 2042 πρόσθεν
1465 1970 1630 2026 οὐδὲν
1658 1975 1890 2041 προβαῖ-

146 2063 179 2104 C
209 2076 312 2108 νον
331 2059 404 2127 τῷ
425 2061 670 2124 χαλεπῶς
693 2057 936 2125 φέροντι,
962 2054 1089 2108 οὔτε
1118 2076 1169 2108 τι
1199 2059 1309 2107 τῶν
1331 2050 1705 2122 ἀνθρωπίνων
1737 2049 1891 2116 ἄξιον

210 2132 278 2191 ὂν
297 2136 533 2206 μεγάλης
560 2141 821 2206 σπουδῆς,
844 2134 876 2190 ὅ
894 2157 951 2190 τε
974 2139 1060 2190 δεῖ
1074 2138 1132 2190 ἐν
1152 2132 1336 2197 αὐτοῖς
1356 2132 1387 2188 ὅ
1408 2156 1459 2188 τι
1478 2133 1700 2202 τάχιστα
1718 2153 1888 2200 παρα-

208 2221 504 2286 γίγνεσθαι
519 2215 665 2287 ἡμῖν,
678 2217 855 2290 τούτῳ
870 2214 1125 2286 ἐμποδών
1144 2215 1474 2287 γιγνόμενον
1495 2215 1555 2269 τὸ
1578 2221 1887 2269 λυπεῖσθαι.

214 2303 351 2367 Τίνι,
376 2291 412 2367 ἦ
434 2295 482 2352 δ’
507 2295 584 2367 ὅς,
610 2301 811 2368 λέγεις;
856 2304 945 2370 Τῷ
965 2297 1355 2368 βουλεύεσθαι,
1379 2289 1448 2365 ἦν
1470 2293 1521 2350 δ’
1544 2294 1666 2365 ἐγώ,
1685 2292 1887 2362 περὶτὰ

207 2376 437 2450 γεγονὸς
454 2379 544 2434 καὶ
565 2376 748 2449 ὥσπερ
769 2382 830 2435 ἐν
849 2379 1053 2434 πτώσει
1082 2378 1273 2449 κύβων
1302 2379 1440 2446 πρὸς
1467 2375 1533 2432 τοὶ
1564 2373 1887 2431 πεπτωκότα

209 2467 470 2516 τίθεσθαι
498 2458 562 2516 τὰ
588 2459 761 2516 αὑτοῦ
783 2460 1092 2530 πράγματα,
1115 2458 1224 2530 ὅπῃ
1240 2456 1268 2514 ὁ
1296 2460 1459 2528 λόγος
1492 2461 1637 2528 αἱρεῖ
1652 2454 1887 2528 βέλτιστ’

210 2540 281 2598 ἂν
307 2547 467 2613 ἔχειν,
490 2540 628 2597 ἀλλὰ
659 2540 731 2613 μὴ
755 2547 1231 2610 προσπταίσαντας
1262 2539 1519 2607 καθάπερ
1552 2542 1748 2601 παῖδας
1768 2539 1889 2606 ἐχο-

209 2626 409 2694 μένους
444 2631 546 2679 τοῦ
582 2626 882 2695 πληγέντος
914 2625 974 2678 ἐν
1002 2628 1077 2697 τῷ
1105 2629 1247 2694 βοᾷν
1284 2625 1600 2692 διατρίβειν,
1642 2615 1762 2673 ἀλλ’
1805 2614 1888 2671 ἀεὶ

147 2720 182 2761 D
215 2710 415 2772 ἐθίζειν
434 2705 536 2777 τὴν
553 2705 738 2777 ψυχὴν
758 2705 790 2762 ὅ
807 2727 858 2760 τι
874 2705 1097 2775 τάχιστα
1115 2710 1407 2774 γίγνεσθαι
1434 2700 1572 2769 πρὸς
1603 2698 1662 2754 τό
1696 2703 1894 2753 ἰᾶσθαί

210 2808 267 2841 τε
303 2789 394 2841 καὶ
431 2790 792 2859 ἐπανορθοῦν
828 2785 890 2842 τὸ
935 2786 1108 2841 πεσόν
1145 2807 1201 2840 τε
1237 2787 1326 2840 καὶ
1362 2787 1636 2853 νοσῆσαν,
1674 2785 1888 2852 ἰατρικῇ

148 2883 153 2889 ·
208 2871 535 2941 θρηνῳδίαν
548 2867 897 2938 ἀφανίζοντα.
918 2866 1223 2939 Ὀρθότατα
1242 2872 1383 2935 γοῦν
1401 2862 1471 2918 ἄν
1494 2884 1584 2933 τις,
1608 2864 1729 2931 ἔφη,
1751 2860 1888 2929 πρὸς
