1962 3236
261 127 369 181 430
874 132 1352 181 ΠΛΑΤΩΝΟΣ
1854 144 1937 187 112

263 263 515 334 δώσομεν
534 261 665 335 ὑμῖν
683 273 796 326 τοῖς
815 267 993 332 φίλοις
1013 262 1152 318 εἶναι
1171 264 1345 320 κοινά.
1378 265 1438 320 τὸ
1461 264 1511 321 δ’
1535 271 1612 322 ἔτι
1635 269 1812 340 βραχὺ
1832 270 1938 340 πρὸ

145 359 231 407 113
263 353 364 401 τοῦ
397 346 570 415 λόγου
611 348 697 403 δεῖ
731 347 990 414 δηλῶσαι,
1030 343 1103 415 μὴ
1138 345 1400 411 πολλάκις
1426 346 1725 415 ἀκούοντες
1754 349 1943 422 Ἑλλη-

259 426 387 482 νικὰ
414 425 719 497 βαρβάρων
747 423 971 494 ἀνδρῶν
992 423 1237 496 ὀνόματα
1255 428 1598 500 θαυμάζητε·
1636 429 1695 487 τὸ
1723 430 1831 503 γάρ
1854 441 1962 494 ons-3

261 530 381 564 τιον
404 505 591 562 αὐτῶν
614 507 908 562 πεύσεσθε.
946 506 1191 563 Σόλων
1167 505 1253 563 άτ’
1284 511 1524 565 ἐπινοων
1547 517 1622 577 εἰς
1645 511 1748 584 τὴν
1767 511 1942 568 αὑτοῦ

259 597 482 661 ποίησιν
499 589 952 661 καταχρήσασθαι
982 597 1058 663 τῷ
1058 591 1253 674 λόγῳ,
1287 595 1807 666 διαπυνθανόμενος
1838 594 1943 664 τὴν

259 695 374 727 των
403 670 695 742 ὀνομάτων
725 670 980 742 δύναμιν,
1014 674 1142 741 εὐρε
1182 674 1314 739 τούς
1342 697 1401 730 τε
1435 680 1775 746 Αἰγυπτίους
1811 675 1942 741 τούς

259 753 515 824 πρώτους
533 756 776 818 ἐκείνους
797 752 936 808 αὐτοὶ
955 758 1347 826 γραψαμένους
1379 761 1453 821 εἰς
1486 757 1584 828 τὴν
1613 756 1802 814 αὐτῶν
1821 781 1944 829 φω-

259 835 367 906 νὴν
386 834 830 906 μετενηνοχότας,
853 833 1018 900 αὐτός
1038 859 1095 891 τε
1124 859 1211 891 αυ·
1231 838 1399 893 πάλιν
1434 839 1666 895 ἑκάστου
1695 838 1798 911 τὴν
1820 841 1910 896 διά

200 930 234 972 Β
261 938 423 973 νοιαν
442 916 713 989 ὀνόματος
732 917 1142 989 ἀναλαμβάνων
1162 922 1236 983 εἰς
1254 919 1355 990 τὴν
1369 917 1639 990 ἡμετέραν
1659 921 1812 991 ἄγων
1831 944 1939 992 φω-

259 998 369 1071 νὴν
387 998 739 1070 ἀπεγράφετο
757 1022 767 1032 ·
803 1002 893 1056 καὶ
911 999 1085 1055 ταῦτά
1109 1022 1171 1070 γε
1192 998 1258 1071 δὴ
1287 999 1354 1055 τὰ
1384 1002 1677 1073 γράμματα
1698 1002 1846 1074 παρὰ
1865 1009 1941 1076 τῷ

260 1081 465 1156 πάππῳ
503 1081 550 1137 τ’
586 1077 660 1154 ἦν
693 1085 784 1138 καὶ
812 1081 888 1137 ἔτ’
929 1084 1039 1139 ἐστὶ
1071 1080 1204 1152 παρ’
1225 1085 1343 1153 ἐμοὶ
1373 1090 1480 1138 νῦν
1501 1089 1948 1156 διαμεμελέτηταί

258 1185 318 1219 τε
346 1161 443 1218 ὑπ’
475 1165 612 1234 ἐμοῦ
644 1163 838 1229 παιδὸς
868 1163 1043 1230 ὄντος.
1093 1160 1164 1220 ἂν
1195 1159 1301 1220 οὖν
1329 1163 1567 1237 ἀκούητε
1597 1174 1823 1222 τοιαῦτα
1855 1163 1942 1223 οἷα

258 1246 351 1301 καὶ
378 1250 509 1318 τῇδε
541 1243 806 1317 ὀνόματα,
838 1246 1014 1317 μηδὲν
1047 1245 1180 1317 ὑμῖν
1207 1250 1343 1301 ἔστω
1379 1253 1600 1317 θαῦμα·
1636 1246 1698 1303 τὸ
1720 1246 1827 1319 γὰρ
1854 1256 1943 1303 αἴ-

256 1349 377 1383 τιον
413 1324 602 1383 αὐτῶν
639 1332 798 1398 ἔχετε.
849 1335 1076 1398 ,μακροῦ
1113 1329 1171 1383 δὲ
1209 1326 1275 1398 δὴ
1317 1327 1488 1398 λόγου
1529 1328 1715 1384 τοιάδε
1756 1351 1834 1393 τις
1868 1323 1942 1399 ἦν

257 1409 396 1483 ἀρχὴ
425 1411 566 1470 τότε.

398 1496 502 1546 VII.
538 1493 815 1560 Καθάπερ
837 1496 899 1548 ἐν
917 1504 1029 1558 τοῖς
1057 1492 1311 1561 πρόσθεν
1338 1495 1534 1564 ἐλέχθη
1566 1496 1689 1565 περὶ
1710 1500 1806 1565 τῆς
1829 1502 1942 1549 τῶν

258 1580 415 1630 θεῶν
433 1573 652 1647 λήξεως,
676 1574 761 1631 ὅτι
779 1580 1167 1646 κατενείμαντο
1188 1582 1296 1646 γῆν
1315 1581 1500 1630 πᾶσαν
1530 1580 1670 1631 ἔνθα
1692 1574 1793 1648 μὲν
1822 1582 1942 1648 μεί-

254 1662 380 1724 ζους
401 1656 595 1728 λήξεις,
616 1661 758 1713 ἔνθα
779 1658 949 1713 δὲκαὶ
969 1657 1244 1728 ἐλάττους,
1275 1655 1395 1727 ίερά
1429 1663 1633 1722 θυσίας
1665 1679 1723 1713 τε
1754 1656 1943 1723 αὐτοῖς

184 1754 215 1797 G
254 1738 775 1810 κατασκευάζοντες,
807 1737 955 1795 οὕτω
979 1738 1044 1811 δὴ
1074 1741 1165 1795 καὶ
1192 1738 1295 1810 τὴν
1321 1746 1496 1809 νῆσον
1524 1744 1812 1795 Ποσειδῶν
1841 1739 1943 1810 τὴν

254 1819 573 1878 Ἀτλαντίδα
593 1820 776 1893 λαχών
795 1822 1064 1892 ἐκγόνους
1082 1821 1284 1876 ἑαυτοῦ
1312 1821 1620 1893 κατςόκισεν
1649 1824 1708 1877 ἐκ
1730 1829 1942 1892 θνητῆς

255 1904 522 1974 γυναικὸς
539 1904 814 1975 γεννήσας
834 1909 895 1959 ἔν
912 1926 1022 1959 τινι
1040 1903 1192 1976 τόπῳ
1212 1907 1406 1977 τοιῷδε
1426 1909 1520 1974 τῆς
1550 1902 1742 1975 νήσου.
1801 1899 1940 1971 πρὸς

254 1987 536 2057 θαλάττης
554 1989 674 2057 μέν,
695 1984 833 2042 κατὰ
856 1988 915 2041 δὲ
942 1989 1112 2056 μέσον
1131 1985 1311 2056 πάσης
1330 1988 1521 2041 πεδίον
1543 1979 1631 2056 ἦν,
1655 1983 1685 2040 ὃ
1706 1982 1772 2054 δὴ
1794 1983 1941 2038 πάν-

256 2090 372 2123 των
390 2071 596 2124 πεδίων
615 2068 914 2124 κάλλιστον
933 2065 1103 2139 ἀρετῇ
1120 2089 1178 2122 τε
1197 2065 1394 2122 ἰκανὸν
1413 2067 1677 2136 γενέσθαι
1708 2068 1939 2136 λέγεται,

256 2148 395 2219 πρὸς
414 2154 490 2222 τῷ
511 2154 679 2223 πεδίῳ
702 2147 756 2204 δ’
779 2143 852 2203 αὖ
871 2148 1010 2204 κατὰ
1029 2150 1199 2219 μέσον
1218 2152 1474 2212 σταδίους
1495 2145 1569 2212 ὡς
1598 2146 1939 2217 πεντήκοντα

256 2229 496 2301 ἆφεστὸς
515 2225 589 2301 ἦν
608 2229 737 2300 ὅρος
754 2229 933 2301 βραχὺ
953 2230 1134 2300 πάντη
1155 2253 1167 2264 ·
1205 2230 1384 2302 τούτῳ
1405 2228 1458 2285 δ’
1492 2223 1564 2300 ἦν
1593 2233 1805 2293 ἕνοικος
1825 2234 1940 2283 τῶν

255 2315 370 2368 ἐκεῖ
383 2310 521 2367 κατὰ
552 2309 720 2381 ἀρχάς
749 2314 809 2367 ἐκ
838 2317 938 2381 γῆς
960 2310 1185 2383 ἀνδρῶν
1214 2311 1528 2382 γεγονότων
1562 2308 1803 2382 Εὐήνωρ
1839 2310 1941 2380 μὲν

181 2411 217 2452 D
253 2392 449 2464 ὄνομα,
469 2394 691 2463 γυναικὶ
715 2391 773 2448 δὲ
803 2399 1081 2449 συνοικῶν
1099 2399 1416 2466 Λευκίππη·
1454 2391 1666 2449 Κλειτώ
1691 2392 1750 2447 δὲ
1769 2413 1941 2462 μονο-

252 2481 387 2546 γενῆ
418 2475 702 2544 θυγατέρα
734 2474 1169 2547 ἐγεννησάσθην.
1205 2476 1311 2547 ἤδη
1341 2476 1392 2531 δ’
1434 2481 1511 2540 εἰς
1544 2473 1747 2543 ἀνδρὸς
1787 2473 1939 2541 ὤραν

252 2555 497 2629 ἡκούσης
516 2563 610 2627 τῆς
630 2557 798 2627 κόρης
816 2556 853 2628 ἥ
869 2580 926 2613 τε
956 2556 1131 2629 μήτηρ
1163 2563 1393 2629 τελευτά
1424 2559 1515 2612 καὶ
1545 2554 1574 2612 ὁ
1604 2556 1800 2627 πατήρ,
1834 2552 1939 2610 αὐ-

253 2663 348 2737 της
378 2639 438 2695 δε
469 2644 546 2702 εἰς
577 2641 882 2710 ἐπιθυμίαν
910 2643 1202 2695 Ποσειδων
1230 2637 1415 2695 ἐλθων
1444 2642 1822 2710 ξυμμίγνυται,
1846 2638 1953 2690 καὶ·

252 2720 352 2776 τὸν
381 2720 651 2792 γήλοφον,
687 2723 747 2776 ἐν
786 2722 828 2794 93
868 2720 1189 2793 κατῳκιστο,
1230 2741 1405 2776 ποιων
1443 2718 1641 2790 εὐερκῆ
1671 2718 1937 2789 περιρρή-

251 2815 416 2871 γνυσι
443 2803 648 2878 κύκλῳ,
670 2803 950 2874 θαλάττης
975 2809 1076 2874 γῆς
1107 2825 1164 2859 τε
1185 2801 1414 2868 ἐναλλάξ
1445 2801 1699 2864 ἐλάττους
1721 2805 1937 2871 μείζους
