1962 3236
55 170 138 216 135
477 148 488 153 “
726 150 1035 201 ΜΙΝΩΣ.
1361 153 1365 156 ·
1627 140 1732 193 453

54 296 192 366 στήν
212 292 352 350 εἶναι
369 296 473 347 τοῦ
491 287 653 352 Διός·
690 282 830 340 ἀλλὰ
858 286 1000 356 τῷδε
1029 303 1101 336 αν
1129 302 1210 345 τις
1234 284 1507 352 τεκμηρίω
1538 283 1734 350 χρῷτο,

54 376 141 432 ὅτι
170 373 339 431 οὐδὲν
370 374 631 441 λέγουσιν
666 371 723 423 οἱ
757 364 936 429 οὕτως
969 360 1473 434 ὑπολαμβάνοντες.
1513 366 1737 414 πολλων
1763 382 1853 426 320

53 456 163 529 γὰρ
182 455 362 511 ὄντων
390 451 728 522 ἀνθρώπων,
758 448 848 502 καὶ
875 444 1152 515 Ἑλλήνων
1180 447 1271 499 καὶ
1292 441 1611 515 βαρβαρων,
1633 440 1736 495 οὐκ

22 567 25 570 ·
56 544 205 594 ἔστιν
235 540 432 599 οἵτινες
462 532 752 603 ἀπέχονται
777 533 1102 599 συμποσίων
1131 529 1223 583 καὶ
1252 526 1457 597 ταύτης
1482 529 1580 596 τῆς
1609 543 1738 578 παι-

57 625 194 689 διᾶς,
229 613 299 674 οὗ
326 623 475 673 ἔστιν
504 614 668 682 οἶνος,
702 613 859 667 αλλοι
891 607 927 682 ἦ
954 617 1165 680 Κρῆτες
1192 614 1281 664 καὶ
1314 607 1740 679 Λακεδαιμόνιοι

58 703 324 771 δεύτεροι,
346 698 624 791 μαθόντες
644 693 792 763 παρὰ
812 699 1065 790 Κρητων.
1105 694 1166 747 ἐν
1182 691 1374 763 Κρήτῃ
1393 689 1451 746 δὲ
1473 686 1547 754 εἷς
1571 682 1740 752 οὗτός

58 787 172 839 ἐστι
199 790 312 837 τῶν
334 781 520 835 ἄλλων
541 778 749 847 νόμων,
771 772 870 839 οὓς
899 779 1098 837 Μινως
1122 778 1310 844 ἔθηκε,
1339 770 1412 843 μὴ
1443 776 1740 843 συμπίνειν

57 863 315 934 ἀλλήλοις
352 867 430 926 εἰς
464 863 660 931 μέθην
710 862 890 913 καίτοι
926 860 1098 926 δῆλον
1136 854 1238 924 ότι,
1277 851 1314 908 ἁ
1347 853 1558 923 ἐνόμιζε
1596 849 1739 907 καλα

60 944 217 1014 εἶναι,
237 950 409 998 ταῦτα
428 940 634 1011 νόμιμα
656 944 822 1008 ἔθηκε
836 940 924 991 καὶ
937 949 1047 1000 τοῖς
1066 934 1242 990 αὑτοῦ
1262 939 1518 998 πολί.ταις
1543 930 1613 988 οὐ
1630 933 1738 1003 γάρ

0 1029 1 1044 ’
59 1046 187 1095 που,
211 1043 395 1092 ωσπερ
426 1044 487 1092 γε
517 1028 730 1091 φαῦλος
752 1019 1073 1118 ἅνθρωπος,
1105 1014 1133 1071 ὁ
1168 1021 1365 1079 Μίνως
1395 1014 1606 1085 ε’νόμιζε
1638 1013 1742 1084 μὲν
1768 1041 1800 1082 Β

61 1109 237 1176 ἕτερα,
268 1107 438 1160 ἐποίει
468 1107 525 1158 δὲ
557 1102 695 1156 ἄλλα
725 1099 860 1169 παρ’
899 1097 935 1153 α’
966 1100 1237 1169 ἐνόμιζεν·
1274 1095 1397 1153 α’λλ’
1437 1091 1510 1167 ἦν
1538 1094 1676 1167 αὕτη
1705 1091 1740 1167 ἡ

0 1233 2 1260 ἰ
61 1191 350 1248 συνουσία,
383 1201 567 1252 ωσπερ
603 1181 709 1252 ἐγώ
750 1184 907 1251 λέγω,
946 1179 1035 1235 διὰ
1074 1181 1256 1250 λόγων
1289 1181 1374 1234 ἐπὶ
1412 1181 1630 1251 παιδείᾳ
1668 1183 1744 1243 εἰς

0 1325 1 1338 2
62 1266 282 1337 ἀρετήν.
322 1264 462 1321 ὅθεν
482 1263 546 1335 δὴ
569 1268 656 1319 καὶ
679 1262 808 1327 τούς
828 1263 1036 1333 νόμους
1053 1264 1285 1325 τούτους
1304 1266 1471 1332 ἔθηκε
1501 1273 1615 1325 τοῖς
1638 1258 1744 1315 αὖ-

62 1356 164 1404 τοῦ
184 1352 447 1415 πολίταις,
467 1345 537 1401 δι’
564 1343 663 1410 οὓς
682 1343 718 1416 ἥ
736 1367 793 1400 τε
813 1345 1004 1415 Κρήτη
1023 1342 1123 1398 τὸν
1143 1343 1321 1398 πάντα
1338 1343 1544 1412 χρόνον
1565 1341 1743 1397 εὐδαι·

64 1441 227 1501 μονεῑ
251 1430 341 1483 καὶ
368 1431 749 1497 Λακεδαίμων,
788 1425 890 1496 ἀφ’
913 1420 986 1480 οὗ
1011 1425 1211 1496 ἤρξατο
1239 1423 1455 1488 τούτοις
1484 1431 1743 1495 χρῆσθαι,

65 1509 159 1566 ἅτε
179 1515 355 1573 θείοις
373 1501 512 1562 οὖσι.

206 1595 310 1645 XV.
345 1587 726 1659 Ῥαδάμανθυς
754 1588 811 1644 δὲ
842 1585 1056 1658 ἀγαθὸς
1084 1588 1185 1658 μὲν
1210 1581 1283 1658 ἦν
1311 1585 1478 1657 ἀνήρ·
1519 1588 1748 1642 ἐπεπαί-

69 1677 228 1728 δευτο
251 1670 356 1741 γὰρ
386 1668 494 1726 ὑπὸ
519 1677 620 1724 τοῦ
643 1676 808 1724 Μίνω
826 1690 836 1699 ·
874 1671 1230 1723 ἐπεπαίδευτο
1262 1670 1451 1739 μέντοι
1480 1665 1581 1737 οὐχ
1608 1665 1749 1737 ὅλην

65 1755 169 1824 τήν
188 1752 484 1825 βασιλικὴν
502 1755 715 1823 τέχνην,
746 1749 868 1806 ἀλλ’
903 1749 1207 1821 ὑπηρεσίαν
1232 1757 1297 1821 τῇ
1317 1755 1589 1822 βασιλικῇ,
1611 1747 1748 1804 ὅσον
1778 1774 1809 1816 c

69 1840 373 1891 ἐπιστατεῖν
391 1838 452 1891 ἐν
471 1846 582 1898 τοῖς
601 1838 991 1904 δικαστηρίοις·
1032 1832 1172 1888 ὅθεν
1201 1835 1291 1887 καὶ
1321 1829 1579 1902 δικαστὴς
1609 1830 1752 1902 ἀγα-

69 1921 174 1983 θὸς
192 1920 387 1987 ἐλέχθη
409 1915 563 1971 εἶναι.
603 1916 953 1986 νομοφύλακι
971 1913 1078 1985 γὰρ
1101 1912 1252 1988 αὐτῷ
1271 1917 1461 1984 ἐχρῆτο
1492 1911 1521 1969 ὁ
1552 1917 1752 1979 Μίνως

69 2000 208 2055 κατὰ
227 1997 288 2054 τό
312 1998 469 2066 ἄστυ,
490 1996 555 2053 τὰ
578 1997 635 2053 δὲ
658 1996 794 2052 κατὰ
816 1997 918 2068 τήν
947 1996 1122 2067 ἄλλην
1143 1995 1369 2067 Κρήτην
1400 2002 1478 2069 τῷ
1505 1995 1679 2068 Τάλω.
1718 1991 1750 2050 ὅ

68 2079 175 2152 γὰρ
217 2082 405 2143 Τάλως
438 2082 553 2148 τρὶς
579 2078 792 2151 περιῄει
828 2086 929 2134 τοῦ
959 2082 1217 2133 ἐνιαυτοῦ
1249 2075 1388 2134 κατὰ
1419 2075 1515 2142 τὰς
1545 2077 1751 2149 κώμας,

70 2162 368 2233 φυλάττων
379 2161 511 2226 τοὺς
524 2161 732 2232 νόμους
750 2164 811 2217 ἐν
830 2159 1037 2230 αὐταῖς,
1051 2163 1113 2215 ἐν
1131 2170 1349 2231 χαλκοῖς
1365 2164 1753 2231 γραμματείοις

73 2249 213 2315 ἔχων
231 2246 646 2313 γεγραμμένους
672 2242 804 2308 τούς
830 2243 1056 2313 νόμους,
1087 2242 1227 2297 ὅθεν
1253 2246 1493 2313 χαλκοῦς
1522 2240 1750 2312 ἐκλήθη.
1874 2245 1890 2269 ’

72 2334 253 2396 εἴρηκε
288 2326 344 2381 δὲ
384 2327 475 2380 καὶ
505 2325 754 2390 Ἡσίοδος
791 2324 1004 2396 ἀδελφὰ
1044 2324 1259 2381 τούτων
1295 2330 1372 2389 εἰς
1401 2322 1502 2379 τὸν
1532 2329 1750 2380 Μίνων.
1772 2338 1808 2379 D

72 2409 340 2479 μνησθεὶς
358 2405 464 2477 γὰρ
485 2404 659 2461 αὐτοῦ
677 2414 780 2461 τοῦ
809 2404 1080 2477 ὀνόματος
1100 2412 1271 2477 φησίν
1344 2417 1352 2420 ’

285 2487 347 2553 ὃς
366 2494 553 2560 βασιλε
563 2490 755 2552 ύτατος
774 2490 962 2558 γένετο
990 2494 1219 2557 θνητῶν
1242 2488 1540 2558 βασιλήων,

285 2572 376 2625 καὶ
396 2576 667 2625 πλείστων
685 2569 890 2640 ἤνασσε
915 2568 1280 2637 περικτιόνων
1299 2567 1640 2639 ἀνθρώπων,

283 2650 462 2724 Ζηνὸς
487 2655 626 2722 ἔχων
654 2657 959 2721 σκῆπτρον·
995 2656 1069 2724 τῷ
1099 2652 1189 2706 καὶ
1210 2654 1424 2705 πολέων
1443 2654 1718 2722 βασίλευε.

74 2736 165 2791 καὶ
185 2727 347 2797 οὗτος
372 2736 515 2803 λέγει
542 2732 604 2788 τὸ
629 2738 728 2788 τοῦ
753 2731 891 2798 Διὸς
920 2739 1203 2804 σκῆπτρον
1232 2730 1399 2788 οὐδὲν
1425 2730 1560 2789 ἄλλο
1591 2728 1629 2804 ἦ
1653 2733 1758 2805 τὴν

76 2819 328 2873 παιδείαν
348 2816 451 2887 τὴν
469 2822 569 2872 τοῦ
590 2817 743 2887 Διός,
764 2811 800 2889 ᾗ
823 2816 1031 2872 εὔθυνε
1051 2814 1155 2888 τὴν
1173 2813 1416 2887 Κρήτην.
