1962 3236
195 133 298 184 222
807 135 1284 183 ΠΛΑΤΩΝΟΣ

128 289 160 329 Ε
191 270 426 323 δοκοῦσι’
447 270 514 336 γέ
547 283 634 322 σοι
665 269 721 321 οί
744 270 919 321 ταῦτα
939 268 1110 322 δεινοὶ
1129 270 1450 323 διαλεκτικοὶ
1483 269 1635 325 εἶναι.
1679 268 1764 326 Οὐ
1793 269 1869 340 μὰ

188 348 285 404 τὸν
308 345 422 418 Δί’,
444 353 567 419 ἔφη,
595 353 644 402 εἰ
670 345 743 417 μὴ
763 348 910 418 μάλα
939 351 1005 417 γέ
1032 370 1175 412 τινες
1204 347 1381 418 ὀλίγοι
1403 342 1481 404 ῶν
1511 348 1617 420 ἐγώ
1647 353 1869 423 ἐντετυῖ-

187 452 341 501 χηκα.
375 428 517 485 Ἀλλ’
541 429 662 500 ἤδη,
685 428 857 499 εἷπον,
892 428 966 500 μὴ
986 434 1217 485 δυνατοί
1242 452 1385 495 τινες
1412 431 1567 497 ὄντες
1589 435 1791 487 δοῦναί
1813 455 1870 487 τε

80 569 85 571 ,
190 513 282 568 καὶ
319 512 697 576 ἀποδέξασθαι
728 511 900 582 λόγον
921 519 1171 567 εἴσεσθαι
1199 516 1335 568 ποτέ
1353 535 1404 568 τι
1436 507 1515 568 ὦν
1543 513 1725 585 φαμὲν
1755 519 1873 570 δεῖν

73 603 156 650 532
194 598 425 660 εἰδέναι;
482 591 619 648 Οὐδ’
668 596 759 663 αὐ,
810 597 933 665 ἔφη,
965 594 1129 650 τοῦτό
1173 616 1249 663 γε.
1326 592 1568 665 Οὐκοῦν,
1608 594 1781 666 εἷπον,
1828 589 1871 650 ῶ
1951 650 1955 655 ,

35 679 38 682 ’
190 677 482 746 Γλαύκων,
503 697 665 740 ουτος
683 675 789 747 ἤδη
811 675 979 741 αὐτός
998 678 1146 731 ἐστιν
1163 673 1192 731 ὁ
1214 676 1401 747 νόμος,
1433 674 1500 731 ὂν
1528 674 1587 731 τὸ
1626 678 1869 746 διαλέγε-

188 766 324 813 σθαι
343 763 613 828 περαίνεις
635 755 702 813 ὃν
722 759 813 814 καὶ
833 758 966 814 ὄντα
988 756 1192 828 νοητὸν
1210 757 1416 829 μιμοῖτ’
1437 755 1508 814 ὀὲν
1526 756 1559 830 ἡ
1579 765 1673 829 τῆς
1693 757 1872 825 ὅψεως
1943 750 1962 778 ’“

187 842 439 912 δύναμις,
472 838 541 911 ἣν
569 842 827 912 ἐλέγομεν
857 838 995 908 πρὸς
1025 837 1163 895 αὐτοὶ
1193 839 1296 910 ἤδη
1335 837 1401 894 τὰ
1441 845 1549 906 ζῶα
1585 842 1871 911 ἐπιχειρεῖν

189 921 524 993 ἀποβλέπειν
555 923 645 978 καὶ
680 923 818 993 πρὸς
851 921 991 977 αὐτὰ
1028 922 1203 990 ἄστρα
1231 943 1290 976 τε
1324 924 1415 977 καὶ
1453 929 1766 978 τελευταῖον
1801 922 1867 992 δὴ

190 1005 328 1075 πρὸς
348 1002 521 1059 αὐτὸν
540 1002 639 1059 τὸν
660 1004 834 1073 ἥλιον.
872 1002 1017 1058 οὕτω
1038 1005 1127 1057 καὶ
1148 1001 1282 1058 ὅταν
1311 1026 1389 1068 τις
1408 1010 1484 1078 τῷ
1516 1005 1869 1072 διαλέγεσθαι

188 1086 447 1158 ἐπιχειρῇ,
479 1085 617 1140 ἄνευ
636 1092 832 1140 πασῶν
858 1092 972 1140 τῶν
998 1085 1315 1155 αἰσθήσεων
1347 1085 1434 1140 διὰ
1465 1091 1565 1140 τοῦ
1583 1085 1756 1154 λόγου
1777 1083 1867 1140 ἐπ’

188 1165 321 1222 αὐτὸ
344 1163 374 1222 ὃ
393 1170 542 1221 ἔστιν
557 1166 791 1221 ἕκαστον
821 1163 985 1238 ὁρμᾷ,
1016 1161 1124 1219 κᾶν
1143 1163 1216 1235 μὴ
1240 1163 1470 1238 ἀποστῇ,
1491 1168 1623 1236 πρὶν
1642 1163 1713 1221 ἂν
1733 1163 1866 1221 αὐτὸ

124 1264 156 1305 Β
187 1247 219 1304 ὃ
240 1253 389 1304 ἔστιν
408 1245 632 1318 ἀγαθὸν
656 1245 800 1319 αὐτῇ
819 1247 1007 1319 νοήσει
1035 1245 1192 1318 λάβῃ,
1226 1246 1311 1301 ἐπ’
1344 1245 1494 1321 αὐτῷ
1522 1254 1764 1318 γίγνεται
1792 1257 1863 1303 τοΞ

186 1338 288 1387 τοῦ
309 1337 515 1401 νοητοῦ
531 1331 687 1399 τέλει,
710 1346 894 1401 ωσπερ
915 1333 1118 1393 ἐκεινος
1138 1329 1260 1384 τότε
1289 1331 1373 1385 ἐπὶ
1406 1337 1483 1403 τῷ
1513 1337 1614 1384 τοῦ
1644 1328 1864 1400 ὁρατοῦ.

185 1413 515 1468 Παντάπασι
543 1434 644 1482 μεν
673 1414 795 1482 οὐν,
830 1415 950 1482 ἔφη.
997 1417 1064 1465 Τί
1087 1405 1217 1475 οὗν;
1263 1409 1331 1464 οὐ
1360 1409 1704 1482 διαλεκτικὴν
1729 1411 1865 1466 ταύ-

186 1517 288 1566 την
315 1494 419 1565 τὴν
455 1499 686 1563 πορείαν
719 1501 929 1559 καλεῖς;
974 1498 1041 1548 Τί
1073 1493 1212 1563 μήν;
1241 1490 1312 1546 Ἡ
1341 1494 1405 1547 δέ
1426 1514 1505 1563 γε,
1543 1495 1614 1563 ἦν
1652 1491 1703 1547 δ’
1743 1493 1867 1563 ἐγώ,

188 1577 345 1640 λύσις
363 1597 421 1630 τε
449 1573 556 1629 ἀπὸ
578 1580 693 1630 τῶν
714 1579 933 1645 δεσμῶν
953 1577 1042 1630 καὶ
1064 1573 1412 1646 μεταστροφὴ
1436 1573 1542 1629 ἀπὸ
1562 1579 1675 1630 τῶν
1698 1580 1870 1630 σκιῶν

192 1660 278 1714 ἐπὶ
313 1656 379 1713 τὰ
409 1661 608 1713 εἴδωλα
628 1658 718 1712 καὶ
753 1654 814 1711 τὸ
848 1663 968 1725 φῶς
996 1658 1087 1711 καὶ
1114 1658 1173 1711 ἐκ
1206 1662 1308 1711 τοῦ
1338 1661 1632 1727 καταγείου
1663 1661 1737 1720 εἰς
1771 1657 1870 1712 τὸν

189 1738 351 1811 ἥλιον
379 1740 666 1809 ἐπάνοδος,
688 1740 778 1794 καὶ
798 1741 911 1793 ἐκεῖ
925 1737 1062 1808 πρὸς
1079 1737 1179 1809 μὲν
1198 1736 1263 1793 τὰ
1284 1739 1393 1804 ζῶά
1424 1761 1480 1794 τε
1500 1740 1590 1794 καὶ
1610 1737 1757 1809 φυτὰ
1777 1741 1868 1794 καὶ

125 1841 155 1882 c
187 1820 247 1878 τὸ
280 1829 381 1877 τοῦ
415 1819 576 1892 ἡλίου
614 1827 733 1892 φῶς
769 1818 843 1876 ἔτ’
883 1819 1159 1891 ἀδυναμία
1189 1824 1426 1891 βλέπειν,
1459 1820 1597 1889 πρὸς
1624 1824 1682 1876 δὲ
1711 1819 1777 1876 τὰ
1808 1823 1868 1876 ἐν

186 1902 354 1959 ὕδασι
391 1903 753 1974 φαντάσματα
788 1910 915 1958 θεῖα
946 1904 1035 1958 καὶ
1055 1901 1211 1967 σκιὰς
1238 1908 1350 1957 τῶν
1380 1900 1578 1973 ὄντων,
1610 1901 1732 1957 ἀλλ’
1765 1899 1869 1957 οὐκ

193 1985 437 2040 εἰδώλων
458 1983 613 2049 σκιὰς
634 1982 707 2039 δι’
741 1986 929 2055 ἑτέρου
959 1985 1215 2039 τοιούτου
1235 1982 1418 2053 φωτὸς
1448 1982 1518 2047 ὠς
1545 1982 1684 2052 πρὸς
1710 1983 1871 2052 ἥλιον

191 2071 401 2137 κρίνειν
440 2064 923 2137 ἀποσκιαζομένας,
956 2071 1104 2119 πᾶσα
1139 2064 1276 2135 αὕτη
1313 2063 1346 2135 ἡ
1381 2070 1719 2135 πραγματεία
1755 2070 1871 2118 τῶν

189 2154 416 2218 τεχνῶν,
439 2171 502 2212 ας
522 2147 844 2218 διήλθομεν,
863 2147 1071 2217 ταύτην
1092 2151 1197 2216 ἔχει
1216 2144 1317 2216 τὴν
1331 2146 1570 2216 δύναμιν
1590 2147 1727 2201 καὶ’
1701 2166 1870 2200 επαν-

192 2227 416 2299 αγωγὴν
445 2235 546 2283 τοῦ
573 2234 858 2299 βελτίστου
887 2231 947 2284 ἐν
980 2234 1128 2300 ψυχῇ
1161 2226 1298 2297 πρὸς
1316 2226 1418 2298 τὴν
1437 2249 1536 2282 του
1558 2225 1786 2301 ἀρίστου
1807 2229 1868 2282 ἐν

190 2323 300 2376 τοῖς
331 2305 457 2366 οὖσι
484 2314 644 2381 θέαν,
676 2310 862 2381 ω’σπερ
900 2312 1023 2367 τότε
1057 2318 1158 2366 τοῦ
1191 2308 1539 2380 σαφεστάτου
1574 2312 1633 2363 ἐν
1661 2308 1870 2379 σώματι

123 2407 154 2448 Ι)
188 2394 326 2464 πρὸς
345 2391 446 2463 τὴν
467 2399 567 2447 τοῦ
587 2394 904 2462 φανοτάτου
923 2397 984 2449 ἐν
1002 2399 1082 2448 τῶ
1099 2395 1457 2463 σωματοειδει
1479 2412 1536 2446 τε
1566 2393 1658 2446 καὶ
1689 2388 1870 2461 ὁρατῷ

188 2475 355 2549 τόπῳ.
393 2473 526 2545 Ἐγῶ
557 2478 674 2546 μέν,
700 2479 823 2546 ἔφη,
854 2473 1187 2545 ἀποδέχομαι
1219 2472 1380 2528 οὕτω.
1429 2478 1525 2527 καί
1549 2493 1633 2527 τοι
1659 2470 1874 2527 παντά·

193 2563 332 2612 πασί
345 2559 410 2627 γε’
426 2579 519 2628 μοι
539 2560 693 2612 δοκεῖ
704 2555 909 2627 χαλεποὶ
930 2561 1030 2627 μὲν
1050 2555 1421 2625 ἀποδέχεσθαι
1442 2553 1596 2624 εἶναι,
1620 2552 1790 2609 ἄλλον
1812 2550 1866 2607 δ’

194 2634 267 2694 αὖ
286 2637 496 2707 τρόπον
515 2638 722 2708 χαλεπὰ
741 2637 814 2710 μὴ
836 2636 1217 2708 ἀποδέχεσθαι.
1260 2635 1407 2707 ὅμως
1428 2639 1576 2691 δέ-
1595 2633 1662 2689 οὐ
1682 2632 1786 2703 γαρ
1810 2637 1873 2687 ἐν

190 2728 268 2793 τῷ
285 2726 396 2774 νῦν
414 2721 650 2789 παρόντι
669 2720 845 2791 μόνον
866 2719 1155 2786 ἀκουστέα,
1187 2716 1324 2773 ἀλλὰ
1357 2719 1445 2772 καὶ
1466 2711 1632 2779 αὖθις
1660 2714 1869 2769 πολλά-

192 2823 275 2865 κις
300 2803 585 2856 ἐπανιτέον
604 2835 675 2847 --
693 2807 865 2857 ταῦτα
893 2805 1086 2865 θέντες
1115 2805 1255 2872 ἔχειν
1287 2797 1357 2863 ὡς
1388 2803 1496 2853 νῦν
1524 2799 1749 2865 λέγεται,
1779 2794 1864 2849 ἐπ’
