1962 3236
206 168 308 220 288
821 169 1294 215 ΠΛΑΤΩΝΟΣ

209 314 460 386 διῄρηται
489 313 555 367 τὰ
585 319 682 382 τῆς
717 316 893 381 ψυχῆς
925 314 1059 380 εἴδη.
1097 316 1225 374 Πῶς
1262 313 1462 380 λέγεις;
1494 311 1585 378 Ὡς
1617 315 1717 384 μὲν
1750 316 1887 383 πρὸς

207 393 354 466 ὑμᾶς
383 400 640 464 εἰρῆσθαι
674 426 736 433 -
765 389 834 446 οὐ
862 390 969 460 γάρ
1007 412 1116 460 μου
1152 405 1423 460 κατερεῖτε
1460 392 1598 464 πρὸς
1628 394 1759 459 τοὺς
1795 404 1889 466 τῆς

207 478 512 548 τραγῳδίας
531 472 756 543 ποιητὰς
782 473 875 526 καὶ
904 469 1033 535 τούς
1061 471 1263 536 ἄλλους
1286 471 1534 538 ἅπαντας
1564 474 1695 540 τοὺς
1724 500 1890 548 μιμη-

209 556 395 619 τικούς
430 588 491 595 —-
524 553 674 624 λώβη
704 557 883 607 ἔοικεν
922 551 1062 606 εἶναι
1098 553 1276 607 πάντα
1307 553 1373 609 τὰ
1400 562 1624 611 τοιαῦτα
1658 565 1752 627 τῆς
1780 564 1891 613 τῶν

210 634 535 692 ἀκουόντων
554 638 815 701 διανοίας,
838 631 960 688 όσοι
978 633 1051 703 μὴ
1073 638 1258 704 ἔχουσι
1286 636 1584 706 φάρμακον
1608 636 1669 693 τὸ
1692 643 1892 694 εἰδέναι

211 715 349 772 αὐτὰ
388 712 474 771 οἷα
509 715 767 786 τυγχάνει
797 715 948 770 ὄντα.
987 720 1080 785 Πῇ
1109 715 1193 785 δή,
1223 720 1347 786 ἔφη,
1374 718 1774 789 διανοούμενος
1803 722 1893 774 λέ-

211 820 349 869 γεις;
377 796 611 868 Ρητέον,
631 801 705 867 ην
726 794 778 851 δ’
806 795 928 866 ἐγώ,
950 802 1126 850 καίτοι
1145 802 1298 865 φιλία
1316 801 1381 866 γε’
1405 821 1484 863 τις
1511 821 1576 870 με
1605 802 1695 855 καὶ
1727 802 1894 865 αἰδώς

211 884 269 936 ἐκ
300 877 494 943 παιδὸς
526 883 726 949 ἔχουσα
756 879 879 947 περὶ
899 875 1146 948 Ομήρου
1176 875 1491 934 ἀποκωλύει
1520 883 1714 950 λέγειν.
1755 886 1894 935 ἔοικε

151 974 181 1015 C
211 963 313 1033 μὲν
331 959 437 1031 γὰρ
457 966 569 1015 τῶν
589 966 776 1014 καλῶν
797 956 1058 1012 ἁπάντων
1078 958 1293 1013 τούτων
1313 966 1425 1014 τῶν
1444 968 1722 1030 τραγικῶν
1742 967 1898 1032 πρῶ-

210 1066 302 1108 τος
322 1042 651 1105 διδάσκαλός
671 1063 727 1096 τε
747 1042 836 1095 καὶ
856 1037 1078 1110 ἡγεμών
1102 1045 1380 1109 γενέσθαι.
1419 1040 1540 1097 ἀλλ’
1565 1041 1632 1097 ού
1662 1041 1767 1114 γὰρ
1790 1045 1898 1113 πρό

211 1147 274 1196 γε
309 1131 403 1195 τῆς
439 1120 707 1192 ἀληθείας
745 1123 989 1192 τιμητέος
1024 1119 1195 1192 ἀνήρ,
1237 1119 1378 1190 ἀλλ’,
1415 1119 1448 1177 ὂ
1485 1127 1643 1193 λέγω,
1684 1126 1895 1194 ῥητέον.

212 1207 377 1261 Πάνυ
409 1205 511 1276 μὲν
549 1199 671 1275 οὖν,
717 1209 838 1275 ἔφη.
882 1204 1082 1259 ’Ἀκουε
1121 1204 1207 1274 δή,
1239 1211 1451 1275 μᾶλλον
1483 1205 1541 1261 δὲ
1572 1205 1896 1276 ἀποκρίνου.

209 1287 429 1358 Ἐρώτα.
467 1292 723 1357 Μίμησιν
745 1285 886 1351 ὅλως
905 1290 1044 1357 ἔχοις
1063 1285 1134 1340 ἄν
1152 1307 1244 1356 μοι
1271 1291 1443 1341 εἰπεῖν
1464 1286 1496 1342 ὅ
1514 1293 1570 1343 τί
1580 1286 1700 1343 ποτ’
1724 1291 1898 1352 ἐστίνς

218 1369 348 1426 οὐδὲ
383 1370 490 1439 γάρ
521 1391 605 1424 τοι
634 1367 800 1433 αὐτὸς
831 1369 981 1424 πάνυ
1010 1391 1060 1422 τι
1090 1373 1323 1435 ξυννοῶ,
1359 1374 1415 1423 τί
1447 1369 1704 1439 βούλεται
1743 1368 1896 1424 εἶναι.

208 1447 283 1507 'H
300 1471 410 1506 που
448 1447 560 1518 ἄρ’,
600 1455 723 1521 ἔφη,
757 1449 861 1520 ἐγω
896 1450 1204 1520 συννοήσω.
1261 1447 1444 1504 Οὐδέν
1479 1472 1558 1519 γε,
1594 1443 1665 1520 ἦν
1692 1448 1742 1505 δ’
1774 1450 1900 1521 ἐγώ,

104 1551 189 1596 596
222 1532 448 1602 ἄτοπον,
472 1535 586 1587 ἐπεὶ
606 1533 784 1588 πολλά
803 1554 886 1587 τοι
901 1529 1169 1603 ὀξύτερον
1199 1531 1522 1603 βλεπόντων
1554 1529 1903 1603 ἀμβλύτερον

219 1613 460 1685 ὁρῶντες
499 1612 756 1683 πρότεροι
795 1611 958 1667 εἶδον.
1001 1611 1203 1682 Ἔστιν,
1242 1617 1366 1682 ἔφη,
1394 1611 1592 1677 οὕτως·
1628 1611 1767 1668 ἀλλὰ
1798 1619 1900 1668 σοῦ

220 1694 496 1764 παρόντος
516 1691 643 1748 οὐδ’
676 1690 749 1747 ἂν
768 1699 1212 1764 προθυμηθῆναι
1245 1693 1360 1757 οἱός
1389 1714 1446 1747 τε
1478 1701 1599 1763 εἰήν
1631 1697 1821 1762 εἰπεῖν,
1857 1699 1909 1748 εἰ

219 1781 274 1832 τί
289 1797 382 1846 μοι
399 1780 815 1845 καταφαίνεται·
840 1771 962 1829 ἀλλ’
986 1772 1152 1839 αὐτὸς
1171 1773 1290 1845 όρα.
1330 1774 1532 1829 Βούλει
1552 1767 1656 1829 οὖν
1674 1775 1904 1829 ἐνθένδε

221 1855 522 1927 ἀρξώμεθα
542 1858 987 1925 ἐπισκοποῦντες,
1001 1858 1060 1910 ἐκ
1080 1860 1176 1925 τῆς
1196 1860 1457 1919 εἰωθυίας
1468 1854 1742 1926 μεθόδου;
1763 1853 1904 1918 εἶδος

220 1939 328 2009 γάρ
349 1937 459 1991 πού
478 1959 529 1991 τι
551 1939 612 1992 ἓν
630 1939 866 1992 ἕκαστον
887 1935 1165 2007 εἰώθαμεν
1193 1942 1455 1991 τίθεσθαι
1474 1939 1598 2007 περὶ
1617 1937 1816 1991 ἕκαστα
1836 1931 1902 1988 τὰ

223 2018 417 2087 πολλά,
458 2013 537 2082 οἷς
576 2015 783 2072 ταύτὸν
812 2017 989 2088 ὄνομα
1021 2018 1370 2086 ἐπιφέρομεν.
1407 2013 1445 2086 ἢ
1477 2014 1545 2071 οὐ
1569 2015 1902 2085 μανθάνεις;

222 2099 539 2155 Μανθάνω.
581 2104 780 2168 Θῶμεν
806 2098 872 2168 δὴ
902 2101 993 2152 καὶ
1022 2102 1131 2152 νῦν
1164 2096 1197 2151 ὅ
1220 2118 1271 2151 τι
1299 2096 1491 2167 βούλει
1518 2102 1632 2151 τῶν
1665 2103 1902 2151 πολλῶν.

170 2200 203 2240 Β
232 2177 368 2248 οἷον,
390 2185 440 2234 εἰ
456 2182 654 2247 θέλεις,
681 2185 885 2234 πολλαί
899 2178 1007 2233 πού
1027 2183 1129 2233 εἰσι
1149 2184 1331 2232 κλῖναι
1359 2179 1450 2231 καὶ
1467 2176 1736 2248 τράπεζαι.
1775 2182 1906 2240 Πῶς

227 2258 282 2316 δ’
307 2259 402 2324 οὔ,
432 2258 589 2314 'Anac
610 2261 748 2314 ἰδέαι
767 2263 831 2330 γέ
865 2279 973 2314 που
1004 2259 1128 2328 περὶ
1158 2264 1330 2314 ταῦτα
1357 2256 1423 2312 τὰ
1455 2258 1630 2328 σκεύη
1658 2257 1778 2327 δύο,
1811 2263 1907 2328 μία

226 2344 328 2414 μὲν
347 2345 553 2411 κλίνης,
578 2345 674 2411 μία
693 2340 752 2396 δὲ
778 2340 1052 2410 τραπέζης.
1084 2345 1213 2395 Ναί.
1255 2336 1482 2394 Οὐκοῦν
1508 2341 1599 2394 καὶ
1628 2341 1908 2409 εἰώθαμεν

227 2423 423 2492 λέγειν,
439 2420 523 2477 ὅτι
543 2419 573 2476 6
594 2421 930 2493 δημιουργὸς
954 2422 1214 2493 ἑκατέρου
1241 2427 1343 2476 τοῦ
1375 2420 1610 2485 σκεύους
1640 2421 1779 2491 πρὸς
1808 2418 1909 2490 τὴν

229 2506 382 2560 ἰδέαν
401 2506 623 2575 βλέπων
641 2501 789 2559 οὕτω
809 2515 958 2559 ποιεῖ
981 2500 1008 2558 6
1037 2504 1139 2574 μὲν
1162 2502 1259 2568 τὰς
1279 2507 1486 2572 κλίνας,
1511 2501 1539 2558 ὁ
1570 2502 1628 2558 δὲ
1659 2500 1754 2566 τὰς
1775 2521 1908 2568 τρα-

231 2589 406 2654 πέζας,
429 2582 514 2649 αἶς
531 2582 685 2656 ἡμεῖς
702 2585 983 2655 χρώμεθα,
1004 2585 1095 2640 καὶ
1114 2578 1285 2640 τᾶλλα
1306 2585 1444 2639 κατὰ
1475 2583 1646 2639 ταύτά
1658 2607 1673 2650 ;
1704 2580 1772 2637 οὐ
1799 2579 1908 2651 γάρ

231 2686 343 2721 που
372 2665 475 2736 τήν
500 2688 562 2736 γε
582 2669 736 2722 ἰδέαν
756 2664 933 2738 αὐτὴν
962 2670 1289 2737 δημιουργεῖ
1312 2663 1491 2731 οὐδεὶς
1509 2672 1620 2720 τῶν
1643 2667 1910 2733 δημιουρ-

232 2753 374 2814 γῶν·
411 2754 527 2812 πῶς
553 2747 687 2819 γάρ;
724 2746 1010 2818 Οὐδαμῶς.
1044 2745 1188 2803 Ἀλλ’
1226 2745 1328 2816 ὅρα
1364 2745 1430 2816 δὴ
1468 2747 1558 2800 καὶ
1593 2743 1755 2798 τόνδε
1787 2747 1909 2797 τίνα

166 2840 196 2881 c
233 2834 414 2891 καλεῖς
450 2828 550 2882 τὸν
594 2829 950 2900 δημιουργόν.
1023 2828 1135 2884 Τὸν
1181 2840 1363 2891 ποῖον;
1400 2824 1494 2890 Ὃς
1529 2825 1709 2881 πάντα
1749 2835 1909 2893 ποιεῖ,
