1962 3236
124 161 185 207 ’Β
785 151 1162 200 ΤιΜΑΙοΣ.
1187 120 1190 121 ’
1701 145 1804 198 341

126 288 232 359 γάρ
261 288 439 357 ε’στον,
467 284 528 343 τὸ
556 285 615 343 δὲ
645 284 732 342 ἀεὶ
749 281 887 341 κατὰ
905 279 1079 339 ταύτὰ
1098 286 1225 352 ἔχον
1243 277 1513 351 ἀκινήτως
1533 279 1661 336 οὕτε
1682 299 1807 348 πρε-

126 367 399 439 σβύτερον
417 368 547 424 οὔτε
564 367 839 438 νεώτερον
873 364 1140 435 προσήκει
1165 367 1456 433 γίγνεσθαι
1486 359 1574 416 διὰ
1600 359 1808 431 χρόνου

126 447 259 504 οὐδὲ
294 451 556 519 γενέσθαι
591 449 722 504 ποτὲ
759 445 889 502 οὐδὲ
929 446 1215 515 γεγονέναι
1251 453 1360 499 νῦν
1394 440 1518 499 οὐδ’
1556 448 1809 507 εἰσαῦθις

126 533 372 600 ἔσεσθαι,
392 528 453 586 τὸ
474 527 738 598 παράπαν
760 549 816 583 τε
836 524 1002 582 οὐδὲν
1021 523 1124 580 ὅσα
1148 528 1361 595 γένεσις
1383 535 1496 588 τοῖς
1519 526 1581 579 ἐν
1602 522 1806 594 αἰσθή-

126 628 209 665 σει
232 615 558 682 φερομένοις
576 615 879 679 προσῆψεν,
901 605 1038 662 άλλά
1055 607 1262 677 χρόνου
1292 611 1465 661 ταῦτα
1504 609 1680 661 αἰῶνα
1716 626 1809 675 μι-

126 694 409 762 μουμένου
426 693 516 747 καὶ
534 688 650 745 κατ’
670 686 917 759 ἀριθμὸν
928 688 1315 758 κυκλουμένου
1327 690 1556 756 γέγονεν
1569 688 1702 756 εἴδη·
1718 687 1810 740 καὶ

125 770 262 839 πρὸς
279 771 494 835 τούτοις
513 774 591 826 ἔτι
609 767 675 824 τὰ
694 770 897 838 τοιάδε,
911 767 973 823 τό
990 790 1048 823 τε
1065 765 1295 838 γεγονὸς
1314 765 1453 822 εἶναι
1468 767 1700 836 γεγονὸς
1716 766 1808 822 καὶ
1839 777 1873 818 Β

124 851 187 908 τὸ
219 852 553 922 γιγνόμενον
580 850 719 907 εἶναι
747 850 1097 922 γιγνόμενον,
1136 853 1214 904 ἔτι
1249 847 1308 903 δὲ
1336 847 1396 903 τὰ
1428 848 1809 919 γενησόμενον

126 933 266 989 εἶναι
287 932 666 1004 γενησόμενον
702 934 793 987 καὶ
829 929 890 987 τὸ
925 928 998 1002 μὴ
1028 926 1097 987 ὂν
1126 930 1198 1001 μὴ
1238 926 1306 984 ὂν
1336 928 1494 1000 εἶναι,
1527 923 1606 985 ὦν
1642 927 1810 984 οὐδὲν

126 1014 347 1085 ἀκριβὲς
378 1016 621 1085 λέγομεν.
661 1015 785 1082 περὶ
813 1012 915 1083 μὲν
945 1006 1051 1068 οὖν
1085 1010 1301 1066 τούτων
1328 1010 1446 1082 τάχ’
1487 1007 1560 1066 ἂν
1589 1008 1693 1066 οὐκ
1726 1017 1807 1080 εἴη

127 1094 316 1166 καιρὸς
335 1098 560 1165 πρέπων
580 1098 639 1150 ἐν
657 1102 733 1170 τῷ
753 1094 986 1164 παρόντι
1007 1097 1560 1164 διακριβολογεΐσθαι.

264 1182 348 1234 xl.
386 1177 603 1244 Χρόνος
633 1176 683 1232 δ’
718 1171 824 1232 οὖν
858 1174 974 1247 μετ’
1012 1174 1264 1245 ούρανοῦ
1291 1178 1539 1246 γέγονεν,
1574 1178 1667 1230 ἵνα
1697 1173 1810 1246 ἅμα

126 1261 494 1330 γεννηθέντες
513 1257 625 1329 ἅμα
646 1260 738 1314 καὶ
762 1263 1034 1325 λυθῶσιν,
1067 1256 1141 1311 ἄν
1170 1277 1300 1311 ποτε
1330 1257 1488 1320 λύσις
1515 1279 1595 1321 τις
1624 1254 1812 1311 αὐτῶν

127 1349 399 1413 γίγνηται,
421 1345 511 1397 καὶ
531 1364 668 1397 κατα
685 1340 745 1397 τὸ
770 1340 1118 1411 παράδειγμα
1143 1346 1238 1411 τῆς
1267 1343 1550 1404 διαιωνίας
1569 1339 1810 1409 φύσεως,

125 1422 199 1480 ἵν’
229 1421 302 1489 ὥς
321 1421 640 1495 ὁμοιότατος
669 1421 820 1497 αὐτῷ
850 1420 987 1478 κατὰ
1020 1421 1261 1492 δύναμιν
1288 1415 1351 1492 ᾗ·
1390 1418 1451 1477 τὸ
1472 1420 1576 1491 μὲν
1597 1419 1705 1491 γὰρ
1742 1419 1810 1491 δὴ

128 1505 474 1575 παράδειγμα
493 1503 670 1558 πάντα
691 1503 866 1559 αἰωνά
888 1501 1075 1559 ἐστιν’
1056 1502 1140 1571 όν,
1160 1499 1189 1556 6
1214 1499 1265 1557 δ’
1292 1495 1366 1556 αὖ
1387 1499 1475 1556 διὰ
1501 1503 1693 1566 τέλους
1715 1499 1814 1558 τὸν
1845 1506 1877 1549 G

129 1584 346 1641 ἅπαντα
365 1585 571 1656 χρόνον
599 1586 842 1657 γεγονώς
872 1608 928 1640 τε
960 1587 1050 1640 καὶ
1082 1580 1161 1640 ω“ν
1191 1585 1282 1639 καὶ
1309 1582 1584 1654 ἐσόμενος.
1624 1585 1677 1649 ἐξ
1709 1604 1814 1639 ουν

129 1667 304 1737 λόγου
323 1668 413 1721 καὶ
435 1670 679 1731 διανοίας
708 1673 852 1722 θεοῦ
881 1667 1137 1736 τοιαύτης
1166 1663 1306 1735 πρὸς
1334 1664 1543 1735 χρόνου
1573 1666 1812 1735 γένεσιν,

126 1752 219 1804 ἵνα
255 1754 506 1820 γεννηθῇ
543 1748 757 1819 χρόνος,
799 1746 951 1818 ἥλιος
988 1748 1079 1803 καὶ
1107 1746 1310 1817 σελήνη
1347 1747 1440 1801 καὶ
1481 1747 1643 1801 πέντε
1670 1744 1812 1801 ἄλλα

128 1830 319 1898 ἄστρα,
346 1832 572 1900 ἐπίκλην
592 1834 785 1899 ἔχοντα
810 1826 1075 1899 πλανητά,
1099 1833 1175 1892 είς
1196 1825 1486 1898 διορισμὸν
1515 1828 1606 1882 καὶ
1627 1833 1811 1896 φυλα-

129 1910 235 1983 κήν
254 1910 516 1982 ἀριθμῶν
539 1911 746 1982 χρόνου
766 1913 982 1981 γέγονε·
1017 1909 1243 1981 σώματα
1271 1910 1329 1965 δὲ
1348 1906 1535 1964 αὐτῶν
1566 1907 1814 1964 ἑκάστων

129 1992 361 2063 ποιήσας
381 1990 411 2047 6
430 1990 565 2057 θεὸς
591 1997 797 2062 ἔθηκεν
829 1997 903 2056 εἰς
930 1990 1026 2057 τὰς
1054 1990 1377 2062 περιφοράς,
1409 1988 1473 2055 ἃς
1503 1986 1537 2061 ἡ
1566 1991 1812 2059 θατέρου

128 2076 381 2141 περίοδος
400 2070 539 2145 ᾔειν,
562 2070 694 2127 ἑπτὰ
713 2070 886 2136 οὔσας
903 2072 1038 2128 ὄντα
1059 2072 1209 2142 ἑπτά,
1231 2070 1471 2142 σελήνην
1488 2073 1589 2142 μὲν
1614 2075 1690 2136 εἰς
1709 2069 1807 2126 τόν
1836 2085 1871 2126 D

129 2156 253 2221 περὶ
280 2160 387 2223 γῆν
422 2160 660 2222 πρῶτον,
697 2151 856 2225 ἥλιον
894 2151 949 2207 δ’
988 2157 1063 2218 εἰς
1101 2151 1200 2207 τὸν
1230 2151 1495 2222 δεύτερον
1524 2148 1663 2222 ὑπὲρ
1694 2158 1813 2222 γῆς,

131 2233 421 2303 ἑωσφόρον
442 2237 500 2289 δὲ
518 2236 608 2290 καὶ
627 2233 727 2290 τὸν
748 2232 1112 2307 ίερόνἙρμοῦ
1133 2233 1435 2305 λεγόμενον
1452 2237 1529 2298 είς
1548 2231 1648 2288 τὸν
1666 2233 1815 2303 τάχει

132 2319 233 2388 μὲν
253 2317 556 2387 ίσόδρομον
575 2314 712 2391 ἡλίω
731 2318 944 2373 κύκλον
963 2317 1165 2386 ἰόντας,
1187 2314 1290 2388 τὴν
1312 2314 1365 2371 δ’
1386 2318 1647 2373 ἐναντίαν
1666 2320 1815 2386 εἰλη-

132 2398 292 2467 χότας
319 2395 470 2471 αὐτῷ
491 2397 757 2468 δύναμιν·
783 2397 924 2453 ὅθεν
943 2397 1437 2469 καταλαμβάνουσί
1455 2417 1512 2452 τε
1535 2398 1626 2453 καὶ
1643 2417 1814 2452 κατα-

122 2479 508 2569 λαμβάνονται
528 2480 665 2535 κατὰ
687 2478 857 2534 ταύτὰ
884 2477 959 2534 ὑπ
971 2478 1260 2549 ’ἀλλήλων
1279 2477 1434 2549 ἥλιός
1451 2498 1509 2533 τε
1532 2479 1624 2533 καὶ
1652 2474 1681 2532 ὁ
1713 2483 1816 2533 τοῦ

122 2560 329 2630 Ερμοῦ
348 2561 439 2615 καὶ
458 2559 765 2630 ἑωσφόρος·
801 2558 866 2615 τὰ
885 2559 941 2615 δ’
974 2559 1111 2615 ἄλλα
1141 2555 1199 2615 οἷ
1222 2558 1288 2630 δή
1319 2561 1410 2614 καὶ
1440 2555 1514 2614 δι’
1547 2579 1612 2624 ας
1642 2561 1816 2623 αἰτίας

133 2642 415 2710 ἱδρύσατο,
430 2650 481 2697 εἰ
495 2664 574 2707 τις
592 2646 788 2708 ἐπεξίοι
809 2644 1002 2711 πάσας,
1023 2639 1052 2697 6
1073 2642 1235 2711 λόγος
1254 2639 1527 2712 πάρεργος
1546 2635 1627 2696 ω“ν
1645 2642 1817 2697 πλέον

132 2719 205 2777 ἄν
225 2725 391 2792 ἔργον
411 2746 493 2779 ων
509 2726 671 2779 ἕνεκα
692 2729 901 2795 λέγεται
921 2724 1211 2795 παράσχοι.
1243 2730 1415 2778 ταῦτα
1433 2720 1534 2794 μὲν
1555 2714 1662 2778 οὖν
1681 2729 1813 2788 ἴσως
1841 2737 1877 2779 Ε

132 2804 250 2878 τάχ’
275 2802 348 2862 ἂν
367 2804 503 2862 κατὰ
525 2805 730 2877 σχολὴν
751 2805 985 2876 ὕστερον
1009 2813 1104 2878 τῆς
1124 2803 1276 2872 ἀξίας
1305 2804 1458 2875 τύχοι
1488 2803 1813 2876 διηγήσεως·
