1962 3236
575 126 644 172 >11
661 125 1079 173 οΛΙΤΕΙΑΣ
1119 115 1173 172 ι’.
1617 123 1724 176 303

35 260 418 317 σπουδαστέον
438 259 526 314 ἐπὶ
545 264 615 331 τῇ
631 259 859 330 τοιαύτῃ
878 257 1094 330 ποιήσει
1114 255 1187 321 ὦς
1204 258 1468 329 ἀληθείας
1486 279 1543 313 τε
1563 256 1723 314 ἁπτο·

34 346 175 414 μένῃ
193 342 284 396 καὶ
305 343 601 412 σπουδαίᾳ,
623 337 747 395 αλλ’
775 338 1113 411 εὐλαβητέον
1132 337 1308 411 αὐτὴν
1328 336 1396 396 ὂν
1413 362 1490 395 τω
1515 337 1722 410 ἀκροω-

33 428 200 498 μένω,
234 424 359 491 περὶ
390 427 486 493 τῆς
515 423 577 477 έν
605 419 759 495 αὐτῷ
787 428 1060 487 πολιτείας
1091 419 1312 492 δεδιότι,
1340 423 1432 477 καὶ
1463 425 1722 492 νομιστέα
1754 431 1792 474 Β

35 504 176 574 ἅπερ
197 503 495 574 εἰρήκαμεν
514 504 638 572 περὶ
657 503 939 574 ποιήσεως.
965 503 1349 574 Παντάπασιν,
1370 525 1404 575 η
1386 497 1466 559 δ’
1485 525 1563 574 ος,
1584 503 1722 574 ξύμ-
1856 503 1859 508 ’

35 609 192 659 φημι.
216 589 412 656 Μέγας
431 586 557 656 γάρ,
580 582 786 656 ἔφην,’
764 607 793 641 ο
817 582 989 655 ἄγων,
1012 608 1054 641 ω
1080 592 1204 656 φίλε
1223 586 1514 657 Γλαύκων,
1536 589 1718 657 μέγας,

36 667 137 739 οὐχ
158 668 290 740 ὅσος
309 667 559 736 δοκεῖ,τό
592 665 833 738 χρηστὸν
863 663 899 737 ἦ
926 666 1101 722 κακὸν
1130 669 1410 737 γενέσθαι,
1433 666 1574 724 ω’στε
1592 667 1721 723 οὔτε

34 757 161 822 τιμῇ
191 752 505 820 ἐπαρθέντα
536 747 665 803 οὔτε
700 746 974 818 χρήμασιν
1004 747 1131 803 οὔτε
1161 748 1300 822 ἀρχῇ
1329 747 1561 822 οὐδεμιᾷ
1591 746 1725 805 οὐδέ

31 853 94 902 γε
114 838 372 902 ποιητικῇ
392 830 548 896 αξιον
568 830 835 901 ἀμελῆσαι
858 830 1212 901 δικαιοσύνης
1241 852 1299 886 τε
1329 833 1420 886 καὶ
1440 837 1535 903 τῆς
1555 831 1722 903 άλλης

33 911 246 985 ἀρετῆς.
281 913 553 984 Ξύμφημί
567 930 671 983 σοι,
692 916 815 983 ἔφη,
836 914 890 979 ἐξ
914 907 994 967 ὧν
1013 913 1448 984 διεληλύθαμεν·
1490 911 1639 983 οἶμαι
1662 915 1721 968 δὲ

36 997 127 1052 καὶ
147 995 318 1050 ἄλλον
339 993 619 1050 ὁντινοῦν.

163 1081 244 1132 ΙΧ.
285 1078 393 1132 Καὶ
410 1076 540 1147 μήν,
560 1070 632 1147 ἦν
653 1076 705 1131 δ’
727 1076 853 1146 ἐγώ,
874 1075 941 1131 τά
973 1098 1036 1146 γε
1064 1077 1289 1147 μέγιστα
1317 1078 1559 1148 ἐπίχειρα
1590 1075 1721 1147 άρε-
1751 1090 1783 1132 C

31 1164 127 1229 τῆς
146 1161 237 1213 καὶ
259 1164 593 1227 προκείμενα
611 1151 761 1212 ἆθλα
782 1156 850 1212 ού
870 1158 1293 1229 διεληλύθαμεν.
1323 1157 1632 1229 Ἀμήχανόν
1651 1182 1718 1229 τι,

30 1244 155 1311 ἔφη,
176 1242 349 1309 λέγεις
377 1240 631 1309 μέγεθος,
665 1242 715 1293 εἰ
732 1244 844 1292 τῶν
876 1242 1182 1310 εἰρημένων
1207 1244 1367 1310 μείζω
1391 1242 1538 1295 ἐστὶν
1564 1238 1719 1296 ἄλλα.

39 1327 108 1376 Τι’
123 1318 175 1376 δ’
200 1319 289 1389 ἄν,
308 1313 382 1390 ἦν
402 1316 455 1375 δ’
485 1319 612 1390 ἐγώ,
635 1323 697 1374 ἔν
713 1340 777 1389 γε
794 1316 959 1393 ὀλίγῳ
980 1320 1164 1394 χρόνῳ
1184 1324 1322 1391 μέγα
1340 1324 1584 1391 γένοιτο;
1616 1329 1721 1386 πᾶς

28 1402 136 1473 γὰρ
167 1395 333 1466 οὗτός
363 1423 424 1471 γε
451 1398 480 1456 ὁ
514 1403 574 1457 ἐκ
602 1399 797 1465 παιδὸς
825 1402 980 1473 μέχρι
1004 1402 1322 1473 πρεσβύτου
1352 1403 1552 1475 χρόνος
1583 1402 1722 1474 πρὸς

33 1484 215 1538 πάντα
246 1481 430 1552 ὀλίγος
458 1483 570 1539 πού
597 1505 676 1547 τις
702 1478 772 1538 ἄν
803 1491 900 1554 εἴη.
955 1482 1137 1539 Οὐδὲν
1171 1484 1273 1555 μὲν
1310 1478 1433 1555 οὖν,
1473 1488 1596 1557 ἔφη.
1658 1492 1724 1542 Τί

32 1559 167 1630 οὖν;
198 1572 300 1620 οἴει
320 1562 585 1638 ἀθανάτῳ
606 1565 887 1636 πράγματι
907 1563 1046 1636 ὑπὲρ
1071 1565 1343 1621 τοσούτου
1365 1569 1481 1622 δεῖν
1508 1567 1720 1639 χρόνον

32 1651 452 1718 ἐσπουδακέναι,
470 1645 592 1704 ἀλλ’
626 1646 726 1718 οὐχ
756 1646 898 1718 ὑπὲρ
926 1654 1029 1703 τοῦ
1060 1648 1293 1716 παντός,
1335 1647 1502 1720 Οἶμαι
1532 1649 1716 1723 ἔγωγ’,
1751 1671 1786 1712 1)

31 1733 164 1799 ἔφη·
206 1726 345 1784 ἀλλὰ
363 1734 420 1784 τί
432 1736 595 1785 τοῦτο
617 1732 816 1800 λέγεις;
857 1727 978 1785 Οὐκ
1001 1729 1268 1801 ᾔσθησαι,
1297 1723 1368 1802 ἦν
1393 1730 1445 1786 δ’
1480 1731 1604 1803 ἐγώ,
1635 1730 1720 1788 ὅτι

32 1807 318 1876 ἀθάνατος
336 1808 544 1883 ἡμῶνὴ
568 1810 713 1883 ψυχὴ
742 1813 834 1867 καὶ
865 1810 1127 1867 οὐδέποτε
1160 1809 1498 1880 άπόλλυται;
1537 1815 1631 1869 καὶ
1658 1810 1721 1880 ὃς

34 1896 307 1963 ἐμβλέψας
326 1915 419 1964 μοι
439 1894 530 1949 καὶ
549 1893 846 1965 θαυμάσας
871 1892 987 1950 εἷπε
1023 1892 1125 1950 Mo}
1146 1891 1263 1965 Δί’,
1285 1892 1389 1951 οὐκ
1409 1900 1607 1967 ἔγωγε·
1647 1897 1720 1951 σύ

34 1977 91 2032 δὲ
112 1981 246 2032 τοῦτ
254 1975 423 2047 ’ἔχεις
444 1980 651 2048 λέγειν;
692 1983 764 2035 Εἰ
779 1977 852 2049 μὴ
873 1976 1047 2034 άδικω
1064 1978 1140 2049 γ’,
1169 1983 1334 2050 ἔφην·
1375 1978 1524 2051 οἶμαι
1551 1979 1610 2036 δὲ
1629 1984 1722 2038 καὶ

33 2058 132 2114 σύ·
166 2054 335 2114 οὐδὲν
364 2057 471 2128 γὰρ
501 2060 757 2130 χαλεπόν.
798 2058 1013 2131 ”Εμοιγ’
1019 2104 1034 2131 ,
1064 2065 1196 2132 ἔφη·
1235 2066 1340 2116 σοῦ
1366 2058 1418 2116 δ’
1444 2058 1516 2117 ἄν
1543 2059 1720 2134 ἡδέως

0 2178 2 2190 ,
31 2137 329 2236 ἀκούσαιμι
354 2138 415 2195 τὸ
450 2138 520 2196 ού
553 2140 794 2212 χαλεπὸν
826 2147 1008 2197 τοῦτο.
1043 2140 1332 2207 Ἀκούοις’
1307 2142 1396 2214 άν,
1417 2136 1490 2214 ἦν
1510 2140 1564 2198 δ’
1595 2144 1718 2214 ἐγώ.

33 2224 176 2291 Λέγε
207 2220 403 2291 μόνον,
435 2226 555 2292 ἔφη.
603 2221 845 2293 Ἀγαθόν
872 2246 942 2294 τι,
970 2222 1144 2294 εἷπον,
1175 2225 1267 2280 καὶ
1298 2224 1474 2280 κακὸν
1511 2231 1719 2293 καλεῑς;

21 2301 243 2372 Ἔγωγε.
292 2295 408 2371 Ao'
449 2297 555 2358 οὖν
593 2302 779 2375 ωσπερ
816 2303 923 2376 ἐγω
962 2307 1086 2375 περὶ
1123 2305 1310 2362 αὐτῶν
1347 2310 1582 2375 διανοεῖ;
1638 2308 1712 2363 T6
1747 2321 1779 2362 E

35 2395 225 2448 ποῖον;
270 2381 343 2438 Τό
375 2384 478 2454 μὲν
507 2382 792 2442 ἀπολλύον
821 2389 913 2443 καὶ
945 2390 1280 2459 διαφθεῖρον
1304 2394 1417 2444 πᾶν
1450 2387 1512 2445 τὸ
1544 2387 1721 2445 κακὸν

33 2462 191 2534 εἶναι,
211 2464 271 2520 τὸ
293 2466 351 2522 δὲ
373 2470 549 2532 σῶζον
577 2468 668 2523 καὶ
697 2466 958 2539 ὠφελοῦν
976 2468 1037 2524 τὸ
1058 2467 1246 2540 άγαθό
1255 2493 1300 2525 ν.
1338 2468 1561 2541 Ἕγωγ’,
1595 2476 1717 2542 ἔφη.

39 2553 108 2603 Τί
122 2550 209 2614 δές
239 2547 416 2603 κακὸν
433 2548 645 2623 ἑκάστῳ
664 2572 715 2605 τι
743 2552 834 2607 καὶ
863 2549 1086 2621 άγαθὸν
1114 2554 1314 2622 λέγεις;
1353 2548 1474 2608 οἷον
1493 2550 1719 2623 ὀφθαλ-

30 2641 153 2701 μοῖς
176 2626 501 2699 ὀφθαλμίαν
520 2634 610 2687 καὶ
629 2631 900 2703 ξύμπαντι
927 2654 1003 2688 τω
1037 2633 1247 2704 σώματι
1277 2634 1469 2706 νόσον,
1502 2640 1633 2708 σίτῳ
1664 2656 1722 2691 τε
1747 2649 1835 2695 609

33 2712 317 2783 ἐρυσίβην,
339 2711 620 2783 σηπεδόνα
641 2734 697 2769 τε
718 2714 919 2784 ξύλοις,
948 2721 1131 2790 χαλκῷ
1163 2715 1222 2773 δὲ
1250 2719 1341 2772 καὶ
1373 2715 1582 2791 σιδήρῳ
1613 2717 1718 2788 ἰόν,

30 2798 142 2863 καί,
161 2789 299 2864 ὅπερ
319 2795 478 2865 λέγω,
508 2795 708 2866 σχεδὸν
735 2804 868 2853 πᾶσι
899 2797 1192 2869 ξύμφυτον
1221 2798 1432 2873 ἑκάστω
1462 2821 1641 2857 κακον
1657 2820 1718 2857 τε
