1962 3236
207 137 312 188 388
823 100 1300 186 ιῑΛΑΤΩΝοΣ
1751 100 1754 102 ’
1825 152 1881 196 70
1950 131 1962 186 ²5

209 275 332 342 δίκῃ
351 272 562 341 λέγοιτο
582 269 859 340 ὀρθότατα
875 289 885 298 ·
911 273 1115 338 μετέχει
1133 291 1196 337 γε
1214 269 1324 340 μὴν
1342 278 1524 342 τοῦτο,
1547 272 1578 328 δ
1597 281 1706 329 νῦν
1725 279 1883 344 λέγο-

208 374 327 422 μεν,
346 358 448 406 τοῦ
466 357 650 422 τρίτου
669 356 846 431 ψυχῆς
866 352 1065 420 εἴδους,
1101 347 1133 404 ὂ
1152 351 1351 419 μεταξὺ
1381 359 1606 424 φρενῶν
1626 354 1882 425 ὀμφαλοῦ

207 454 264 487 τε
286 436 551 501 ἱδρῦσθαι
570 432 750 500 λόγος,
781 431 821 502 ᾧ
848 429 1008 500 δόξης
1025 430 1128 500 μὲν
1147 438 1416 502 λογισμοῦ
1439 456 1497 488 τε
1523 436 1613 489 καὶ
1631 442 1736 490 νοῦ
1755 426 1884 505 μέτ-

209 530 321 568 εστι
351 513 409 567 τὸ
444 516 632 582 μηδέν,
676 510 986 581 αἰσθήσεως
1016 512 1075 566 δὲ
1113 509 1296 582 ἡδείας
1333 516 1423 568 καὶ
1463 511 1715 586 άλγεινῆς
1750 517 1883 586 μετὰ

208 597 535 664 ἐπιθυμιῶν.
589 593 803 663 πάσχον
837 591 944 662 γὰρ
983 597 1217 649 διατελεῖ
1249 594 1451 666 πάντα,
1492 601 1788 667 στραφέντι
1827 598 1878 653 δ’

209 672 358 746 αὐτῷ
376 677 437 728 ἐν
461 676 639 748 ἑαυτῷ
668 675 792 742 περὶ
825 672 1006 743 ἑαυτό,
1047 672 1147 744 τὴν
1177 674 1279 743 μὲν
1307 679 1517 740 ἔξωθεν
1542 676 1882 752 ἄπωσαμένῳ

149 765 181 807 G
212 760 446 826 κίνησιν,
485 762 553 826 τῇ
580 754 631 810 δ’
658 759 830 826 οἰκείᾳ
861 757 1201 827 χρησαμένῳ,
1236 762 1350 810 τῶν
1380 755 1556 812 αὑτοῦ
1579 780 1628 812 τι
1659 765 1885 829 λογίσα-

209 845 344 891 σθαι
374 835 652 891 κατιδόντι
677 835 852 906 φύσιν
874 833 941 889 οὐ
962 838 1350 904 παραδέδωκεν
1372 835 1406 907 ἡ
1435 841 1658 906 γένεσις.
1699 839 1782 895 διὸ
1816 841 1880 910 δὴ

209 921 270 988 ζῇ
289 917 389 987 μὲν
409 922 520 972 ἔστι
538 939 595 971 τε
626 916 726 986 οὐχ
745 918 934 984 ἕτερον
964 916 1124 985 ζῶον,
1164 917 1398 987 μόνιμον
1427 919 1486 973 δὲ
1513 922 1602 973 καὶ
1631 941 1882 990 κατερρι-

210 999 451 1067 ζωμένον
488 1000 694 1067 πέπηγε
732 996 819 1051 διὰ
856 994 916 1050 τὸ
956 1003 1050 1066 τῆς
1085 994 1188 1066 ὑφ’
1221 999 1419 1051 ἑαυτοῦ
1449 998 1712 1068 κινήσεως
1735 1003 1883 1055 ἐστε-

211 1085 432 1147 ρῆσθαι.

351 1163 544 1214 XXXV.
602 1165 787 1213 Ταῦτα
827 1159 893 1229 δὴ
932 1160 995 1213 τὰ
1038 1162 1168 1230 γένη
1205 1160 1385 1215 πάντα
1422 1162 1795 1230 φυτεύσαντες
1833 1165 1888 1216 οἰ

210 1246 490 1309 κρείττους
510 1252 622 1304 τοῖς
638 1238 860 1310 ἥττοσιν
877 1237 1009 1310 ἡμῖν
1033 1239 1264 1310 τροφήν,
1295 1239 1356 1295 τὸ
1387 1249 1543 1311 σῶμα
1574 1239 1706 1297 αὐτὸ
1727 1240 1885 1312 ἡμῶν

213 1314 578 1391 διωχέτευσάν
595 1324 882 1389 τέμνοντες
901 1316 1020 1374 οἷον
1040 1323 1100 1375 ἐν
1118 1321 1312 1390 κήποις
1333 1318 1570 1390 ὀχετούς,
1585 1326 1677 1376 ἵνα
1700 1322 1883 1391 ῶσπερ

212 1404 270 1456 ἐκ
289 1402 532 1471 νάματος
569 1401 818 1464 ἐπιόντος
855 1399 1092 1468 ἄρδοιτο.
1141 1401 1231 1455 καὶ
1271 1407 1493 1469 πρῶτον
1531 1402 1631 1471 μὲν
1668 1401 1885 1473 ὀχετοὺς

145 1495 179 1534 D
211 1489 519 1553 κρυφαίους
539 1480 647 1537 ὑπὸ
668 1483 771 1553 τὴν
791 1480 1070 1551 ξύμφυσιν
1098 1488 1199 1536 τοῦ
1223 1483 1487 1553 δέρματος
1515 1485 1604 1538 καὶ
1631 1489 1726 1554 τῆς
1750 1501 1885 1555 σαρ-

212 1562 308 1626 κὸς
333 1563 435 1617 δύο
462 1566 667 1633 φλέβας
699 1567 890 1633 ἔτεμον
920 1568 1175 1627 νωτιαίας
1209 1563 1499 1633 διδύμους,
1545 1563 1616 1628 ῶς
1640 1565 1699 1618 τὸ
1731 1573 1885 1635 σῶμα

212 1645 474 1716 ἐτύγχανε
495 1648 686 1710 δεξιοῖς
704 1666 761 1699 τε
778 1646 867 1699 καὶ
886 1642 1190 1715 ἀριστεροῖς
1211 1643 1302 1698 ὅν·
1331 1644 1531 1709 ταύτας
1551 1647 1610 1700 δὲ
1628 1654 1885 1717 καθῆκαν

213 1725 361 1796 παρὰ
381 1726 484 1797 τὴν
503 1726 680 1798 ῥάχιν,
713 1728 804 1780 καὶ
832 1722 929 1780 τὸν
953 1725 1185 1795 γόνιμον
1222 1723 1424 1796 μεταξὺ
1455 1727 1717 1798 λαβόντες
1750 1749 1886 1798 μυε-

214 1809 333 1877 λόν,
373 1813 464 1863 ἵνα
503 1803 664 1872 οὗτός
693 1830 749 1863 τε
778 1807 808 1862 ὅ
845 1830 895 1862 τι
932 1806 1164 1877 μάλιστα
1207 1806 1434 1876 θάλλοι,
1473 1811 1564 1863 καὶ
1596 1809 1682 1863 ἐπὶ
1718 1803 1886 1864 τᾶλλα

214 1890 413 1960 εὔρους
443 1894 705 1946 ἐντεῦθεν
735 1888 827 1943 ἅτε
854 1891 937 1944 ἐπὶ
967 1888 1226 1953 κάταντες
1255 1886 1287 1960 ἡ
1318 1890 1558 1958 ἐπίχυσις
1593 1895 1886 1960 γιγνομένη

213 1975 436 2044 παρέχοι
473 1971 574 2043 τὴν
612 1970 840 2042 ὑδρείαν
873 1968 1098 2041 ὁμαλήν.
1139 1971 1271 2040 μετὰ
1311 1970 1370 2026 δὲ
1403 1978 1574 2026 ταῦτα
1608 1977 1886 2041 σχίσαντες

151 2068 184 2107 Ε
215 2056 338 2124 περὶ
357 2051 459 2123 τὴν
479 2053 727 2123 κεφαλὴν
757 2053 852 2117 τὰς
886 2057 1091 2124 φλέβας
1119 2054 1210 2107 καὶ
1243 2051 1314 2106 δι’
1348 2051 1600 2122 ἀλλήλων
1636 2055 1885 2117 ἐναντίας

215 2137 503 2199 πλέξαντες
523 2139 746 2203 διεϊσαν,
784 2133 881 2197 τὰς
904 2135 1004 2203 μὲν
1029 2137 1089 2189 ἐκ
1115 2140 1227 2188 τῶν
1254 2137 1445 2197 δεξιῶν
1481 2134 1566 2187 ἐπὶ
1595 2129 1883 2204 τάριστερὰ

213 2223 315 2269 τοῦ
335 2215 610 2286 σώματος,
631 2215 727 2280 τὰς
746 2213 800 2269 δ’
824 2217 882 2269 ἐκ
901 2219 1012 2268 τῶν
1043 2211 1345 2283 ἀριστερῶν
1375 2214 1459 2267 ἐπὶ
1487 2213 1553 2267 τὰ
1585 2212 1730 2277 δεξιὰ
1767 2220 1886 2269 κλί-

214 2318 424 2366 ναντες,
462 2296 610 2361 ὅπως
640 2294 836 2366 δεσμὸς
865 2294 978 2364 ἅμα
1006 2301 1074 2365 τῇ
1106 2299 1319 2366 κεφαλῇ
1350 2292 1487 2365 πρὸς
1521 2293 1582 2350 τὸ
1610 2301 1766 2366 σῶμα
1803 2302 1884 2365 εἴη

213 2378 347 2446 μετὰ
365 2383 467 2431 τοῦ
497 2380 777 2447 δέρματος,
817 2374 1000 2444 ἐπειδὴ
1032 2374 1251 2446 νεύροις
1288 2372 1390 2430 οὐκ
1421 2368 1493 2445 ἧν
1529 2374 1715 2448 κύκλῳ
1747 2375 1884 2430 κατὰ

214 2459 471 2529 κορυφὴν
501 2460 944 2529 περιειλημμένη,
987 2459 1077 2513 καὶ
1107 2455 1173 2527 δὴ
1209 2458 1297 2511 καὶ
1338 2455 1398 2511 τὸ
1429 2461 1540 2511 τῶν
1567 2457 1884 2526 αἰσθήσεων

214 2542 394 2605 πάθος
414 2540 492 2596 ἵν’
515 2539 615 2612 ἀφ’
638 2543 910 2612 ἑκατέρων
928 2546 1042 2597 τῶν
1060 2547 1244 2612 μερῶν
1272 2545 1345 2605 εἰς
1364 2538 1512 2594 ἅπαν
1533 2538 1593 2595 τὸ
1629 2546 1784 2611 σῶμα
1797 2548 1884 2609 ,εἴη

215 2624 614 2693 διαδιδόμενον.
650 2622 711 2678 τὸ
734 2623 783 2679 δ’
808 2628 1072 2680 ἐντεῦθεν
1089 2623 1193 2695 ἤδη
1214 2621 1317 2693 τὴν
1345 2621 1695 2693 ὑδραγωγίαν
1717 2641 1876 2690 παρε-

135 2726 191 2771 73
222 2703 500 2760 σκεύασαν
525 2709 707 2777 τρόπῳ
728 2707 833 2762 τινὶ
859 2710 1068 2780 τοιῷδε,
1106 2703 1172 2761 ὃν
1201 2705 1557 2775 κατοψόμεθα
1584 2706 1720 2776 ῥᾷον
1747 2722 1881 2773 προ-

213 2786 735 2858 διομολογησάμενοι
754 2787 813 2842 τὸ
837 2787 1068 2857 τοιόνδε,
1107 2785 1190 2842 ὅτι
1211 2787 1407 2854 πάντα,
1447 2784 1551 2839 ὅσα
1583 2786 1635 2848 ἐξ
1661 2783 1855 2838 ἐλαττό
