1962 3236
110 123 179 173 36
713 125 1186 174 ΠΛΑΤΩΝΟΣ

251 260 312 312 11.
354 256 521 327 Οἶδα,
550 250 624 327 ἦν
645 253 700 311 δ’
721 256 855 326 ἐγώ,
887 254 970 311 ὅτι
989 259 1143 311 δοκεῖ
1168 253 1342 325 οὕτω,
1367 259 1459 312 καὶ
1487 257 1655 313 πάλαι
1675 255 1782 315 ὑπο

114 339 488 409 Θρασυμάχου
508 335 582 403 ὥς
600 343 858 393 τοιοῦτον
877 334 946 392 ὂν
977 340 1227 407 ψέγεται·
1266 334 1390 393 ἀλλ’
1424 338 1534 408 ἔχω’
1565 360 1670 410 τις,
1714 337 1787 406 ὥς

44 429 77 470 Β
110 422 277 487 ἔοικε,
300 419 606 490 δυσμαθής.
636 417 746 473 Ἴθι
766 417 851 488 δή,
874 421 978 488 ἔφη
994 461 1006 484 ,
1030 416 1276 473 ἄκουσον
1289 421 1379 474 καὶ
1399 421 1563 489 ἐμοῦ,
1585 420 1681 475 ἐάν
1698 436 1787 477 σοι

109 498 282 555 ταύτὰ
313 504 466 573 δοκῇ.
521 499 885 570 Θρασύμαχος
910 499 1018 569 γάρ
1037 521 1129 569 μοι
1149 506 1403 570 φαίνεται
1422 505 1786 573 πρωιαίτερον

109 585 212 636 τοῦ
255 584 475 645 δέοντος
510 578 621 635 ὑπὸ
663 586 767 634 σοῦ
803 577 987 648 ὥσπερ
1029 578 1158 651 ὄφις
1191 587 1533 653 κηληθῆναι,
1572 583 1690 653 ἐμοὶ
1725 582 1785 639 δὲ

108 660 266 716 οὔπω
295 659 434 716 κατὰ
464 667 606 715 νοῦν
628 657 662 731 ἡ
692 657 967 726 ἀπόδειξις
983 665 1178 731 γέγονε
1197 663 1322 733 περὶ
1341 663 1627 732 ἑκατέρου·
1667 667 1786 720 ἐπι-

108 748 277 813 θυμοῖ
294 740 401 812 γὰρ
423 740 686 811 ἀκοῦσαι,
708 747 765 797 τί
778 738 830 795 τ’
854 746 1001 797 ἔστιν
1025 741 1286 814 ἑκάτερον
1304 745 1394 800 καὶ
1412 749 1533 800 τίνα
1555 749 1662 816 ἔχει
1683 744 1786 801 δύ-

106 845 274 894 ναμιν
293 820 428 878 αὐτὸ
451 821 590 879 καθ’
611 820 746 878 αὐτὸ
779 821 990 892 ένὸνῖέν
1018 830 1086 894 τῇ
1106 831 1280 897 ψυχῇ,
1319 825 1450 889 τούς
1466 825 1524 880 δὲ
1543 824 1784 896 μισθούς

106 907 196 961 καὶ
223 903 290 960 τὰ
321 905 621 976 γιγνόμενα
652 902 750 959 ἀπ’
773 901 960 959 αὐτῶν
981 907 1136 960 ἐᾶσαι
1150 911 1376 975 χαίρειν.
1438 903 1639 961 οὑτωσὶ
1679 900 1786 962 οὖν

106 986 346 1059 ποιήσω,
386 987 486 1042 ἐὰν
515 988 607 1042 καὶ
639 989 726 1041 σοὶ
758 989 921 1057 δοκῇ·
961 986 1414 1058 ἐπανανεώσομαι
1436 987 1537 1044 τὸν
1560 994 1785 1058 Θρασυ-

42 1085 74 1128 C
105 1070 284 1141 μάχου
315 1068 513 1139 λόγον,
552 1069 645 1125 καὶ
665 1074 888 1138 πρῶτον
907 1071 1008 1140 μὲν
1034 1070 1145 1139 ἐρῶ
1174 1070 1537 1141 δικαιοσύνην
1568 1067 1689 1127 οἷον
1707 1069 1786 1126 εἶ-

108 1157 205 1207 ναί
237 1168 374 1221 φασι
408 1154 504 1206 ,καὶ
541 1150 680 1207 ὅθεν
716 1153 1028 1221 γεγονέναι·
1091 1150 1353 1218 δεύτερον
1388 1150 1448 1208 δὲ
1470 1151 1555 1208 ὅτι
1586 1152 1788 1219 πάντες

109 1233 244 1291 αὐτὰ
288 1238 345 1290 οί
369 1235 783 1306 ἐπιτηδεύοντες
809 1233 1037 1300 ἄκοντες
1068 1235 1490 1307 ἐπιτηδεύουσιν
1510 1233 1582 1301 ὥς
1610 1235 1786 1306 ἀναγ-

106 1328 264 1372 καῖον
292 1312 417 1371 ἀλλ’
457 1313 559 1387 οὐχ
597 1313 668 1381 ὥς
693 1313 941 1386 ἀγαθόν·
978 1321 1165 1386 τρίτον
1192 1315 1251 1372 δὲ
1280 1314 1366 1371 ὅτι
1399 1317 1620 1382 εἰκότως
1649 1315 1784 1373 αὐτὸ

107 1402 304 1470 δρῶσι·
345 1394 489 1453 πολὺ
518 1395 626 1469 γὰρ
661 1395 903 1468 ἀμείνων
932 1396 1041 1468 ἄρα
1072 1396 1101 1453 ὁ
1122 1404 1228 1453 τοῦ
1247 1394 1499 1469 ἀδίκουῆ
1529 1395 1681 1454 ὁτοῦ
1699 1402 1786 1453 δι-

105 1485 267 1535 καίου
287 1483 434 1550 βίος,
459 1475 532 1544 ὥς
550 1482 822 1549 λέγουσιν.
864 1482 978 1535 ἐπεὶ
999 1483 1206 1551 ἔμοιγε,
1241 1474 1285 1535 ὦ
1304 1479 1629 1550 Σώκρατες,
1662 1479 1785 1535 οὔτι

106 1566 261 1617 δοκεῖ
292 1559 490 1626 οὕτως·
546 1559 739 1631 ἀποροῖ
775 1563 962 1632 μέντοι
1001 1564 1501 1634 διατεθρυλημένος
1537 1560 1602 1617 τά
1651 1555 1780 1632 ὦτα,

103 1641 326 1699 ἀκούων
347 1643 720 1715 Θρασυμάχου
736 1645 826 1700 καὶ
846 1650 1062 1715 μυρίων
1083 1645 1295 1716 ἄλλων,
1329 1642 1428 1699 τὸν
1448 1643 1507 1699 δὲ
1526 1641 1666 1713 ὑπὲρ
1688 1651 1784 1714 τῆς

40 1735 75 1776 D
107 1726 461 1798 δικαιοσύνης
482 1726 668 1797 λόγον,
694 1724 766 1790 ὥς
785 1726 1012 1797 ἄμεινον
1033 1725 1265 1796 ἀδικίας,
1289 1725 1519 1791 οὐδενός
1535 1746 1621 1780 πω
1642 1723 1783 1797 ἀκή-

102 1828 204 1864 κοα
227 1804 300 1871 ὥς
318 1808 614 1878 βούλομαι·
657 1809 926 1878 βούλομαι
947 1810 1004 1862 δὲ
1027 1805 1160 1863 αὐτὸ
1184 1806 1318 1863 καθ’
1343 1805 1478 1862 αὑτό
1509 1809 1783 1877 ἐγκωμια-

102 1887 334 1959 ζόμενον
357 1887 619 1945 ἀκοῦσαι..
647 1889 882 1960 μάλιστα
904 1888 960 1944 δ’
980 1889 1128 1960 οἶμαι
1148 1886 1220 1945 ἀν
1238 1896 1345 1945 σοῦ
1363 1893 1672 1945 πυθέσθαι·
1697 1890 1782 1944 διὸ

101 1975 421 2035 κατατείνας
440 1973 549 2038 ἐρῶ
568 1970 669 2026 τ’ὀν
688 1971 884 2027 ἄδικον
903 1976 1028 2043 βίον
1046 1975 1315 2041 ἐπαινῶν,
1338 1969 1507 2025 εἰπών
1529 1973 1588 2025 δὲ
1608 1973 1785 2025 ἐνδεί-

101 2053 261 2122 ξομαί
276 2068 381 2123 σοι,
397 2049 463 2107 ὃν
475 2051 686 2123 τρόπον
699 2045 774 2106 αὖ
784 2051 1058 2123 βούλομαι
1080 2055 1168 2106 καὶ
1190 2056 1294 2106 σοῦ
1316 2049 1542 2106 ἀκούειν
1562 2049 1784 2107 ἀδικίαν

99 2133 202 2201 μὲν
221 2133 517 2203 ψέγοντος,
549 2132 910 2203 δικαιοσύνην
941 2131 1000 2187 δὲ
1019 2135 1393 2197 ἐπαινοῦντος.
1425 2130 1544 2188 ἀλλ’
1569 2131 1703 2203 ὅρα,
1735 2141 1791 2189 εἴ

100 2229 188 2269 σοι
227 2219 550 2289 βουλομένῳ
599 2213 634 2269 ὁὶ
670 2218 826 2286 λέγω.
895 2214 1136 2270 Πάντων
1163 2216 1422 2286 μάλιστα,
1459 2208 1531 2285 ἦν
1565 2213 1617 2269 δ’
1650 2215 1781 2287 ἐγώ·

43 2309 77 2349 Ε
105 2298 230 2366 περὶ
261 2295 367 2368 γὰρ
397 2302 544 2362 τίνος
573 2292 645 2351 ἀν
676 2303 886 2367 μᾶλλον
907 2297 1167 2362 πολλάκις
1188 2319 1272 2362 τις
1283 2303 1426 2352 νοῦν
1445 2300 1584 2367 ἔχων
1602 2303 1782 2368 χαίροι

103 2379 280 2448 λέγων
300 2381 390 2434 καὶ
411 2376 668 2446 ἀκούων;
708 2378 1017 2449 Κάλλιστα,
1054 2384 1188 2450 ἔφη,
1228 2381 1423 2448 λέγεις·
1463 2380 1553 2434 καὶ
1573 2375 1607 2433 ὃ
1627 2385 1782 2445 πρω-

101 2481 201 2515 τον
220 2464 363 2531 ἔφην
394 2462 564 2532 ε’ρεῖν,
599 2463 722 2530 περὶ
751 2460 954 2515 τούτου
974 2461 1174 2529 ἄκουε,
1206 2465 1263 2516 τί
1288 2455 1410 2515 οἷόν
1438 2481 1496 2515 τε
1520 2462 1611 2515 καὶ
1640 2458 1780 2515 ὅθεν

99 2544 291 2611 γέγονε
312 2543 655 2614 δικαιοσύνη.
678 2545 984 2613 πεφυκέναι
1001 2541 1109 2614 γὰρ
1130 2541 1198 2613 δή
1220 2557 1356 2612 φασι
1374 2540 1434 2596 τό
1456 2544 1557 2612 μὲν
1570 2540 1781 2597 ἀδικεῖν

99 2619 344 2691 ἀγαθόν,
382 2620 444 2679 τὸ
478 2623 538 2680 δὲ
566 2621 879 2680 ἀδικεῖσθαι
907 2623 1110 2696 κακόν,
1144 2628 1334 2679 πλέονι
1354 2624 1413 2679 δὲ
1438 2630 1590 2697 κακῷ
1609 2624 1783 2691 ὑπερ-

100 2701 323 2773 βάλλειν
353 2704 414 2758 τὸ
442 2703 757 2762 ἀδικεῖσθαι
775 2704 812 2778 ἦ
837 2705 1036 2780 ἀγαθῷ
1054 2704 1115 2763 τὸ
1137 2706 1377 2775 ἀδικεῖν,
1400 2703 1529 2760 ὥστ’
1554 2703 1778 2759 ἐπειδὰν

98 2782 370 2855 ἀλλήλους
389 2782 623 2842 ἀδικῶσί
629 2810 686 2843 τε
700 2790 789 2844 καὶ
805 2786 1102 2844 ἀδικῶνται
1115 2790 1205 2844 καὶ
1219 2787 1547 2859 ἀμφοτέρων
1565 2785 1779 2857 γεύων-
