1962 3236
132 197 200 249 38
398 235 401 237 ,
727 196 1203 245 ΠΛΑΤΩΝΟΣ
1259 163 1261 176 ²

135 338 361 400 νεσθαι,
391 333 550 400 μείζω
569 324 605 399 ἢ
625 326 745 384 κατ’
766 327 1098 400 ἄνθρωπον,
1131 333 1333 384 τοῦτον
1354 330 1414 385 δὲ
1432 327 1566 385 ἄλλο
1585 332 1687 400 μὲν
1707 329 1808 389 οὐ-

73 421 107 461 Ε
136 413 258 482 δέν,
291 414 414 482 περὶ
449 410 507 467 δὲ
526 417 594 483 τῇ
610 412 748 482 χειρὶ
766 416 1013 482 χρυσοῦν
1038 408 1335 466 δακτύλιον
1350 452 1366 481 ,
1398 408 1468 467 ὃν
1486 410 1807 483 περιελόμε-

135 517 238 552 νον
269 496 509 566 ἐκβῆναι.
559 492 834 562 συλλόγου
866 494 925 546 δὲ
952 493 1255 563 γενομένου
1283 502 1396 557 τοῖς
1413 496 1663 564 ποιμέσιν
1684 496 1808 548 εἰω-

135 575 306 641 θότος
319 617 334 645 ,
364 572 439 630 ἵν’
466 577 837 644 ἐξαγγέλλοιεν
854 571 992 628 κατὰ
1011 579 1159 644 μῆνα
1182 579 1260 647 τῷ
1280 579 1498 645 βασιλεῖ
1510 573 1577 630 τά
1599 571 1808 646 περὶτὰ

135 661 390 728 ποίμνια,
429 653 731 726 ἀφικέσθαι
769 656 863 710 καὶ
893 656 1105 710 ἐκεῖνον
1144 657 1336 725 ἔχοντα
1364 654 1464 710 τὸν
1495 655 1806 710 δακτύλιον.

135 737 461 808 καθήμενον
495 730 603 791 οὖν
628 733 763 806 μετὰ
795 740 907 790 τῶν
943 733 1128 790 ἄλλων
1157 746 1340 805 τυχεῖν
1361 736 1464 806 τὴν
1493 734 1810 834 σφενδόνην

135 825 238 874 τοῦ
257 820 555 873 δακτυλίου
575 815 978 887 περιαγαγόντα
1007 813 1145 887 πρὸς
1164 815 1364 871 ἑαυτὸν
1391 821 1468 882 εἰς
1485 818 1546 872 τὸ
1569 825 1696 872 εἴσω
1716 823 1811 887 τῆς

23 911 109 958 360
133 899 338 981 χειρός·
386 898 590 954 τούτου
611 898 669 954 δὲ
690 898 993 967 γενομένου
1012 895 1202 966 ἀφανῆ
1222 893 1396 952 αὐτόν
1413 899 1678 966 γενέσθαι
1697 909 1810 961 τοῖς

139 979 650 1052 παρακαθημένοις,
671 981 764 1034 καὶ
781 981 1132 1047 διαλέγεσθαι
1152 975 1224 1042 ὡς
1244 980 1369 1049 περὶ
1387 980 1690 1049 οἰχομένου.
1720 981 1812 1034 καὶ

138 1062 238 1118 τὸν
255 1061 563 1132 θαυμάζειν
581 1082 639 1116 τε
658 1061 748 1115 καὶ
768 1058 934 1114 πάλιν
954 1061 1384 1130 ἐπιψηλαφωντα
1402 1059 1500 1115 τὸν
1514 1059 1812 1116 δακτύλιον

140 1146 369 1215 στρέψαι
387 1145 488 1209 ἔξω
507 1138 611 1212 τὴν
629 1139 946 1212 σφενδόνην
958 1182 974 1210 ,
1005 1142 1096 1196 καὶ
1115 1143 1425 1211 στρέψαντα
1451 1139 1702 1214 φανερὰν
1718 1163 1812 1212 γε-

138 1227 351 1280 νέσθαι.
400 1225 492 1279 καὶ
510 1229 675 1279 τοῦτο
697 1220 1035 1292 ἐννοήσαντα
1055 1218 1467 1293 ἀποπειρᾶσθαι
1484 1230 1587 1277 τοῦ
1607 1227 1810 1279 δακτυ-

138 1310 288 1377 λίου,
311 1309 361 1361 εἰ
375 1305 585 1376 ταύτην
603 1307 714 1374 ἔχοι
733 1301 834 1373 τὴν
854 1303 1110 1374 δύναμιν,
1132 1304 1223 1359 καὶ
1242 1301 1392 1377 αύτῷ
1413 1302 1559 1360 οὕτω
1580 1307 1811 1375 ξυμβαί-

72 1398 73 1401 ’
137 1407 284 1457 νειν,
324 1389 619 1459 στρέφοντι
645 1384 747 1456 μὲν
777 1392 906 1439 εἴσω
940 1382 1042 1455 τὴν
1071 1383 1387 1456 σφενδόνην
1418 1382 1604 1458 ἀδήλῳ
1624 1390 1811 1455 γίγνε-

138 1477 300 1539 σθαι,
322 1472 421 1534 ἔξω
450 1467 509 1523 δὲ
529 1465 692 1540 δήλῳ.
744 1466 1084 1537 αἰσθόμενον
1115 1467 1174 1522 δὲ
1202 1466 1379 1532 εὐθὺς
1406 1465 1813 1538 διαπράξασθαι

136 1557 250 1605 τῶν
267 1547 518 1620 ἀγγέλων
535 1551 798 1619 γενέσθαι
815 1555 929 1604 τῶν
946 1550 1095 1620 παρὰ
1107 1549 1206 1605 τὸν
1219 1551 1447 1621 βασιλέα
1460 1568 1471 1580 ·
1493 1547 1731 1605 ἐλθόντα
1752 1548 1811 1604 δὲ

135 1632 228 1687 καὶ
254 1629 357 1703 τὴν
374 1641 612 1702 γυναῖκα
631 1629 805 1686 αὐτοῦ
822 1630 1213 1702 μοιχεύσαντα,
1251 1632 1371 1703 μετ’
1394 1636 1603 1702 ἐκείνης
1622 1633 1811 1686 ἐπιθέ-

72 1731 107 1772 Β
136 1733 308 1784 μενον
340 1717 419 1786 τῷ
455 1717 671 1784 βασιλεῖ
705 1709 1019 1768 ἀποκτεῖναι
1046 1714 1136 1768 καὶ
1167 1711 1270 1784 τὴν
1300 1710 1475 1784 ἀρχὴν
1506 1723 1809 1784 κατασχεῖν.

137 1799 188 1850 εἰ
215 1787 323 1850 οὖν
353 1795 457 1850 δύο
488 1794 720 1850 τοιούτω
751 1799 1025 1850 δακτυλίω
1058 1799 1388 1866 γενοίσθην,
1429 1796 1521 1851 καὶ
1546 1793 1763 1866 τὸνμὲν
1781 1792 1810 1852 ὁ

137 1880 348 1941 δίκαιος
366 1884 674 1947 περιθεῖτο,
695 1876 793 1932 τὸν
814 1879 872 1932 δὲ
892 1873 920 1931 ὁ
944 1873 1133 1942 ἄδικος
1148 1918 1164 1947 ,
1187 1875 1371 1942 οὐδεὶς
1388 1872 1462 1932 οἲν
1485 1882 1717 1947 γένοιτο,
1739 1874 1812 1942 οἷς

136 1958 371 2027 δόξειεν,
393 1956 569 2023 οὕτως
590 1955 960 2029 ἀδαμάντινος
973 2001 987 2028 ,
1008 1955 1068 2024 ὃς
1089 1955 1161 2014 ἂν
1179 1963 1416 2030 μείνειεν
1433 1961 1495 2014 έν
1514 1965 1583 2030 τῇ
1602 1962 1812 2014 δικαιο-

137 2037 282 2110 σύνῃ
317 2041 409 2093 καὶ
439 2038 762 2109 τολμήσειεν
793 2039 1092 2110 ἀπέχεσθαι
1124 2046 1237 2095 τῶν
1270 2040 1572 2110 ἀλλοτρίων
1605 2045 1696 2094 καὶ
1735 2037 1807 2110 μὴ

137 2117 440 2190 ἅπτεσθαι,
481 2118 605 2184 ἐξὸν
627 2117 782 2192 αὐτῷ
806 2121 898 2176 καὶ
923 2123 980 2175 ἐκ
1003 2125 1099 2191 τῆς
1119 2119 1326 2192 ἀγορᾶς
1347 2119 1522 2185 ἀδεῶς
1550 2117 1584 2175 δ’
1601 2141 1652 2175 τι
1667 2119 1809 2191 βού-

48 2205 52 2208 ’
73 2213 105 2255 c
133 2205 280 2254 λοιτο
300 2199 607 2274 λαμβάνειν
619 2241 635 2269 ,
655 2203 747 2256 καὶ
767 2202 990 2258 εἰσιόντι
1009 2206 1083 2267 εἰς
1102 2199 1201 2267 τάς
1218 2206 1392 2267 οἰκίας
1412 2205 1812 2272 συγγίγνεσθαι
1887 2250 1890 2252 ,

136 2278 244 2352 ὅτῳ
266 2278 539 2352 βούλοιτο,
559 2282 651 2336 καὶ
672 2279 1072 2338 ἀποκτιννύναι
1090 2283 1182 2338 καὶ
1199 2284 1259 2338 ἐκ
1279 2286 1498 2352 δεσμῶν
1509 2282 1666 2337 λύειν
1676 2279 1807 2346 οὕς-

134 2381 286 2425 τινας
323 2360 610 2433 βούλοιτο,
650 2363 742 2418 καὶ
769 2356 941 2419 τάλλα
966 2363 1227 2433 πράττειν
1255 2365 1316 2418 ἐν
1346 2373 1459 2426 τοῖς
1489 2359 1811 2431 ἀνθρώποις

136 2442 365 2498 ἰσόθεον
383 2440 533 2498 ὄντα.
575 2441 724 2499 οὕτω
745 2446 804 2500 δὲ
826 2448 977 2515 δριὸν
997 2443 1165 2500 οὐδὲν
1183 2440 1254 2499 ἀν
1274 2442 1548 2514 διάφορον
1569 2449 1673 2498 τοῦ
1692 2444 1807 2497 ἑτέ-

136 2545 241 2591 ρου
260 2533 433 2593 ποιοῖ,
463 2521 587 2579 ἀλλ’
617 2525 704 2580 ἐπὶ
723 2523 929 2581 ταύτὸν
948 2533 1085 2582 ἴοιεν
1105 2522 1424 2596 ἀμφότεροι.
1464 2528 1640 2580 καίτοι
1667 2526 1805 2594 μέγα

133 2610 299 2659 τοῦτο
315 2605 611 2676 τεκμήριον
630 2601 702 2662 ὄὶν
722 2612 856 2679 φαίη
876 2629 971 2678 τις,
993 2606 1078 2663 ότι
1097 2605 1326 2672 οὐδεὶς”“
1298 2629 1441 2663 εκων
1461 2610 1670 2670 δίκαιος
1690 2602 1808 2660 ἀλλ’

133 2683 597 2758 ἀναγκαζόμενος,
628 2684 701 2752 ὥς
720 2685 824 2744 οὐκ
848 2686 1073 2759 ἀγαθοῦ
1091 2687 1246 2761 ἰδία’
1225 2687 1410 2757 όντος,
1440 2689 1552 2742 ε’πεὶ
1578 2683 1721 2741 ὅπου
1751 2681 1807 2754 γ’

133 2760 204 2819 ἂν
223 2772 400 2836 οἴηται
421 2766 646 2832 ἕκαστος
667 2763 783 2833 οἶός
798 2790 856 2823 τε
875 2772 1101 2825 ἔσεσθαι
1122 2743 1361 2838 ἀδικεῖν,
1384 2767 1609 2822 ἀδικεῖν.
1648 2771 1809 2820 λυσι-

67 2868 103 2909 1)
132 2853 307 2902 τελεῖν
325 2843 432 2919 γὰρ
454 2845 519 2916 δὴ
554 2855 723 2903 οἴεται
750 2868 857 2913 πας
877 2847 1018 2920 ἀνὴρ
1039 2849 1182 2905 πολὺ
1202 2855 1414 2919 μᾶλλον
1429 2850 1541 2919 ἰδία
1559 2843 1662 2915 τὴν
1683 2842 1807 2900 ἀδι-
