1962 3236
567 147 1056 217 ’ΠΟΛΙΤΕΙΛΣ
1095 155 1148 222 ξ.
1594 158 1699 213 223

47 298 187 356 ὐτον
206 295 273 369 δὴ
295 319 395 353 τον
411 296 588 367 νόμον
608 305 796 367 ἴωμεν,
826 298 919 353 καὶ
946 298 1257 368 διέλθωμεν
1285 293 1481 367 οὕτως,
1514 293 1698 365 ὥσπερ

47 380 77 437 6
97 385 395 451 προοίμιον
415 379 736 450 διήλθομεν.
764 382 889 450 λέγε
917 372 1041 448 οὖν,
1071 383 1152 444 τίς
1181 377 1212 435 ὁ
1242 376 1446 450 τρόπος
1469 384 1568 449 τῆς
1597 382 1699 434 τοῦ

47 465 364 533 ιαλέγεσθαι
387 460 693 531 δυνάμεως,
724 461 815 516 καὶ
844 458 983 516 κατὰ
1016 471 1146 516 ποῖα
1178 458 1245 531 δὴ
1283 463 1400 532 εἴδη
1434 462 1699 533 διέστηκε,
1729 467 1762 509 Ε

48 546 102 599 αὶ
132 550 275 608 τίνες
304 536 380 598 αὖ
408 540 542 598 ὁδοί.
577 536 740 596 αὗται
764 539 873 611 γὰρ
903 538 976 596 ἂν
1002 540 1127 613 ἤδη,
1160 538 1232 606 ὥς
1258 545 1454 612 ἔοικεν,
1476 545 1537 597 αἱ
1565 538 1704 614 πρὸς

16 623 152 681 αὐτὸ
173 624 411 695 άγουσαι
429 622 556 691 εἷεν,
589 617 645 678 οἷ
669 619 988 694 ἀφικομένῳ
1022 621 1207 693 ὥσπερ
1239 620 1703 679 ὁδοῦάνάπαυλα

16 703 88 762 ἂν
106 715 189 778 εἴη
208 708 299 762 καὶ
317 708 469 771 τέλος
486 709 584 776 τῆς
612 708 850 774 πορείας.
903 701 1126 772 Οὐκέτ’,
1155 698 1230 775 ἦν
1259 703 1310 759 δ’
1343 703 1468 776 ἐγώ,
1501 699 1544 760 ὦ
1575 710 1702 775 φίλε

14 788 303 857 Γλαύκων,
325 782 442 852 οἷός
459 784 511 841 τ’
542 789 653 841 ἔσει
670 783 1036 842 ἀκολουθεῖν·
1076 788 1190 841 ἐπεὶ
1209 785 1273 840 τό
1293 786 1348 856 γ’
1369 786 1503 857 ἐμὸν
1533 785 1700 842 οὐδὲν
1729 795 1818 840 533

14 867 87 925 ἄν
107 874 424 940 προθυμίας
451 866 735 924 ἀπολίποι·
783 865 907 923 οὐδ’
946 871 1132 924 εἰκόνα
1163 865 1234 923 ἂν
1262 871 1339 923 ἔτι
1369 861 1439 922 οὗ
1466 871 1701 940 λέγομεν

16 956 170 1020 ἴδοις,
198 949 319 1047 ἀλλ’
360 947 495 1006 αὐτὸ
529 947 590 1005 τὸ
624 946 847 1021 ἀληθές,
881 949 913 1005 ὅ
942 972 1004 1020 γε
1035 950 1103 1021 δή
1132 971 1226 1021 μοι
1258 954 1525 1020 φαίνεται.
1566 955 1617 1006 εἰ
1641 948 1699 1006 δ’

13 1033 189 1098 ὄντως
208 1029 244 1104 ἦ
262 1032 355 1103 μή,
377 1032 540 1088 οὐκέτ
547 1029 736 1098 ’ἄξιον
765 1036 929 1087 τοῦτο
964 1035 1419 1102 διισχυρίζεσθαι·
1459 1030 1582 1088 ἀλλ’
1615 1031 1702 1089 ὅτι

21 1119 124 1186 μὲν
155 1115 220 1185 δὴ
259 1113 516 1169 τοιοῦτόν
550 1136 602 1169 τι
638 1118 791 1183 ἰδεῖν,
825 1117 1183 1183 ἰσχυριστέον.
1222 1116 1256 1185 ἠ
1289 1112 1422 1213 γάρ;
1470 1120 1541 1170 Τί
1567 1115 1704 1186 μήν;

25 1194 254 1253 Οὐκοῦν
272 1197 362 1251 καὶ
382 1195 465 1250 ὄτι
486 1219 517 1265 η
537 1201 639 1250 τοῦ
671 1197 1022 1265 διαλέγεσθαι
1051 1194 1285 1267 δύναμις
1314 1197 1458 1267 μόνη
1490 1193 1562 1252 α“ν
1593 1196 1705 1268 φή-

21 1299 168 1333 νειεν
187 1280 425 1350 ἐμπείρῳ
445 1275 564 1332 ὅντι
588 1269 668 1332 ὦν
689 1283 797 1331 νῦν
818 1275 884 1348 δὴ
906 1276 1226 1348 διήλθομεν,
1249 1275 1388 1349 α’λλῃ
1408 1281 1467 1332 δὲ
1486 1277 1707 1349 οὐδαμῇ

21 1359 292 1441 δυνατόν;
339 1360 449 1413 Καὶ
483 1356 654 1427 τοῦτ’,
696 1362 819 1430 ἔφη,
859 1357 1014 1425 ἄξιον
1049 1362 1492 1430 διισχυρίζεσθαι.
1562 1358 1704 1415 Τόδε

18 1447 178 1513 γοῦν,
198 1435 271 1512 ἦν
290 1438 341 1496 δ’
363 1439 490 1511 ἐγώ,
519 1439 701 1506 οὐδεὶς
728 1439 860 1512 ἡμῖν
883 1439 1290 1513 ἀμφισβητήσει
1320 1443 1600 1512 λέγουσιν,
1631 1437 1704 1505 ὦς
1738 1451 1768 1490 Β

18 1522 196 1579 αὐτοῦ
214 1544 277 1592 γε
296 1522 532 1578 ἑκάστου
552 1525 691 1593 πέρι,
713 1519 743 1578 ὸ
735 1521 911 1579 ἔστιν
938 1523 1191 1594 ἕκαστον,
1224 1523 1362 1595 ἄλλη
1393 1546 1474 1588 τις
1503 1525 1703 1594 ἐπιχει-

18 1617 107 1676 ρεῖ
122 1608 363 1675 μέθοδος
380 1601 493 1677 ὁδῷ
515 1607 637 1675 περὶ
650 1604 854 1671 παντὸς
873 1606 1196 1678 λαμβάνειν,
1212 1603 1336 1662 ἀλλ’
1359 1609 1418 1662 αἱ
1433 1608 1534 1678 μὲν
1546 1606 1709 1661 ἄλλαι

18 1693 190 1742 πᾶσαι
207 1691 390 1758 τέχναι
407 1683 444 1759 ἢ
463 1685 601 1758 πρὸς
620 1687 782 1757 δόξας
801 1686 1125 1759 ἀνθρώπων
1144 1691 1235 1744 καὶ
1253 1690 1550 1759 ἐπιθυμίας
1572 1690 1710 1743 εἰσὶν

18 1765 55 1841 ἦ
77 1769 215 1838 πρὸς
238 1772 479 1841 γενέσεις
499 1793 556 1826 τε
585 1773 673 1826 καὶ
701 1774 994 1836 συνθέσεις
1024 1767 1062 1842 ἢ
1090 1770 1229 1841 πρὸς
1256 1777 1566 1841 θεραπείαν
1594 1775 1710 1826 τών

22 1857 323 1924 φυομένων
342 1874 398 1907 τε
417 1853 507 1908 καὶ
528 1854 945 1924 συντιθεμένων
965 1852 1173 1909 ἅπασαι
1191 1853 1526 1925 τετράφαται
1540 1875 1550 1885 ·
1573 1855 1634 1907 αἱ
1649 1853 1708 1908 δὲ

22 1940 229 2004 λοιπαί,
249 1932 313 1999 ἃς
342 1939 445 1990 τοῦ
475 1932 638 2000 ὄντος
657 1958 708 1990 τι
734 1941 944 2006 ἔφαμεν
971 1937 1464 2008 ἐπιλαμβάνεσθαι,
1494 1956 1707 2007 γεωμε-

18 2023 172 2086 τριάς
190 2038 247 2072 τε
266 2019 355 2072 καὶ
377 2014 472 2081 τὰς
487 2018 659 2089 ταύτῃ
677 2018 961 2089 ἑπομένας,
983 2016 1203 2089 ὁρῶμεν
1223 2015 1297 2083 ὡς
1316 2016 1707 2089 ὀνειρώττουσι
1739 2032 1770 2073 C

16 2100 126 2173 ’μὲν
155 2100 279 2169 περὶ
308 2098 370 2154 τὸ
402 2098 486 2167 ὅν,
510 2097 662 2170 ὕπαρ
693 2102 751 2155 δὲ
781 2097 1064 2156 ἀδύνατον
1091 2098 1282 2165 αὐταῖς
1314 2104 1470 2171 ἰδεῖν,
1506 2101 1608 2165 ἕως
1641 2095 1712 2155 ἂν

21 2179 329 2250 ὑποθέσεσι
347 2182 622 2252 χρώμεναι
643 2182 846 2247 ταύτας
867 2180 1164 2253 ἀκινήτους
1183 2185 1329 2251 έώσι,
1359 2180 1433 2253 μὴ
1467 2181 1711 2253 δυνάμε-

26 2269 116 2323 ‘tac
135 2262 308 2334 λόγον
326 2263 542 2319 διδόναι
559 2262 759 2321 αὐτῶν.
794 2258 836 2339 93
866 2265 972 2335 γὰρ
994 2262 1130 2336 ἀρχὴ
1161 2267 1263 2336 μὲν
1293 2262 1324 2320 ὃ
1353 2263 1426 2336 μὴ
1458 2264 1590 2333 οἶδε,
1621 2287 1711 2320 τε-

22 2346 191 2416 ’λευτὴ
214 2346 273 2402 δὲ
294 2348 383 2402 καὶ
413 2344 479 2402 τὰ
510 2346 711 2418 μεταξὺ
742 2350 795 2413 ἐξ
830 2339 900 2402 οὖ
929 2345 1001 2419 μὴ
1030 2345 1143 2403 οἶδε
1176 2350 1603 2419 συμπέπλεκται,
1632 2350 1713 2411 τίς

16 2426 239 2501 ,μηχανὴ
276 2427 377 2498 τὴν
408 2426 669 2499 τοιαύτην
699 2425 999 2500 ὁμολογίαν
1034 2432 1163 2485 ποτὲ
1212 2427 1516 2500 ἐπιστήμην
1554 2430 1713 2499 γενέ-

29 2517 191 2574 σθαι;
233 2506 496 2580 Οὐδεμία,
524 2502 561 2579 ἦ
590 2507 646 2563 δ’
678 2506 755 2574 ὅς.

23 2656 29 2662 .
169 2594 295 2646 xlv,
336 2590 584 2661 Οὐκοῦν,
605 2585 677 2663 ἦν
697 2590 748 2646 δ’
782 2590 953 2662 ἐγώ,
926 2614 961 2663 η
983 2590 1292 2662 διαλεκτικὴ
1311 2593 1551 2662 μέθοδος
1571 2588 1715 2665 μόνη

19 2674 202 2765 ταύτῃ
240 2675 551 2744 πορεύεται,
594 2675 691 2739 τὰς
719 2670 1015 2739 ὑποθέσεις
1051 2672 1376 2742 ἀναιροῦσα,
1415 2671 1501 2728 ἐπ’
1538 2666 1714 2741 αὐτὴν

22 2770 132 2827 την
152 2755 345 2828 ἀρχήν,
359 2760 450 2812 ἵνα
475 2757 859 2829 βεβαιώσηται,
874 2780 963 2813 και
982 2763 1061 2827 τῷ
1079 2755 1199 2812 ὄντι
1216 2756 1277 2810 έν
1295 2755 1554 2828 βορβόρω
1575 2757 1710 2825 βαρ·-
1744 2766 1778 2807 D

28 2842 240 2914 βαρικῷ
269 2842 376 2896 τινὶ
406 2838 466 2895 τό
497 2847 592 2911 τῆς
623 2846 798 2911 ψυχῆς
826 2838 974 2910 ὄμμα
1007 2838 1508 2909 κατορωρυγμένον
1538 2833 1714 2907 ἠρέμα
