1962 3236
157 162 262 213 420
699 160 1021 210 TIMALQ,
1056 160 1335 209 ΛΟΚΡῼ.
1759 170 1844 215 102

157 302 492 365 θεραπεῦεν,
513 298 567 360 ἐς
594 293 699 350 τάν
728 297 1027 364 κρατίσταν
1045 290 1317 364 ἁρμονίαν
1337 292 1535 363 ἅγοισα
1555 292 1652 359 τὰς
1672 297 1845 350 δυνά-

158 401 284 451 μιας
299 378 360 433 τό
381 399 437 433 τε
457 373 587 448 αἷμα
607 373 865 446 καθαρὸν
885 376 977 431 καὶ
1005 372 1066 430 τὸ
1098 379 1318 445 πνεῦμα
1338 375 1583 446 σύρροον
1603 374 1848 448 ἀπεργά-

159 466 318 530 ζεται,
331 459 403 515 ἵν’
430 463 480 514 εἰ
494 464 590 514 καί
602 480 655 513 τι
673 461 916 522 νοσῶδες
932 456 1277 527 ὑπογένοιτο,
1291 457 1494 525 κράτος
1503 454 1652 512 αὐτῶ
1669 462 1846 529 ἔχοιεν

158 543 465 616 ἐρρωμέναι
483 543 570 597 ταὶ
590 540 853 611 δυνάμιες
873 543 1098 610 αἵματος
1116 540 1209 594 καὶ
1227 542 1555 610 πνεύματος.

299 627 447 680 XVII.
490 621 730 678 Μωσικά
762 622 822 677 δὲ
843 623 934 676 καὶ
963 618 996 675 ἁ
1033 621 1235 685 ταύτας
1273 619 1496 692 ἁγεμὼν
1525 625 1845 691 φιλοσοφία,

100 729 134 770 Β
164 709 250 763 ἐπὶ
268 713 337 779 τᾷ
356 712 453 770 τᾶς
472 712 650 776 ψυχᾶς
668 704 1053 775 έπανορθώσει
1076 712 1360 774 ταχθεῖσαι
1378 702 1487 760 ὑπὸ
1507 710 1663 760 θεῶν
1680 726 1737 759 τε
1757 706 1848 758 καὶ

160 788 369 859 νόμων,
392 790 632 854 ἐθίζοντι
651 789 742 843 καὶ
766 792 1036 857 πείθοντι,
1057 785 1123 841 τοὶ
1146 787 1204 842 δὲ
1234 787 1324 841 καὶ
1359 785 1847 856 ποταναγκάζοντι,

158 872 220 927 τὸ
241 869 342 942 μὲν
363 871 571 940 ἄλογον
588 875 667 944 τῷ
686 876 929 945 λογισμῷ
951 874 1267 939 πείθεσθαι,
1285 870 1359 923 τώ
1382 867 1435 923 δ’
1459 867 1642 939 ἀλόγω
1658 866 1849 939 θυμὸν

159 955 262 1025 μὲν
291 959 474 1025 πρᾶον
506 951 672 1024 εἶμεν,
703 956 1009 1023 ἐπιθυμίαν
1039 952 1098 1007 δὲ
1128 954 1188 1006 ἐν
1216 948 1495 1022 ἀρεμήσει,
1522 948 1596 1014 ὥς
1621 950 1694 1021 μὴ
1729 954 1850 1020 δίχα

159 1035 307 1105 λόγω
328 1035 631 1104 κινέεσθαι,
654 1037 791 1105 μηδὲ
809 1032 922 1104 μάν
942 1032 1246 1105 ἀτρεμίζειν
1266 1039 1344 1087 τῶ
1368 1037 1451 1087 νώ
1470 1033 1847 1103 ἐκκαλεομένω

159 1113 195 1187 ’ἢ
232 1117 356 1171 ποτὶ
391 1119 525 1187 ἔργα
559 1112 596 1187 ἢ
622 1117 744 1171 ποτὶ
781 1113 1134 1179 ἀπολαύσιας.
1190 1108 1353 1180 οὗτος
1387 1114 1495 1186 γάρ
1533 1117 1681 1169 ἐστιν
1721 1111 1851 1183 ὅρος

162 1196 551 1267 σωφροσύνας,
575 1196 862 1253 εὐπείθεια
881 1218 939 1252 τε
967 1198 1059 1252 καὶ
1080 1201 1354 1268 καρτερία.
1394 1198 1484 1251 καὶ
1512 1195 1732 1260 σύνεσις
1759 1196 1850 1250 καὶ

163 1276 197 1332 ἁ
230 1284 532 1351 πρεσβίστα
563 1283 866 1349 φιλοσοφία
897 1277 1396 1347 ἀποκαθαράμεναι
1423 1277 1660 1343 ψευδέας
1690 1275 1851 1341 δόξας

104 1376 136 1419 c
166 1362 447 1432 ἐνέθηκαν
472 1359 578 1416 τάν
606 1360 930 1430 ἐπιστάμαν,
971 1357 1449 1428 άνακαλεσάμεναι
1485 1356 1587 1413 τὸν
1618 1355 1756 1412 νόον
1791 1361 1850 1412 ἐκ

163 1442 405 1512 μεγάλας
423 1446 520 1506 τοῖς
539 1439 784 1512 ἀγνοίας,
804 1440 1113 1511 χαλάσασαι
1131 1444 1184 1504 ἐς
1204 1438 1345 1505 ,ὄψιν
1372 1445 1485 1494 τῶν
1513 1442 1706 1508 θείων,
1739 1451 1853 1504 τοῖς

163 1528 506 1596 ἐνδιατρῖβεν
525 1523 633 1579 σὺν
653 1522 924 1597 αὐταρκία
941 1545 999 1578 τε
1029 1519 1493 1592 ποττάνθρεόπεια
1512 1521 1605 1576 καὶ
1631 1519 1738 1575 σὺν
1757 1517 1853 1576 εὐ-

165 1611 290 1679 ροίᾳ
310 1608 397 1662 ἐπὶ
423 1604 525 1661 τὸν
545 1605 861 1678 σύμμετρον
889 1610 992 1677 βίω
1021 1605 1226 1675 χρόνον
1246 1602 1516 1675 εὔδαιμόν
1543 1606 1704 1658 ἐστιν.
1741 1601 1850 1674 ὅτῳ

164 1687 264 1759 μὲν
290 1686 356 1758 δὴ
394 1684 423 1742 ὁ
461 1690 675 1758 δαίμων
710 1692 905 1759 μοίρας
940 1684 1101 1741 τοῖσδ’
1138 1690 1310 1756 ἔλαχε,
1351 1682 1423 1740 δι’
1465 1682 1852 1756 ἀληθεστάταν

162 1768 331 1835 δόξαν
357 1768 547 1839 ἄγεται
576 1770 663 1825 ἐπὶ
691 1768 791 1825 τὸν
812 1767 1309 1840 εὐδαιμονέστατον
1327 1772 1476 1839 βίον·
1516 1770 1567 1822 εἰ
1584 1769 1649 1822 δέ
1673 1767 1743 1822 κά
1772 1788 1848 1831 τις

162 1851 400 1923 σκλαρὸς
417 1852 509 1908 καὶ
528 1851 780 1923 ἀπειθής,
802 1858 881 1926 τςὸ
912 1850 967 1906 δ’
988 1852 1219 1913 ,ἑπέσθω
1250 1848 1474 1914 κόλασις
1503 1847 1538 1903 ἅ
1564 1847 1619 1903 τ’
1647 1850 1707 1904 ἐκ
1737 1854 1851 1903 τῶν

94 1945 130 1986 D
163 1933 355 2003 νόμων
373 1933 463 1989 καὶ
483 1931 518 1989 ἁ
527 1937 598 1989 ἐκ
616 1956 730 1989 των
753 1934 955 2005 λόγων,
983 1933 1226 1989 σύντονα
1254 1932 1519 2002 ἐπάγοισα
1550 1931 1774 2002 δείματά
1792 1951 1850 1985 τε

163 2013 468 2086 ἐπουράνια
487 2017 578 2071 καὶ
607 2038 675 2070 τα
697 2013 834 2071 καθ’
859 2013 1119 2084 ’Ἀιδεω,“’
1096 2014 1180 2070 ότι
1209 2013 1461 2077 κολάσιες
1491 2010 1850 2080 ἀπαραίτητοι

163 2094 485 2152 ἀπόκεινται
504 2101 834 2168 δυσδαίμοσι
853 2098 1147 2167 νερτέροις,
1170 2096 1261 2150 καὶ
1280 2088 1451 2149 τᾶλλα
1482 2091 1586 2148 ὅσα
1615 2086 1848 2147 ἐπαινέω

162 2179 262 2234 τὸν
287 2178 531 2235 Ἰωνικὸν
560 2177 797 2250 ποιητάν
816 2181 876 2234 ἐκ
904 2183 1138 2241 παλαιᾶς
1167 2195 1434 2231 ποιευντα
1461 2195 1568 2239 τως
1597 2176 1848 2243 ἐναγέας·

165 2257 237 2325 ὡς
267 2258 377 2332 γὰρ
409 2259 476 2315 τὰ
505 2261 730 2332 σώματα
758 2260 1036 2336 νοσώδεσί
1064 2279 1208 2315 ποκα
1238 2256 1543 2329 ὑγιάζομες,
1579 2263 1644 2312 αἶ’
1674 2277 1745 2311 κα
1775 2254 1848 2326 μὴ

163 2349 416 2415 εἴκῃτοῖς
436 2340 845 2414 ὑγιεινοτάτοις,
868 2341 1016 2398 οὕτω
1034 2341 1131 2406 τὰς
1158 2341 1336 2411 ψυχάς
1368 2340 1695 2409 ἀπείργομες
1712 2348 1852 2405 ψευ-

164 2426 281 2480 δέσι
319 2423 519 2496 λόγοις,
561 2433 614 2481 εἰ
648 2448 720 2482 κα
756 2424 828 2496 μὴ
868 2424 1064 2496 ἄγηται
1106 2421 1352 2479 ἀλαθέσι.
1379 2424 1646 2493 λέγοιντο
1687 2418 1743 2476 δ’
1780 2443 1854 2476 αν

163 2504 477 2576 ἀναγκαίως
519 2507 611 2562 καὶ
653 2512 907 2578 τιμωρίαι
946 2509 1112 2577 ξέναι,
1151 2528 1224 2570 ως
1266 2503 1713 2575 μετενδυομέναν
1747 2509 1852 2558 τοῖν

98 2601 133 2644 Ε
163 2592 350 2657 ψυχαν
377 2609 491 2644 των
518 2592 620 2660 μὲν
657 2593 854 2646 δειλων
884 2591 938 2654 ἐς
966 2589 1231 2659 γυναικέα
1261 2585 1468 2642 σκάνεα
1505 2582 1641 2641 ποθ’
1682 2583 1849 2656 ὕβριν

165 2670 508 2741 ἐκδιδόμενα,
535 2693 649 2727 των
678 2673 737 2728 δε
768 2670 1085 2743 μιαιφόνων
1122 2672 1176 2735 ἐς
1210 2674 1430 2741 θηρίων
1468 2668 1692 2739 σώματα
1725 2666 1849 2720 ποτὶ

164 2750 412 2823 κόλασιν,
439 2754 666 2823 λάγνων
687 2752 739 2809 δ’
762 2755 816 2818 ἐς
836 2759 991 2810 συῶν
1019 2751 1055 2824 ἢ
1084 2753 1315 2824 κάπρων
1346 2750 1583 2822 μορφάς,
1614 2748 1849 2818 κούφων

164 2833 223 2886 δὲ
260 2837 350 2888 καὶ
388 2835 683 2905 μετεώρων
721 2838 775 2900 ἐς
806 2841 1031 2909 πτηνῶν
1059 2833 1402 2905 ἀεροπόρων,
1444 2831 1633 2903 ἀργῶν
1669 2831 1728 2885 δὲ
1757 2832 1848 2884 καὶ
