1962 3236
142 0 170 5 vv
194 0 220 25 ).-
248 0 353 22 r-imv

0 0 72 105 -ΞΙ

117 147 176 194 37
763 137 1143 186 ΤΙΜΑΙΟΣ.
1693 135 1798 188 355

120 277 329 344 δηλοῦν
343 268 637 343 ἡγούμεθά
658 289 736 325 τι·
773 267 968 340 φεύγει
993 266 1101 339 γὰρ
1132 265 1236 339 οὐχ
1253 265 1537 339 ὑπομένον
1562 267 1667 339 τὴν
1695 275 1796 325 τοῦ

119 353 246 409 τόδε
274 354 366 408 καὶ
392 357 556 407 τοῦτο
588 351 683 406 καὶ
709 346 815 422 τὴν
837 350 978 422 τῷδε
1007 350 1099 404 καὶ
1134 355 1321 404 πᾶσαν
1357 347 1461 421 ὅση
1486 349 1692 421 μόνιμα
1722 346 1797 414 ὥς

120 433 256 490 ὄντα
279 430 421 488 αὐτοὶ
448 435 791 488 ἐνδείκνυται
809 428 991 500 φάσις.
1029 427 1167 485 ἀλλὰ
1186 436 1360 486 ταῦτα
1377 430 1480 502 μὲν
1500 431 1703 486 ἕκαστα
1720 427 1794 500 μὴ

119 517 315 583 λέγειν,
336 512 397 567 τὸ
422 514 484 568 δὲ
499 517 753 567 τοιοῦτον
773 507 858 565 ἀεὶ
878 510 1317 582 περιφερόμενον
1345 510 1539 583 ὅμοιον
1558 510 1795 568 ἑκάστου

117 599 243 663 πέρι
261 596 353 651 καὶ
370 593 702 664 ξυμπάντων
720 591 868 647 οὕτω
883 599 1096 648 καλεῖν·
1133 596 1224 649 καὶ
1244 592 1312 665 δὴ
1344 595 1435 650 καὶ
1462 601 1578 666 πῦρ
1606 593 1668 650 τὸ
1703 593 1795 649 διὰ

117 672 325 739 παντὸς
342 680 596 729 τοιοῦτον
615 676 705 728 καὶ
725 671 876 728 ἅπαν
894 672 1136 744 ὅσονπερ
1156 670 1229 729 ἂν
1258 681 1353 747 ἔχῃ
1380 679 1598 745 γένεσιν
1611 697 1621 707 ·
1659 677 1723 731 έν
1748 667 1796 749 (ᾗ

119 756 176 811 δὲ
204 754 565 825 ε’γγιγνόμενα
594 751 678 810 άεὶ
709 755 910 809 ἕκαστα
940 752 1128 808 αὐτῶν
1158 756 1484 823 φαντάζεται
1513 759 1604 812 καὶ
1629 755 1796 812 πάλιν

115 839 332 891 ἐκεῦθεν
349 831 669 902 ἀπόλλυται,
694 834 871 905 μόνον
899 837 1076 890 έκεῖνο
1097 829 1170 889 αὖ
1187 837 1623 906 προσαγορεύειν
1639 842 1715 911 τῷ
1735 857 1794 892 τε
1821 850 1880 895 50

114 923 279 973 τοῦτο
298 919 484 989 καὶτῷ
511 916 638 971 τόδε
657 919 1116 987 προσχρωμένους
1136 913 1384 988 ὀνόματι,
1404 917 1465 973 τό
1489 920 1549 973 δὲ
1567 915 1797 974 ὁποιον-

116 1004 222 1053 οῦν
247 1018 317 1067 τι,
348 995 565 1067 θερμὸν
590 992 625 1067 ἦ
652 995 855 1053 λευκόν
885 994 921 1068 ἦ
939 999 1030 1053 καὶ
1053 996 1244 1054 ὁτιοῦν
1262 1004 1375 1053 τῶν
1395 1000 1681 1069 ἐναντίων,
1701 1000 1795 1054 καὶ

117 1076 294 1134 πάνθ’
327 1076 431 1133 ὅσα
458 1081 516 1132 ἐκ
545 1079 777 1148 τούτων,
812 1079 986 1150 μηδὲν
1022 1083 1198 1135 ἐκεῖνο
1228 1074 1302 1134 αὖ
1337 1080 1554 1135 τούτων
1586 1086 1791 1136 καλεῖν.

117 1165 194 1213 ἑτι
214 1159 273 1213 δὲ
293 1162 636 1228 σαφέστερον
656 1155 831 1213 αὐτοῦ
849 1161 974 1226 πέρι
1002 1163 1396 1230 προθυμητέον
1414 1153 1582 1225 αὖθις
1603 1164 1791 1216 εἰπεῖν.

116 1243 167 1295 εί
179 1242 289 1310 γὰρ
314 1239 495 1294 πάντα
514 1261 593 1303 τις
611 1240 859 1310 σχήματα
887 1241 1100 1305 πλάσας
1126 1244 1185 1295 ἐκ
1203 1248 1418 1311 χρυσοῦ
1435 1244 1608 1313 μηδὲν
1626 1263 1794 1312 μετα-

114 1320 368 1377 πλάττων
386 1319 619 1394 παύοιτο
639 1321 839 1376 ἕκαστα
861 1325 936 1386 εἰς
956 1320 1193 1391 ἅπαντα,
1217 1321 1537 1387 δεικνύντος
1557 1323 1624 1393 δή
1643 1344 1794 1388 τινος

114 1399 300 1456 αὐτῶν
313 1403 376 1455 ἓν
394 1402 484 1455 καὶ
504 1403 770 1470 ἐρομένου
789 1407 843 1456 τί
858 1399 972 1457 ποτ’
994 1406 1123 1470 ἔστι,
1146 1408 1340 1477 μακρῷ
1361 1402 1500 1474 πρὸς
1519 1401 1793 1475 ἀλήθειαν

113 1480 528 1551 ἀσφαλέστατον
549 1486 719 1537 εἰπεῖν
746 1482 830 1538 ὅτι
857 1484 1077 1555 χρυσός,
1108 1484 1168 1540 τό
1200 1485 1260 1540 δὲ
1288 1489 1564 1555 τρίγωνον
1594 1483 1701 1540 ὅσα
1733 1507 1790 1542 τε
1818 1500 1851 1541 Β

113 1562 249 1618 ἄλλα
270 1563 514 1633 σχήματα
527 1565 851 1635 ἐνεγίγνετο,
866 1567 1134 1635 μηδέποτε
1153 1568 1333 1635 λέγειν
1353 1572 1523 1621 ταῦτα
1545 1563 1619 1632 ὥς
1637 1565 1790 1637 ὅντα,

112 1643 150 1699 ἆ
166 1666 226 1713 γε
256 1643 459 1714 μεταξὺ
493 1648 792 1715 τνθεμένου
826 1651 1162 1716 μεταπίπτει,
1191 1644 1314 1702 ἀλλ’
1340 1645 1442 1702 ἐὰν
1475 1645 1582 1717 ἄρα
1611 1651 1701 1703 καὶ
1728 1649 1789 1703 τὸ

112 1732 366 1781 τοιοῦτον
392 1724 506 1795 μετ’
542 1724 840 1796 ἀσφαλείας
867 1729 1034 1799 ἐθέλῃ
1061 1730 1324 1797 δέχεσθαί
1347 1749 1514 1799 τινος,
1548 1728 1789 1803 ἀγαπᾷν.

111 1804 140 1861 ὁ
161 1805 326 1870 αὐτὸς
346 1806 413 1876 δὴ
433 1806 597 1877 λόγος
614 1809 704 1863 καὶ
719 1810 842 1878 περὶ
862 1815 956 1878 τῆς
973 1807 1038 1863 τὰ
1054 1809 1236 1863 πάντα
1253 1811 1546 1881 δεχομένης
1563 1810 1791 1881 σώματα

110 1887 354 1957 φύσεως·
391 1886 594 1943 ταύτὸν
614 1886 789 1959 αὐτὴν
814 1886 897 1945 άεὶ
925 1892 1292 1961 προσρητέον·
1332 1893 1391 1946 ἐκ
1411 1889 1519 1962 γάρ
1544 1898 1640 1962 τῆς
1659 1893 1787 1947 ἑαυ-

109 1976 205 2040 τῆς
222 1968 282 2024 τὸ
304 1969 567 2039 παράπαν
596 1968 699 2026 οὐκ
727 1974 992 2036 ἐξίσταται
1022 1972 1324 2043 δυνάμεως.
1363 1976 1574 2042 δέχεταί
1591 1994 1649 2028 τε
1679 1971 1787 2043 γάρ

107 2048 190 2105 ἀεὶ
206 2048 271 2104 τὰ
292 2050 493 2119 πάντα,
513 2052 603 2106 καὶ
631 2051 858 2123 μορφὴν
877 2051 1140 2123 οὐδεμίαν
1166 2055 1297 2109 ποτὲ
1321 2051 1508 2111 οὐδενὶ
1532 2061 1646 2111 τῶν
1678 2059 1785 2120 εἰς·
1814 2071 1846 2114 c

109 2132 310 2187 ιόντων
343 2130 541 2203 ὁμοίαν
570 2139 798 2204 εἴληφεν
827 2131 1046 2206 οὐδαμῇ
1067 2133 1348 2205 οὐδαμῶς·
1371 2139 1661 2207 ἐκμαγεῖον
1680 2135 1785 2207 γὰρ

107 2213 275 2282 φύσει
293 2215 455 2269 παντὶ
472 2225 660 2282 κεῖται,
680 2214 1020 2285 κινούμενόν
1038 2237 1096 2271 τε
1116 2219 1207 2271 καὶ
1227 2218 1787 2289 διασχηματιζόμενον

110 2291 219 2347 ὑπὸ
235 2299 347 2348 τῶν
366 2294 665 2362 εἰσιόντων,
687 2302 940 2364 φαίνεται
959 2297 1018 2353 δὲ
1038 2297 1101 2353 δι’
1124 2300 1308 2354 ἐκεῖνα
1330 2298 1526 2355 ἄλλοτε
1543 2298 1784 2356 ἀλλοῖον·

109 2373 173 2428 τὰ
201 2374 259 2428 δὲ
285 2373 524 2430 εἰσιόντα
547 2377 637 2430 καὶ
663 2376 874 2440 ἐξιόντα
894 2383 1007 2432 τῶν
1035 2378 1217 2434 ὅντων
1246 2377 1329 2435 άεὶ
1358 2380 1654 2452 μιμήματα,
1684 2403 1784 2437 τυ-

112 2458 372 2511 amoena
396 2453 492 2510 ἀπ’
525 2455 711 2511 αὐτῶν
740 2456 951 2524 τρόπον
977 2458 1101 2514 τινὰ
1130 2458 1493 2530 δύσφραστον
1519 2463 1610 2517 καὶ
1634 2470 1786 2518 θαυ-

110 2536 339 2605 μαστόν,
370 2533 436 2591 ὃν
456 2541 705 2602 εἰσαῦθις
723 2541 958 2608 μέτιμεν.
998 2541 1058 2594 έν
1090 2538 1143 2594 δ’
1175 2533 1280 2595 οὖν
1309 2546 1385 2614 τῷ
1416 2542 1649 2611 παρόντι
1680 2542 1781 2614 χρὴ

107 2619 240 2686 γένη
260 2619 627 2687 διανοηθῆναι
654 2618 856 2688 τριττά,
878 2620 938 2674 τὸ
965 2619 1067 2689 μὲν
1094 2621 1446 2692 γιγνόμενον,
1474 2622 1536 2679 τὸ
1569 2621 1624 2678 δ’
1648 2626 1708 2680 έν
1739 2617 1783 2699 ᾦ

107 2703 365 2768 γίγνεται,
390 2698 451 2754 τὸ
483 2697 540 2754 δ’
559 2698 701 2755 ὅθεν
728 2697 1176 2771 άφομοιούμενον
1196 2703 1396 2773 φύεται
1425 2702 1486 2759 τὸ
1517 2705 1779 2778 γιγνόμε-
1807 2714 1840 2755 D

109 2800 235 2834 νον·
281 2780 373 2834 καὶ
411 2778 476 2849 δὴ
516 2782 606 2835 καὶ
643 2782 996 2850 προσεικάσαι
1034 2786 1226 2851 πρέπει
1262 2782 1324 2839 τὸ
1347 2785 1449 2889 μὲν
1486 2787 1784 2858 δεχόμενον

1342 2867 1402 2911 23
