1962 3236
227 178 332 231 204
845 178 1328 227 ΠΛΑΤΩΝΟΣ
1888 0 1926 286 )

224 313 291 369 τὰ
312 317 373 369 ἐν
392 321 470 388 τῷ
490 314 718 385 οὐρανῷ
736 313 827 366 καὶ
847 308 1022 364 αὐτὸν
1048 310 1148 364 τόν
1174 308 1422 379 οὐρανόν
1441 311 1663 384 νύκτωρ
1684 310 1755 369 ἂν
1774 302 1891 387 ρᾆἷ

224 395 507 465 θεάσαιτο,
547 396 917 463 προσβλέπων
952 389 1015 445 τὸ
1052 395 1168 445 τῶν
1205 390 1428 461 ἄστρων
1463 415 1522 448 τε
1557 396 1648 449 καὶ
1685 395 1914 466 σελήνης

169 489 201 528 Β
233 484 368 548 φῶς,
391 475 428 547 ἢ
449 474 579 547 μεθ’
600 474 814 546 ἡμέραν
842 470 942 527 τὸν
969 470 1133 542 ἥλιόν
1160 493 1219 527 τε
1252 475 1343 528 καὶ
1368 472 1428 530 τὸ
1448 481 1548 530 τοῦ
1568 473 1745 546 ἡλίου.
1789 483 1922 541 Πῶς

226 557 280 613 δ’
313 558 414 623 οὕ;
459 552 789 612 Τελευταῖον
823 553 908 626 δή,
940 553 1107 624 οἶμαι,
1139 552 1240 610 τὸν
1278 555 1456 626 ἥλιον,
1490 554 1596 613 οὐκ
1631 561 1690 613 ἐν
1719 557 1922 614 ὕδασιν

227 638 355 695 οὐδ’
381 643 443 694 ἐν
473 638 738 711 ἀλλοτρίᾳ
766 639 900 709 ἔδρα
940 636 1308 707 φαντάσματα
1349 635 1545 709 αὐτοῦ,
1579 636 1702 694 ἀλλ’
1745 638 1919 696 αὐτὸν

226 721 364 775 καθ’
402 718 575 776 αὑτὸν
607 723 668 776 ἐν
705 726 774 791 τῇ
806 717 984 773 αὑτοῦ
1018 717 1171 790 χώρᾳ
1200 717 1416 774 δύναιτ’
1451 715 1522 774 ἀν
1553 725 1797 777 κατιδεῖν
1827 724 1919 778 καὶ

224 803 548 857 θεάσασθαι
567 798 682 866 οἷός
709 803 873 856 ἐστιν.
914 798 1260 868 Ἀναγκαῖον,
1288 805 1408 871 ἔφη.
1451 804 1562 856 Καὶ
1594 802 1729 872 μετά
1759 801 1917 858 ταῦτ’

224 878 298 937 ἀν
321 883 429 955 ἤδη
452 887 827 954 συλλογίζοιτο
848 884 972 950 περὶ
994 879 1186 951 αὐτοῦ,
1210 881 1294 936 ὅτι
1314 880 1481 947 αὐτὸς
1500 881 1529 938 ὁ
1561 882 1657 948 τάς
1684 905 1743 939 τε
1771 884 1918 955 ὥρας

225 968 481 1035 παρέχων
499 968 590 1020 καὶ
613 964 900 1027 ἐνιαυτοὺς
919 964 1010 1017 καὶ
1032 962 1213 1017 πάντα
1243 963 1624 1034 ἐπιτροπεύων
1655 963 1721 1019 τὰ
1754 968 1815 1020 ἐν
1842 972 1916 1038 τῷ
1960 1028 1962 1030 ,

168 1062 198 1103 C
224 1043 488 1119 ὁρωμένῳ
527 1046 698 1118 τόπῳ,
737 1046 829 1100 καὶ
871 1047 1116 1112 ἐκείνων,
1155 1037 1237 1099 ὧν
1274 1055 1430 1115 σφεῖς
1470 1045 1678 1116 ἐώρων,
1708 1046 1919 1118 τρόπον

225 1125 352 1183 τινά
374 1128 600 1183 πάντων
627 1135 814 1191 αἴτιος.
862 1131 1074 1196 Δῆλον,
1107 1129 1229 1196 ἔφη,
1261 1124 1347 1181 ὅτι
1374 1128 1462 1186 ἐπὶ
1497 1135 1670 1183 ταῦτα
1700 1125 1770 1183 ἂν
1798 1127 1916 1199 μετ’

225 1212 409 1265 ἐκεῖνα
426 1214 597 1266 ἔλθοι.
637 1215 708 1264 Τί
722 1203 855 1273 οὖν;
876 1205 1436 1278 ἀναμιμνησκόμενον
1456 1207 1632 1265 αὐτὸν
1650 1218 1746 1281 τῆς
1763 1212 1886 1280 πρώ

225 1314 322 1362 της
341 1291 605 1362 οἰκήσεως
624 1292 717 1346 καὶ
734 1298 830 1360 τῆς
848 1292 964 1346 ἐκεῖ
980 1294 1180 1360 σοφίας
1198 1292 1289 1345 καὶ
1317 1297 1430 1346 τῶν
1454 1291 1577 1347 τότε
1598 1295 1920 1362 ξυνδεσμω-

226 1381 340 1428 τῶν
360 1371 464 1428 οὐκ
483 1370 555 1428 ἂν
577 1381 680 1428 οἰέι
699 1369 872 1427 αὑτὸν
903 1371 1005 1442 μὲν
1035 1369 1437 1442 εὐδαιμονίζειν
1467 1380 1561 1443 τῆς
1595 1381 1916 1445 μεταβολῆς,

223 1456 354 1520 τοὺς
389 1458 448 1511 δὲ
479 1458 675 1519 ἐλεεῖν;
713 1456 824 1509 Καὶ
854 1455 1017 1524 μάλα.
1058 1457 1219 1525 Τιμαὶ
1249 1454 1308 1509 δὲ
1337 1457 1427 1509 καὶ
1457 1460 1675 1511 ἔπαινοι
1704 1464 1758 1511 εἴ
1777 1477 1923 1521 τινες

225 1536 412 1602 αὐτοῖς
429 1531 574 1609 ἦσαν
593 1538 716 1593 τότε
737 1535 871 1607 παρ’
897 1536 1154 1608 ἀλλήλων
1174 1538 1265 1592 καὶ
1283 1541 1418 1608 γέρα
1438 1543 1513 1612 τῷ
1528 1534 1761 1603 ὀξύτατα
1774 1546 1942 1594 καθ-.

225 1627 428 1689 ορώντι
462 1618 528 1674 τά
567 1619 840 1690 παριόντα
872 1621 963 1674 καὶ
1005 1618 1419 1690 μνημονεύοντι
1443 1619 1695 1691 μάλιστα,
1728 1620 1831 1675 ὅσα
1861 1643 1920 1676 τε

161 1710 194 1750 D
227 1700 467 1772 πρότερα
498 1699 685 1755 αὐτῶν
712 1702 804 1756 καὶ
832 1699 1039 1771 ὕστερα
1072 1701 1258 1756 εἰώθει
1287 1704 1378 1756 καὶ
1415 1700 1528 1772 ἅμα
1560 1700 1919 1773 πορεύεσθαι,
1959 1774 1962 1775 ⁷

225 1785 316 1837 καὶ
346 1785 406 1837 ἐκ
425 1782 643 1837 τούτων
674 1781 741 1854 δὴ
779 1783 1138 1837 δυνατώτατα
1166 1780 1668 1857 ἀπομαντευομένῳ
1693 1783 1754 1839 τὸ
1785 1786 1917 1854 μέλ-

226 1873 325 1919 λον
343 1862 511 1935 ἥξειν,
534 1867 713 1929 δοκεῖς
734 1861 804 1920 ἀν
826 1863 1000 1920 αὐτὸν
1030 1867 1441 1936 ἐπιθυμητικῶς
1461 1863 1648 1920 αὐτῶν
1666 1869 1808 1935 ἔχειν
1826 1867 1917 1919 καὶ

227 1951 430 2017 ζηλοῦν
459 1946 590 2011 τοὺς
627 1945 758 2017 παρ’
805 1950 1034 2011 ἐκείνοις
1069 1949 1412 2016 τιμωμένους
1448 1969 1506 2001 τε
1554 1949 1645 2002 καὶ
1681 1949 1919 2001 ἐνδυνα-

225 2027 540 2098 στεύοντας,
560 2025 597 2100 ἢ
616 2028 677 2085 τὸ
701 2036 804 2084 τοῦ
825 2027 1067 2099 Ὁμήρου
1099 2024 1170 2082 ἀν
1198 2029 1545 2083 πεπονθέναι
1575 2029 1668 2081 καὶ
1699 2025 1919 2096 σφόδρα

232 2110 541 2182 βούλεσθαι
559 2110 878 2179 ἐπάρουρον
897 2113 1059 2164 ἐόντα
1080 2112 1389 2179 θητευέμεν
1419 2107 1567 2182 ἄλλῳ
1593 2107 1756 2176 ἀνδρὶ
1782 2108 1918 2177 παρ’

233 2189 456 2266 ἀκλήρῳ
494 2194 586 2248 καὶ
622 2189 816 2246 ὁτιοῦν
844 2188 915 2245 ἀν
953 2193 1297 2245 πεπονθέναι
1329 2196 1542 2260 μᾶλλον
1584 2186 1620 2260 ἢ
1653 2188 1828 2245 ’κεῖνά
1862 2211 1921 2245 τε

178 2285 212 2325 E
229 2273 475 2339 δοξάζειν
506 2277 598 2329 καὶ
618 2276 839 2337 ἐκείνως
859 2277 985 2345 ζῇν;
1025 2271 1234 2341 Οὕτως,
1258 2276 1380 2342 ἔφη,
1407 2275 1578 2340 ἔγωγε
1610 2270 1775 2342 οἶμαι,
1807 2277 1923 2326 πᾶν

227 2361 443 2424 μᾶλλον
462 2358 809 2411 πεπονθέναι
830 2350 902 2409 ἀν
923 2357 1187 2421 δέξασθαι
1205 2349 1241 2423 ἦ
1266 2357 1365 2425 ζῇν
1385 2355 1620 2418 ἐκείνως.
1668 2355 1776 2407 Καὶ
1795 2353 1920 2408 τόδε
1959 2389 1962 2391 -

225 2439 291 2510 δὴ
313 2440 605 2510 ἐννόησον,
626 2433 700 2510 ἧν
721 2437 772 2494 δ’
796 2438 921 2509 ἐγώ.
963 2444 1012 2494 εἰ
1042 2439 1210 2493 πάλιν
1241 2434 1269 2492 ὁ
1302 2443 1555 2501 τοιοῦτος
1580 2435 1824 2507 καταβὰς
1844 2440 1920 2500 εἰς
1950 2435 1962 2479 ’ἕ

223 2521 322 2576 τὸν
353 2519 530 2576 αὐτὸν
569 2526 756 2576 θᾶκον
783 2525 1082 2590 καθίζοιτο,
1123 2514 1218 2589 ἀρ’
1260 2518 1328 2573 οὐ
1363 2518 1599 2583 σκότους
1638 2515 1710 2573 ἀν
1743 2520 1920 2581 πλέως

225 2608 382 2674 σχοίη
403 2599 538 2667 τούς
557 2601 912 2673 ὀφθαλμούς,
935 2605 1194 2672 ἐξαίφνης
1212 2599 1366 2671 ἥκων
1386 2602 1446 2655 ἐκ
1468 2606 1571 2654 τοῦ
1589 2597 1776 2670 ἡλίου;
1811 2601 1921 2652 Καὶ
1955 2606 1962 2674 'j

226 2683 373 2754 μάλα
394 2681 468 2754 γ’,
492 2688 615 2754 ἔφη.
658 2682 770 2749 Τάς
790 2687 848 2739 δὲ
878 2683 944 2754 δὴ
978 2682 1134 2747 σκιάς
1157 2685 1369 2747 ἐκείνας
1396 2682 1566 2736 πάλιν
1598 2686 1647 2736 εἰ
1671 2683 1783 2735 δέοι
1813 2676 1918 2733 αύ-

221 2765 322 2820 τὸν
341 2766 773 2836 γνωματεύοντα
795 2770 1191 2837 διαμιλλᾶσθαι
1208 2775 1322 2828 τοῖς
1343 2762 1426 2818 ἀεὶ
1456 2760 1756 2832 δεσμώταις
1776 2764 1919 2815 ἐκεί-
1952 2762 1962 2809 ἑ

104 2859 191 2904 517
222 2866 355 2915 νοις,
376 2848 438 2900 ἐν
459 2838 502 2919 ᾧ
524 2845 887 2917 ἀμβλυώττει,
919 2849 1052 2918 πρὶν
1083 2851 1422 2915 καταστῆναι
1449 2840 1517 2898 τὰ
1551 2843 1786 2914 ὄμματα,
1816 2835 1920 2898 ού·
1958 2910 1962 2916 ¹
