1962 3236
0 178 26 275 Ξ

0 382 9 429 ἰ

360 42 372 48 ·
387 0 685 49 m&
697 0 927 44 :333‘2‘222'3
942 0 1157 35 4-’·.,ῖ”“,.“;·ε”;
1206 0 1216 11 ’
1244 13 1274 27 ⁷..
1299 0 1309 10 ⁵
1333 13 1342 24 ,

316 48 330 56 .
456 49 457 52 ¹
559 48 562 50 .
659 51 662 53 Α
1175 51 1178 53 ,

587 184 1077 233 ΠΟΛΙΤΕΙΑΣ
1113 176 1182 230 θ’.
1627 178 1732 232 267

0 323 265 391 γονέων
298 324 403 373 τοῦ
436 316 708 373 τοιούτου.
751 313 916 384 Ἀλλ’,
959 337 1004 370 ω
1040 313 1369 386 Ἀδείμαντε,
1403 311 1542 384 πρὸς
1571 312 1727 383 Διός,

0 451 3 465 ;
51 403 215 456 ἕνεκα
243 401 438 455 νεωστὶ
457 404 619 468 φίλης
641 399 732 452 καὶ
751 393 856 451 οῦκ
877 393 1180 465 ἀναγκαίας
1207 396 1421 466 ἑταίρας
1437 399 1730 464 γεγονυίας

51 481 155 552 τὴν
181 489 352 536 παλαι
368 484 539 550 φίλην
555 479 648 534 καὶ
677 475 987 546 ἀναγκαίαν
1015 497 1238 547 μητερα,
1266 472 1305 548 ἦ
1332 476 1495 532 ἕνεκα
1524 472 1733 545 ωραίου
1763 492 1792 533 C

52 566 248 618 νεωστὶ
269 567 438 632 φίλου
457 558 751 630 γεγονότος
769 555 873 612 οὐκ
893 555 1199 626 ἀναγκαίου
1221 555 1320 612 τὸν
1336 555 1525 628 ἄωρόν
1551 575 1609 611 τε
1637 557 1729 610 καὶ

51 643 356 713 ἀναγκαῖον
374 640 692 712 πρεσβύτην
709 643 914 709 πατέρα
930 640 1021 694 καὶ
1039 645 1151 693 τῶν
1170 643 1350 708 φίλων
1367 637 1730 709 ἀρχαιότατον

54 730 211 780 δοκεῖ
228 722 299 779 ἄν
317 741 405 779 σοι
433 719 462 778 ὁ
492 727 740 785 τοιοῦτος
769 726 997 789 πληγαῖς
1023 740 1082 774 τε
1114 722 1311 774 δοῦναι
1334 720 1426 774 καὶ
1456 721 1732 774 καταδου-

53 807 341 862 λούσασθαι
362 800 435 858 ἄν
455 800 660 866 αὐτοὺς
677 800 755 856 ὑπ
764 798 1042 869 ’ἐκείνοις,
1066 804 1116 854 εἰ
1132 804 1207 864 εἰς
1226 800 1328 870 τὴν
1347 798 1521 870 αὐτὴν
1549 804 1729 855 οἰκίαν

54 886 340 958 ἀγάγοιτο;
379 887 490 941 Ναὶ
507 883 582 955 μὰ
602 882 699 939 Δί’
704 907 774 954 ,η
756 877 847 938 δ’
870 905 945 947 ος.
984 879 1222 952 Σφόδρα
1241 903 1303 951 γε
1331 881 1625 952 μακάριον,
1657 875 1730 951 ἦν

54 967 108 1024 δ’
130 967 255 1038 ἐγώ,
277 971 455 1021 ἔοικεν
474 964 614 1020 εἶναι
628 964 688 1020 τὸ
709 962 1046 1035 τυραννικὸν
1070 964 1197 1018 υἱὸν
1216 973 1409 1018 τεκεῖν.
1456 961 1623 1018 Πανυ
1651 982 1686 1031 γ
1714 1002 1728 1027 ,

54 1053 178 1118 ἔφη.
222 1053 292 1102 Τι’
319 1047 392 1116 δ’,
423 1045 557 1102 ὅταν
588 1046 654 1117 δὴ
682 1044 748 1100 τὰ
777 1043 984 1115 πατρὸς
1011 1047 1103 1099 καὶ
1131 1042 1334 1115 μητρὸς
1362 1045 1611 1114 ἐπιλείπῃ
1630 1039 1731 1097 τὸν
1752 1067 1785 1106 D

54 1134 326 1195 τοιοῦτον,
355 1125 500 1182 πολὺ
530 1130 589 1181 δὲ
613 1126 718 1197 ἤδη
744 1129 1163 1196 ξυνειλεγμένον
1190 1128 1250 1180 έν
1279 1122 1432 1198 αὐτῷ
1462 1117 1500 1196 ᾗ
1528 1122 1589 1179 τὸ
1620 1129 1730 1178 τῶν

52 1208 276 1282 ἡδουων
313 1213 537 1279 σμῆνος,
577 1207 646 1263 ού
681 1228 902 1277 πρωτον
937 1211 1038 1278 μὲν
1069 1211 1241 1271 οἰκίας
1275 1205 1428 1271 τινὸς
1462 1205 1732 1277 ἐφάψεται

53 1297 239 1360 τοίχου
268 1290 302 1360 ἥ
332 1311 482 1354 τινος
516 1288 620 1354 ὀψὲ
651 1289 869 1357 νύκτωρ
901 1289 1083 1352 ἰόντος
1118 1292 1220 1343 τοῦ
1257 1290 1491 1357 ἱματίου,
1513 1287 1647 1356 μετὰ
1674 1287 1733 1341 δὲ

53 1378 227 1427 ταῦτα
254 1371 408 1439 ἱερόν
436 1393 486 1425 τι
507 1370 868 1441 νεωκορήσει;
903 1371 995 1423 καὶ
1020 1372 1080 1423 ἐν
1110 1367 1327 1432 τούτοις
1357 1365 1422 1437 δὴ
1451 1372 1636 1437 πᾶσιν,
1662 1363 1735 1431 ’ὂὶς

55 1452 225 1507 πάλαι
248 1450 352 1521 εἶχε
382 1451 542 1517 δόξας
567 1455 628 1507 ἐκ
654 1449 851 1515 παιδὸς
882 1452 1006 1519 περὶ
1040 1454 1228 1505 καλῶν
1259 1470 1316 1503 τε
1345 1451 1437 1504 καὶ
1470 1451 1731 1518 αἰσχρῶν,

54 1534 151 1597 τὰς
171 1537 382 1596 δικαίας
402 1535 749 1602 ποιουμένας,
770 1534 831 1586 αἱ
845 1533 1039 1586 νεωστὶ
1057 1533 1117 1585 ἐκ
1147 1533 1398 1594 δουλείας
1422 1531 1731 1599 λελυμέναι,

56 1620 476 1686 δορυφοροῦσαι
509 1616 608 1670 τὸν
645 1619 835 1683 ἔρωτα,
876 1613 1214 1685 κρατήσουσι
1248 1609 1363 1683 μετ’
1404 1613 1638 1679 ἐκείνου,
1677 1614 1738 1664 αἳ

54 1696 440 1767 πρότερονμὲν
461 1697 599 1764 ὄναρ
619 1696 844 1751 ἐλύοντο
865 1699 924 1750 έν
943 1693 1119 1767 ὕπνῳ,
1142 1691 1232 1748 ὅτε
1246 1686 1319 1764 ἦν
1338 1689 1504 1755 αὐτὸς
1524 1696 1602 1747 ἔτι
1621 1687 1730 1745 ὑπὸ
1764 1710 1796 1751 Ε

59 1776 249 1847 νόμοις
268 1798 325 1832 τε
349 1779 440 1832 καὶ
470 1779 629 1845 πατρὶ
651 1776 1164 1847 δημοκρατούμενος
1194 1777 1254 1831 έν
1287 1775 1490 1846 ἑαυτῷ·
1527 1793 1731 1841 τυραν-

57 1860 278 1922 νευθεὶς
299 1860 358 1913 δὲ
377 1856 486 1912 ὑπὸ
509 1863 724 1927 ἔρωτος,
747 1853 859 1923 οἷος
877 1856 1120 1926 ὀλιγάκις
1139 1858 1382 1925 ἐγίγνετο
1403 1851 1561 1924 ὄναρ,
1581 1851 1733 1922 ὕπαρ

58 1945 304 2003 τοιοῦτος
324 1937 409 1995 ἀεὶ
427 1938 741 2009 γενόμενος,
774 1938 902 1995 οὔτε
932 1939 1080 2003 τινὸς
1112 1938 1296 2008 φόνου
1326 1940 1516 1991 δεινοῦ
1537 1932 1735 2005 ἀφέξε-

54 2042 142 2075 ται
161 2019 290 2075 οῦτε
309 2021 597 2091 βρώματος
617 2021 737 2076 οὔτ’
761 2026 944 2091 ἔργου,
966 2019 1103 2076 ἀλλά
1132 2024 1475 2090 τυραννικῶς
1495 2019 1555 2072 έν
1583 2012 1734 2088 αὐτῷ
1764 2033 1848 2078 575
1877 2039 1884 2042 ·
1952 2029 1954 2038 “

56 2098 87 2155 ὁ
112 2106 248 2170 ἔρως
274 2104 334 2155 έν
369 2103 517 2173 πάσῃ
555 2098 788 2173 ἀναρχίᾳ
822 2104 914 2157 καὶ
951 2100 1152 2174 ἀνομίᾳ
1173 2106 1297 2170 ζῶν,
1328 2098 1423 2155 ἅτε
1458 2096 1626 2162 αὐτὸς
1656 2091 1735 2152 ὢν

55 2182 348 2250 μόναρχος,
365 2182 467 2236 τὸν
486 2182 679 2251 ἔχοντά
698 2204 754 2237 τε
778 2181 951 2238 αὐτὸν
971 2182 1155 2252 ὥσπερ
1176 2180 1339 2237 πόλιν
1358 2178 1474 2246 ἄξει
1503 2182 1590 2234 ἐπὶ
1625 2183 1736 2233 ποῖ-

56 2277 165 2316 σαυ
184 2261 409 2331 τόλμαν,
433 2261 573 2318 ὅθεν
589 2261 763 2320 αὑτόν
780 2285 838 2320 τε
862 2266 952 2321 καὶ
982 2264 1081 2319 τὸν
1113 2266 1236 2332 περὶ
1273 2260 1446 2318 αὑτὸν
1478 2260 1735 2331 θόρυβον

58 2345 273 2411 θρέψει,
292 2340 390 2396 τὸν
408 2344 509 2412 μὲν
528 2346 734 2409 ἔξωθεν
755 2345 1148 2415 εἰσεληλυθότα
1169 2343 1276 2399 ἀπὸ
1309 2349 1482 2414 κακῆς
1502 2339 1731 2413 ὁμιλίας,

57 2421 157 2477 τὸν
178 2420 231 2476 δ’
254 2426 490 2478 ἔνδοθεν
518 2421 626 2478 ὑπὸ
656 2431 768 2479 τῶν
799 2423 984 2480 αὐτῶν
1010 2425 1234 2494 τρόπων
1262 2425 1352 2480 καὶ
1381 2424 1582 2478 ἑαυτοῦ
1603 2420 1735 2477 ἀνε-

55 2504 229 2557 θέντα
248 2505 338 2557 καὶ
362 2505 828 2573 ἐλευθερωθέντα.
866 2501 903 2576 ἦ
922 2503 1020 2575 οὐχ
1042 2499 1204 2570 οὗτος
1234 2503 1263 2560 ὁ
1282 2508 1402 2576 βίος
1420 2510 1522 2559 τοῦ
1546 2501 1735 2557 τοιού-

57 2603 182 2648 του;
224 2576 403 2648 Οὗτος
421 2583 521 2653 μὲν
539 2578 659 2650 οῦν,
682 2589 802 2656 ἔφη.
841 2588 948 2640 Καὶ
967 2582 1039 2640 ἀν
1062 2589 1164 2655 μέν
1181 2605 1260 2654 γε,
1283 2578 1354 2654 ἦν
1374 2580 1426 2639 δ’
1457 2582 1583 2653 ἐγώ,
1616 2579 1734 2638 ὀλί-

54 2683 143 2732 γοι
162 2666 220 2718 οἱ
234 2670 472 2719 τοιοῦτοι
494 2668 522 2720 ἐ
525 2688 555 2720 ν
574 2666 730 2721 πόλει
753 2658 851 2720 ὦσι
873 2669 962 2721 καὶ
981 2665 1040 2721 τὸ
1056 2665 1191 2722 ἄλλο
1212 2671 1426 2736 πλῆθος
1443 2669 1730 2735 σωφρονῇ,
1759 2692 1790 2733 Β

54 2745 372 2810 ἐξελθόντες
391 2745 561 2801 ἄλλον
586 2746 707 2802 τινὰ
737 2750 1118 2816 δορυφοροῦσι
1147 2746 1431 2815 τύραννον
1458 2741 1493 2816 ἢ
1524 2749 1735 2816 μισθοῦ

54 2826 464 2897 ἐπικουροῦσιν,
489 2828 587 2881 ἐάν
608 2849 717 2882 που
737 2828 971 2898 πόλεμος
991 2821 1025 2898 ᾖ
1038 2850 1048 2861 ·
1088 2827 1185 2882 ἐὰν
1205 2825 1255 2882 δ’
1275 2830 1336 2883 έν
1356 2826 1547 2899 εἰρήνῃ
1568 2847 1623 2881 τε
1644 2826 1735 2880 καὶ
