1962 3236
644 71 1128 151 ΠΟΛΙΤΕΙΑΣ
1159 90 1216 156 ς’.
1661 92 1762 144 193

22 270 24 275 ’
80 243 287 311 Πρέπει
304 240 371 309 γέ
385 259 469 293 τοι
489 236 573 308 δή,
595 240 720 307 ἔφη,
741 232 891 290 οὕτω
910 243 1162 288 σκοπεῖν·
1189 229 1327 286 ἀλλὰ
1348 240 1478 285 ποῖα
1498 228 1564 299 δὴ
1592 230 1766 297 λέγεις

82 322 382 395 μαθήματα
402 323 654 390 μέγιστα;

224 405 351 459 XVI.
392 397 783 471 Μνημονεύεις
809 397 912 466 μέν
939 416 1067 463 που,
1099 387 1172 464 ἦν
1201 391 1255 448 δ’
1292 390 1418 463 ἐγώ,
1459 390 1545 447 ὅτι
1581 410 1766 461 τριττα

84 489 200 555 εἴδη
225 489 403 553 ψυχῆς
424 478 850 579 διαστησάμενοι
869 475 1298 546 ξυνεβιβάζομεν
1328 471 1683 542 δικαιοσύνης
1711 491 1766 524 τε

82 569 206 633 πέρι
227 567 319 619 καὶ
339 561 708 633 σωφροσύνης
730 559 821 613 καὶ
842 554 1101 628 ἀνδρείας
1128 557 1220 610 καὶ
1250 558 1449 651 σοφίας
1477 550 1511 609 ὃ
1535 554 1770 608 ἕκαστον

84 655 183 717 εἴη.
207 644 330 744 Μὴ
346 644 451 714 γὰρ
470 640 855 743 μνημονεύων,
888 643 1012 709 ἔφη,
1039 637 1105 692 τὰ
1127 635 1291 691 λοιπὰ
1314 631 1385 690 ἀν
1413 643 1532 707 εἴην
1562 638 1770 698 δίκαιος

83 726 156 798 μὴ
189 725 432 782 ἀκούειν.
477 726 547 777 H
555 744 646 776 και
677 720 738 776 τὸ
767 716 1092 789 προρρηθεν
1122 714 1334 780 αύτῶνς
1374 716 1447 772 Τό
1482 727 1645 772 ποῖον
1672 714 1833 786 δή;Β

54 818 60 821 ’
78 806 195 863 ’EA'
166 808 362 877 εγομέν
379 826 506 874 που,
525 801 627 873 ὅτι,
642 801 714 867 ὥς
724 804 826 873 μὲν
846 798 1090 856 δυνατὸν
1106 791 1178 869 ἦν
1196 796 1456 853 κάλλιστα
1476 796 1616 852 αὐτὰ
1638 819 1770 852 κατ-

84 892 239 956 ιδεῖν,
270 888 406 957 ἄλλη
427 886 736 957 μακροτέρα
771 891 853 982 εἴη
885 884 1155 952 περίοδος,
1185 877 1257 950 ἣν
1286 878 1640 949 περιελθόντι
1667 901 1771 933 κα-

85 976 307 1039 ταφανῆ
340 975 601 1039 γίγνοιτο,
636 972 749 1020 τῶν
779 967 966 1036 μέντοι
1003 967 1323 1034 ἔμπροσθεν
1353 963 1772 1064 προειρημένων

87 1051 356 1119 επομένας
373 1046 676 1113 ἀποδείξεις
697 1042 817 1101 οἷόν
836 1042 884 1100 τ’
912 1051 993 1114 εἴη
1015 1041 1312 1140 προσάψαι.
1334 1043 1425 1097 καὶ
1443 1039 1598 1112 ὑμεῖς
1616 1043 1775 1110 ἐξαρ-

87 1142 204 1185 κεῖν
222 1134 405 1200 ἔφατε,
420 1130 512 1184 καὶ
533 1127 679 1183 οὕτω
700 1125 766 1196 δὴ
790 1125 1000 1197 ἐρρήθη
1019 1121 1086 1178 τὰ
1102 1123 1223 1178 τότε
1241 1129 1337 1194 τῆς
1356 1122 1456 1192 μὲν
1477 1118 1773 1193 ἀκριβείας,

89 1210 162 1276 ὡς
179 1212 298 1281 ε’μοὶ
316 1213 588 1281 ἐφαίνετο,
609 1211 819 1277 ἐλλιπῆ,
851 1211 901 1262 εἰ
917 1208 976 1261 δε
995 1203 1127 1275 ὑμῖν
1148 1202 1511 1274 ἀρεσκόντως,
1532 1200 1687 1274 ὑμεῖς
1704 1198 1776 1257 ἀν

87 1300 251 1349 τοῦτο
276 1302 492 1349 εἴποιτε.
529 1288 670 1348 Ἀλλ’
693 1294 894 1361 ἔμοιγε,
928 1292 1053 1357 ἔφη,
1083 1289 1338 1357 μετρίως·
1377 1287 1634 1355 ἐφαίνετο
1665 1284 1776 1354 ιιὴν

89 1378 180 1431 καὶ
203 1387 315 1440 τοῖς
333 1375 534 1439 ἄλλοις.
565 1371 733 1442 Ἀλλ’,
755 1375 797 1427 ὠ
818 1375 961 1441 φίλε,
981 1364 1054 1439 ἦν
1075 1366 1128 1423 δ’
1149 1366 1272 1438 ἐγώ,
1296 1369 1496 1437 μέτρον
1515 1371 1629 1421 τῶν
1658 1387 1774 1419 τοι-
1804 1368 1834 1409 C

92 1458 291 1523 ούτων,
314 1455 616 1512 ἀπολεῖπον
634 1453 767 1511 ual‘
742 1461 934 1511 υτιοῦν
951 1458 1052 1508 τοῦ
1073 1450 1249 1522 ὄντος,
1281 1449 1350 1505 ού
1371 1450 1522 1505 πάνυ
1549 1453 1779 1520 μετρίως

91 1545 358 1609 γίγνεται·
407 1537 590 1603 ἀτελὲς
631 1559 738 1607 γαρ
778 1534 945 1591 ούδεν
984 1531 1213 1596 οὐδενὸς
1253 1534 1477 1603 μέτρον·
1528 1535 1682 1587 δοκεῖ
1722 1529 1772 1586 δ’

94 1625 269 1677 ἐνίοτέ
295 1636 438 1675 τισιν
470 1623 671 1683 ἱκανῶς
698 1617 804 1690 ἤδη
830 1622 972 1687 ἔχειν
1006 1617 1097 1671 καὶ
1134 1611 1301 1669 οὐδὲν
1328 1617 1444 1669 δεῖν
1475 1617 1778 1685 περαιτέρω

94 1706 284 1772 ζητεῖν.
323 1703 430 1757 Καὶ
450 1699 597 1771 μάλ’,
619 1705 742 1771 ἔφη,
766 1701 959 1769 συχνοὶ
988 1697 1296 1766 πάσχουσιν
1326 1692 1461 1750 αὐτὸ
1483 1695 1574 1750 διὰ
1595 1697 1779 1768 ρᾳθυ-

95 1789 240 1853 μίαν.
286 1784 502 1839 Τούτου
537 1786 597 1838 δέ
623 1804 703 1853 γε,
732 1775 804 1852 ἦν
838 1779 891 1836 δ’
930 1778 1055 1850 ἐγώ,
1094 1783 1195 1833 τοῦ
1226 1777 1550 1848 παθήματος
1586 1776 1780 1847 ἥκιστα

98 1869 329 1934 προσδεῖ
360 1865 570 1934 φύλακι
605 1862 816 1927 πόλεως
850 1883 907 1916 τε
944 1862 1034 1916 καὶ
1075 1859 1283 1930 νόμων.
1321 1859 1505 1929 Εἰκός,
1542 1851 1578 1928 ἦ
1613 1856 1662 1913 δ’
1704 1856 1780 1922 ὅς.

23 1953 25 1960 ⁴
103 1943 220 2015 Τὴν
257 1947 604 2015 μακροτέραν
639 1949 849 2014 τοίνυν,
892 1965 932 1997 ω
971 1944 1165 2011 ἑταῖρε,
1196 1945 1359 2041 ἔφην,
1394 1940 1669 2037 περιιτέον
1704 1945 1782 2011 τῷ
1812 1954 1846 1995 D

23 2041 25 2062 ⁴
96 2026 350 2100 τοιούτω,
373 2027 463 2081 καὶ
482 2023 583 2095 οὐχ
601 2020 767 2096 ἧττον
786 2022 1135 2095 μανθάνοντι
1154 2022 1425 2092 πονητέον
1443 2017 1479 2091 ἦ
1504 2025 1779 2091 γυμναζο-

101 2111 247 2181 μένῳ
262 2132 272 2141 ·
310 2107 363 2178 ἥ,
385 2104 417 2163 ὃ
439 2114 546 2163 νῦν
565 2107 631 2179 δὴ
654 2108 932 2178 ἐλέγομεν,
952 2112 1054 2160 τοῦ
1072 2108 1333 2174 μεγίστου
1351 2123 1409 2158 τε
1437 2105 1528 2158 καὶ
1546 2102 1781 2173 μάλιστα

23 2243 26 2272 4
101 2188 479 2260 προσήκοντος
508 2189 835 2261 μαθήματος
866 2189 951 2244 ἐπὶ
979 2190 1132 2252 τέλος
1161 2185 1363 2242 οὔποτε
1391 2183 1519 2257 ἥξει.
1562 2182 1648 2240 Οὐ
1674 2182 1781 2288 γὰρ

101 2279 290 2341 ταῦτα,
310 2275 432 2342 ἔφη,
453 2276 694 2342 μέγιστα,
724 2270 842 2327 ἀλλ’
871 2276 948 2327 ἔτι
967 2293 1017 2326 τι
1035 2274 1218 2342 μεῖζον
1238 2268 1594 2339 δικαιοσύνης
1611 2288 1668 2323 τε
1692 2269 1783 2322 καὶ
1827 2266 1829 2269 ’

106 2346 185 2409 ὧν
206 2354 532 2425 διήλθομεν;
569 2355 678 2410 Καὶ
695 2347 955 2425 μεῖζον,
920 2376 991 2424 ην
1011 2350 1061 2407 δ’
1087 2351 1218 2423 ἐγώ·
1251 2353 1342 2407 καὶ
1365 2349 1552 2407 αὐτων
1569 2348 1783 2406 τούτων

105 2434 208 2505 οὐχ
229 2431 564 2506 ὑπογραφὴν
586 2439 673 2491 δεῖ
690 2454 876 2504 ωσπερ
896 2441 1006 2490 νῦν
1034 2434 1372 2502 θεάσασθαι,
1399 2430 1537 2487 ἀλλὰ
1562 2430 1664 2502 τὴν
1694 2451 1785 2484 τε-

106 2516 384 2587 λεωτάτην
403 2514 744 2587 ἀπεργασίαν
764 2516 838 2587 μὴ
860 2519 1137 2588 παριέναι·
1157 2512 1194 2586 ἢ
1213 2514 1282 2571 ού
1312 2524 1547 2585 γελοῖον,
1578 2515 1666 2569 ἐπὶ
1685 2534 1786 2583 μεν

106 2598 291 2664 ἄλλοις
320 2605 557 2669 σμικροῦ
584 2596 753 2664 ἀξίοις
780 2606 893 2654 πᾶν
923 2609 1100 2654 ποιεῖν
1128 2595 1658 2668 συντεινομένους,
1638 2595 1786 2662 όπως
1813 2615 1847 2658 Β

106 2679 139 2737 ὅ
167 2702 217 2735 τι
245 2680 605 2751 ἀκριβέστατα
637 2683 728 2738 καὶ
759 2681 1127 2750 καθαρώτατα
1156 2682 1279 2749 ἕξει,
1305 2686 1419 2735 τῶν
1439 2678 1498 2736 δὲ
1514 2685 1788 2751 μεγίστων

107 2761 180 2834 μή
202 2762 687 2888 μὶγίσταῐςνάξιοῦν
730 2763 868 2820 εἶναι
900 2765 991 2819 καὶ
1019 2763 1115 2828 τὰς
1145 2762 1445 2835 ἀκριβείας;
1482 2766 1588 2818 Καὶ
1621 2761 1784 2834 μάλα,

285 2857 399 2888 ιΛτο
494 2876 505 2887 .
1480 2844 1534 2893 13
