1962 3236
217 192 326 245 200
856 195 1324 243 ΠΛΑΤΩΝΟΣ

219 349 280 382 το
303 323 570 393 δοξαστὸν
591 323 732 397 πρὸς
751 324 812 380 τὸ
838 323 1112 396 γνωστόν,
1134 325 1280 380 οὕτω
1300 324 1360 381 τὸ
1385 323 1661 396 ὁμοιωθὲν
1680 328 1816 398 πρὸς
1834 327 1895 384 τὸ

163 431 191 469 13
227 401 272 463 ῶ
303 407 596 479 ὡμοιώθη;
627 405 828 476 ’Ἑγωγ’
833 447 848 476 ,
884 411 1008 477 ἔφη,
1038 409 1128 462 καὶ
1156 407 1317 478 μάλα.
1366 407 1579 463 Σκόπει
1609 406 1673 479 δὴ
1705 413 1776 464 αὐ
1808 410 1898 464 καὶ
1960 464 1962 466 ,

220 488 323 561 τὴν
341 497 443 545 τοῦ
461 495 665 559 νοητοῦ
685 486 860 558 τομὴν
889 480 926 559 ᾖ
955 489 1201 558 τμητέον.
1240 495 1354 561 Πῇ;
1384 489 1469 543 Ηι
1498 487 1558 544 τὸ
1591 490 1691 560 μὲν
1725 488 1899 546 αὑτοῦ

223 584 336 636 τοῖς
355 573 476 627 τότε
498 578 788 641 τμηθεῑσιν
811 567 884 634 ὡς
905 568 1078 624 εἰκόσι
1095 572 1345 670 χρωμένη
1369 571 1513 641 ψυχη
1534 569 1758 642 ζητεῐν’
1727 594 1900 641 αναγ-

220 653 437 718 κοὶζεται
461 655 514 717 ἐξ
554 649 905 750 ὑποθέσεων,
926 648 1028 706 οὑκ
1059 649 1144 706 ἐπ’
1179 650 1368 753 ἀρχὴν,
1383 657 1743 724 πορευομένη,
1776 652 1895 708 ἀλλ’

221 735 307 788 ἐπὶ
327 731 607 802 τελευτήν,
628 729 690 785 τὸ
714 730 768 785 δ’
790 734 861 786 αὐ
883 732 1072 802 ἕτερον
1096 731 1195 804 [τὸ]
1222 732 1305 787 ἐπ’
1337 732 1510 804 ἀρχὴν
1542 733 1899 790 ανυπόθετον

223 815 277 879 ε’ξ,
297 813 618 877 ὑποθέσεως
637 816 799 867 ἰοῦσα
821 814 912 867 καὶ
940 811 1078 867 ἄνευ
1110 807 1293 882 ὦνπερ
1323 817 1499 869 ἐκείνο
1529 817 1765 871 εἰκόνων
1796 811 1900 871 αὑ-

222 908 335 960 τοῖς
373 899 540 950 εἴδεσι
580 893 654 949 δι’
701 893 889 949 αὐτῶν
923 893 1026 966 τὴν
1062 898 1308 965 μέθοδον
1346 902 1662 968 ποιουμένη.
1708 899 1900 970 Ταῦτ’,

223 981 347 1047 ἔφη,
370 975 405 1030 ὁὶ
424 980 611 1045 λέγεις,
633 974 734 1046 οὐχ
755 979 958 1039 ἱκανῶς
976 980 1204 1046 ἔμαθον.
1238 975 1383 1033 Ἀλλ’
1408 973 1591 1049 αὖθις,
1610 974 1682 1050 ἦν
1703 978 1754 1034 δ’
1779 980 1901 1050 ἐγώ·

157 1077 188 1118 c
224 1060 366 1131 ῥᾷον
388 1057 497 1128 γὰρ
527 1058 742 1112 τούτων
771 1061 1183 1129 προειρημένων
1213 1060 1467 1130 μαθήσει,
1524 1059 1671 1132 οἶμαι
1695 1062 1809 1134 γάρ
1839 1077 1902 1117 σε

223 1143 443 1207 εἰδέναι,
465 1137 548 1194 ὅτι
569 1142 624 1192 οἱ
651 1140 775 1208 περὶ
804 1137 902 1202 τοὶς
926 1145 1256 1210 γεωμετρίας
1281 1162 1338 1196 τε
1365 1143 1456 1197 καὶ
1484 1143 1784 1213 λογισμοὺς
1809 1143 1902 1198 καὶ

225 1219 291 1276 τὰ
315 1227 539 1275 τοιαῦτα
559 1220 1087 1290 πραγματευόμενοι,
1109 1220 1447 1293 ὑποθέμενοι
1466 1222 1531 1278 τό
1559 1245 1617 1280 τε
1641 1222 1902 1293 περιττὸν

224 1304 315 1358 καὶ
333 1301 394 1358 τὸ
419 1301 611 1369 ἄρτιον
629 1299 806 1356 καὶτὰ
830 1302 1075 1373 σχήματα
1095 1304 1186 1358 καὶ
1205 1308 1431 1373 γωνιῶν
1449 1302 1631 1375 τριττὰ
1665 1309 1781 1376 εἴδη
1811 1306 1898 1361 καὶ

224 1382 362 1440 ἄλλα
383 1383 594 1439 τούτων
624 1381 838 1453 ἀδελφὰ
875 1381 1013 1438 καθ’
1043 1383 1278 1454 ἑκάστην
1307 1386 1570 1457 μέθοδον,
1598 1392 1770 1440 ταῦτα
1801 1387 1903 1455 μὲν

226 1464 297 1530 ῶς
333 1465 552 1534 εἰδότες,
590 1464 951 1535 ποιησάμενοι
982 1462 1277 1530 ὑποθέσεις
1308 1460 1466 1535 αὑτά,
1501 1463 1704 1522 ου’δένα
1733 1468 1903 1538 λόγον

225 1545 353 1602 οὔτε
383 1543 569 1610 αὑτοῖς
599 1543 728 1600 οὔτε
753 1544 939 1610 ἄλλοις
969 1551 1046 1601 ἔτι
1078 1544 1290 1611 ἀξιοῦσι
1318 1547 1443 1618 περὶ
1474 1545 1661 1603 αὐτῶν
1690 1549 1905 1605 διδόναι

154 1642 189 1682 D
230 1628 303 1694 ῶς
342 1630 504 1684 παντὶ
542 1635 822 1698 φανερῶν,
859 1630 918 1682 ἐκ
955 1628 1169 1683 τούτων
1213 1625 1266 1682 δ’
1304 1627 1602 1699 ἀρχόμενοι
1639 1629 1705 1685 τὰ
1741 1631 1903 1687 λοιπὰ

225 1711 331 1781 ἤδη
354 1710 643 1776 διεξιόντες
662 1716 992 1765 τελευτῶσιν
1022 1708 1478 1781 ὁμολογουμένως
1505 1714 1592 1767 ἐπὶ
1620 1719 1802 1783 τοῦτο,
1835 1706 1904 1767 οὗ
1931 1726 1933 1729 ’

225 1789 297 1847 ἂν
317 1794 402 1847 ἐπὶ
422 1794 616 1856 σκέψιν
634 1789 968 1862 ὁρμήσωσιν.
1012 1790 1179 1846 Πάνυ
1209 1792 1309 1862 μὲν
1344 1787 1464 1863 οὖν,
1496 1797 1618 1863 ἔφη,
1649 1795 1814 1849 τοῦτό
1842 1817 1904 1864 γε

225 1873 360 1929 οἶδα.
410 1872 639 1929 Οὐκοῦν
657 1875 748 1929 καὶ
769 1872 851 1928 ὅτι
869 1882 981 1936 τοῖς
999 1870 1298 1943 ὁρωμένοις
1329 1878 1495 1930 εἴδεσι
1522 1881 1906 1944 προσχρῶνται

223 1958 314 2011 καὶ
342 1958 472 2021 τοῦς
504 1956 705 2024 λόγους
732 1956 855 2026 περὶ
883 1952 1069 2009 αὐτῶν
1098 1962 1402 2026 ποιοῦνται,
1440 1954 1507 2010 οὐ
1538 1958 1660 2022 περὶ
1691 1957 1906 2012 τούτων

226 2037 637 2108 διανοούμενοι,
669 2035 790 2092 ἀλλ’
834 2039 1063 2091 ἐκείνων
1097 2039 1239 2105 πέρι,
1278 2033 1360 2101 οἷς
1398 2045 1570 2091 ταῦτα
1606 2041 1765 2107 ἔοικε,
1804 2045 1905 2093 τοῦ

224 2120 576 2189 τετραγώνου
623 2117 799 2172 αὐτοῦ
837 2118 998 2172 ἕνεκα
1041 2115 1172 2180 τοὺς
1209 2118 1411 2187 λόγους
1458 2118 1779 2189 ποιούμενοι
1816 2123 1905 2173 καὶ

159 2215 197 2258 ,Ε
231 2203 524 2270 διαμέτρου
546 2197 732 2269 αὐτῆς,
754 2196 874 2253 ἀλλ’
900 2198 967 2253 οὐ
995 2198 1196 2267 ταύτης
1213 2196 1285 2268 ἣν
1302 2200 1600 2269 γράφουσι,
1624 2203 1712 2254 καὶ
1734 2194 1905 2256 τᾶλλα

228 2281 421 2351 οὕτως,
457 2279 597 2335 αὐτοὶ
631 2279 731 2350 μὲν
758 2286 948 2348 ταῦτα,
981 2277 1015 2334 ὁὶ
1044 2281 1348 2335 πλάττουσί
1374 2303 1431 2335 τε
1460 2283 1550 2336 καὶ
1569 2283 1904 2351 γράφουσιν,
1957 2333 1962 2335 .

229 2356 307 2418 ῶν
337 2365 428 2418 καὶ
461 2363 606 2417 σκιαὶ
636 2364 728 2416 καὶ
755 2363 818 2416 έν
846 2360 1046 2416 ὕδασιν
1078 2362 1286 2427 εἰκόνες
1316 2367 1438 2431 εἰσί,
1470 2363 1682 2427 τούτοις
1711 2364 1813 2433 μὲν
1835 2360 1908 2427 ῶς

227 2445 436 2500 εἰκόσιν
467 2437 540 2497 αὖ
571 2443 862 2513 χρώμενοι,
894 2444 1180 2513 ζητοῦντές
1210 2465 1268 2498 τε
1297 2442 1437 2498 αὐτοὶ
1467 2446 1649 2499 ἐκεῖνα
1685 2447 1839 2513 ἰδεῖν,
1871 2441 1906 2498 ἃ

109 2551 194 2593 511
226 2526 330 2582 οὐκ
355 2523 425 2581 ἄν
445 2524 622 2590 ἄλλως
641 2529 750 2581 ἴδοι
767 2547 848 2589 τις
867 2521 902 2595 ἢ
918 2531 987 2596 τῇ
1007 2529 1239 2596 διανοίᾳ.
1311 2523 1535 2595 Ἀληθῆ,
1567 2529 1690 2595 ἔφη,
1711 2527 1903 2593 λέγεις.

367 2612 497 2662 XXI.
542 2612 719 2662 Τοῦτο
738 2611 930 2661 τοίνυν
950 2603 1153 2676 νοητὸν
1172 2605 1273 2676 μὲν
1292 2604 1353 2660 τὸ
1378 2604 1518 2669 εἶδος
1537 2610 1744 2674 ἔλεγον,
1766 2601 1907 2657 ὑπο-

224 2691 417 2744 θέσεσι
437 2687 489 2744 δ’
509 2686 959 2759 ἀναγκαζομένην
988 2687 1171 2758 ψυχὴν
1192 2694 1434 2758 χρῆσθαι
1465 2687 1587 2755 περὶ
1615 2683 1716 2754 τὴν
1747 2684 1907 2754 ζήτη-

227 2787 317 2824 σιν
339 2769 529 2838 αὐτοῦ,
550 2768 654 2824 οὐκ
685 2767 773 2824 ἐπ’
805 2767 980 2839 ἀρχὴν
1007 2774 1220 2837 ἰοῦσαν,
1255 2765 1325 2830 ῶς
1353 2764 1422 2821 οὐ
1452 2766 1769 2834 δυναμένην
1792 2772 1907 2819 τῶν

227 2847 557 2904 ὑποθέσεων
576 2849 833 2918 ἀνωτέρω
866 2853 1157 2921 ἐκβαίνειν,
1196 2848 1368 2903 εἰκόσι
1398 2849 1456 2902 δὲ
1484 2848 1772 2916 χρωμένην
1803 2847 1908 2902 αὐ-
