1962 3236
232 177 299 232 78
729 151 748 156 ’
828 179 1304 228 ΠΛΑΤΩΝοΣ

230 318 472 371 τοιοῦτοι
509 315 598 368 καὶ
637 316 696 367 ἐν
734 313 919 381 λόγοις
949 312 1039 366 καὶ
1070 313 1130 365 έν
1162 315 1340 379 ἔργοις
1377 309 1790 380 ἁμαρτάνουσιν
1828 317 1904 376 εἰς

233 391 436 458 αὑτούς
454 413 511 448 τε
530 395 619 448 καὶ
640 396 715 456 εἰς
743 390 966 454 ἄλλους·
1007 387 1155 459 οἶμαι
1174 391 1232 444 δὲ
1252 385 1381 443 οὐδὲ
1409 393 1759 461 μαινομένοις
1786 394 1907 446 ἐθι-

232 477 394 531 στέον
415 472 729 544 ἀφομοιοῦν
748 469 953 535 αὐτοὺς
972 472 1031 525 ἐν
1050 469 1234 538 λόγοις
1264 467 1388 525 οὐδ’
1420 474 1482 525 ἐν
1509 475 1702 543 ἔργοις.
1758 492 1907 541 γνω-

234 559 394 611 στέον
422 555 522 624 μὲν
544 551 649 623 γὰρ
676 554 767 607 καὶ
800 553 1166 622 μαινομένους
1194 552 1285 606 καὶ
1314 552 1592 623 πονηρους
1616 551 1822 622 ἄνδρας
1848 572 1906 606 τε

233 638 324 691 καὶ
344 645 638 704 γυναικας,
678 633 931 703 ποιητέον
949 633 1008 687 δὲ
1027 628 1194 686 οὐδέν
1225 631 1439 687 τούτων
1468 630 1597 688 οὐδε
1629 635 1905 703 μιμητέον.

228 715 626 786 Ἀληθέστατα,
662 717 783 784 ἔφη.
864 717 933 767 Τί
946 710 1029 778 δ’;
1067 705 1138 782 ἦν
1166 709 1220 767 δ’
1243 713 1373 782 ἐγω·
1399 714 1765 783 χαλκεύοντας
1794 711 1830 784 ή
1856 733 1908 766 τι

236 796 369 852 άλλο
391 799 891 866 δημιουργοῦντας,
919 817 951 864 η
931 791 1307 858 “έλαύνοντας
1335 796 1570 866 τριήρεις
1589 792 1625 866 ἢ
1646 794 1908 851 κελεύον-

172 889 205 931 Β
235 900 331 942 τας
361 876 601 946 τούτοις,
650 875 684 946 ἤ
720 897 770 930 τι
805 873 937 930 ἄλλο
967 880 1079 928 τῶν
1119 875 1243 944 περὶ
1276 881 1447 929 ταῦτα
1480 880 1764 946 μιμητέον;
1799 874 1910 929 Καὶ

237 966 351 1023 πῶς
365 1001 380 1029 ,
418 961 522 1028 ἔφη
537 999 551 1027 ,
581 952 662 1020 οἷς
678 977 741 1026 γε
766 954 896 1011 οὐδὲ
916 957 1201 1025 προσέχειν
1219 953 1317 1009 τὸν
1334 962 1476 1010 νοῦν
1490 956 1705 1010 τούτων
1722 953 1911 1011 οὐδενὶ

237 1041 470 1105 ἐξέσται;
514 1041 582 1091 Τί
598 1039 683 1102 δέ;
709 1039 910 1099 ιππους
931 1039 1336 1105 χρεμετίζοντας
1354 1037 1445 1090 καὶ
1463 1036 1702 1107 ταύρους
1720 1055 1911 1106 μυκω-

237 1122 438 1191 μένους
454 1120 545 1173 καὶ
561 1117 839 1188 ποταμοὺς
853 1122 1174 1187 ψοφοῦντας
1189 1116 1279 1171 καὶ
1293 1117 1580 1172 θάλατταν
1591 1121 1912 1172 κτυποῦσαν

237 1203 329 1256 καὶ
347 1197 584 1272 βροντὰς
602 1200 692 1254 καὶ
711 1199 890 1253 πάντα
911 1219 982 1252 αυ
1001 1195 1067 1252 τὰ
1087 1202 1315 1252 τοιαῦτα
1332 1191 1369 1268 ἦ
1388 1197 1739 1268 μιμήσονται;
1764 1193 1906 1252 Ἀλλ’

239 1280 524 1353 ἀπείρηται
563 1278 774 1349 αὐτοῖς,
813 1283 919 1349 ἔφη
935 1321 950 1348 ,
970 1277 1123 1376 μήτε
1151 1282 1449 1348 μαίνεσθαι
1479 1277 1613 1348 μήτε
1649 1279 1912 1348 μαινομέ-

239 1384 358 1426 νοις
376 1360 805 1432 ἀφομοιοῦσθαι.
862 1364 935 1414 Εί
962 1356 1055 1428 άρ’
1063 1400 1078 1428 ,
1117 1361 1189 1428 ήν
1218 1361 1271 1413 δ’
1292 1359 1426 1429 ἐγώ,
1467 1359 1770 1430 μανθάνω
1775 1356 1811 1413 οἳ
1840 1359 1911 1413 σύ

241 1445 440 1513 λέγεις,
462 1447 574 1498 ἔστι
588 1463 639 1497 τι
661 1441 802 1506 εἶδος
819 1439 1010 1506 λέξεώς
1027 1461 1084 1495 τε
1105 1443 1196 1495 καὶ
1216 1441 1590 1512 διηγήσεως,’
1563 1462 1623 1495 εν
1639 1434 1741 1514 ᾦ”
1704 1462 1776 1495 αν
1794 1442 1913 1509 διη-

183 1542 214 1584 G
243 1536 394 1596 γοιτο
415 1521 444 1578 ὁ
464 1529 540 1597 τῷ
561 1521 680 1579 όντι
695 1521 861 1586 καλὸς
892 1520 1166 1591 κάγαθός,
1203 1518 1368 1575 ὁπότε
1400 1543 1451 1576 τι
1485 1523 1597 1576 δέοι
1632 1517 1804 1575 αὐτὸν
1824 1521 1914 1575 λέ-

242 1626 387 1677 γειν
425 1605 581 1660 καὶ
550 1625 737 1673 ετερον
757 1596 829 1658 αὗ
849 1601 1114 1672 ἀνόμοιον
1146 1601 1324 1674 τούτω
1347 1600 1514 1672 εἶδος,
1552 1593 1622 1656 οὗ
1648 1623 1718 1656 αν
1738 1605 1913 1670 ἔχοιτο

243 1688 456 1743 αἰεὶκαὶ
475 1688 535 1741 έν
555 1677 599 1759 ᾦ
630 1681 916 1755 διηγοῖτο
890 1706 918 1739 ο
951 1686 1209 1747 ἐναντίως
1242 1684 1433 1756 ἐκείνῳ
1462 1682 1572 1753 φύς
1592 1704 1649 1737 τε
1677 1683 1769 1737 καὶ
1782 1703 1914 1752 τρα-

245 1772 380 1839 φείς.
453 1772 596 1821 Ποῖα
637 1765 703 1836 δή
717 1807 730 1833 ,
773 1769 906 1835 ἔφη,
954 1769 1152 1829 ταῦτα;
1185 1761 1242 1818 Ὁ
1280 1767 1380 1833 μέν
1412 1786 1503 1834 μοι
1541 1767 1715 1834 δοκεῖ,
1750 1784 1823 1833 ην
1859 1758 1912 1816 δ’

245 1848 379 1919 ἐγώ,
417 1848 632 1917 μέτριος
651 1845 818 1917 ἀνήρ,
849 1842 1120 1900 ἐπειδάν’
1091 1849 1352 1915 αφίκηται
1380 1848 1440 1900 έν
1459 1851 1524 1917 τῇ
1554 1843 1796 1916 διηγήσει
1829 1843 1916 1898 ἐπὶ

247 1931 390 1995 λέξιν
405 1927 527 1983 τινὰ
546 1924 583 1997 ἢ
609 1931 809 1997 πρᾶξιν
839 1924 1041 1995 ἀνδρὸς
1068 1923 1312 1995 ἀγαθοῦ,
1343 1925 1632 1995 ἐθελήσειν
1653 1922 1725 1987 ὥς
1752 1920 1918 1986 αὐτὸς

250 2033 330 2065 ων
348 2012 557 2072 ἐκεῖνος
577 2006 940 2077 ἀπαγγέλλειν
959 2008 1049 2062 καὶ
1069 2004 1172 2061 οὐκ
1193 2010 1573 2075 αἰσχυνεῖσθαι
1602 2006 1688 2059 ἐπὶ
1715 2010 1783 2075 τῇ
1802 2024 1917 2057 τοι-

250 2091 388 2162 αύτῃ
403 2089 647 2160 μιμήσει,
667 2088 898 2159 μάλιστα
914 2089 1014 2157 μὲν
1032 2107 1367 2156 μιμουμενος
1378 2107 1479 2140 τον
1497 2083 1716 2155 ἀγαθὸν
1734 2082 1917 2155 ἀσφα-

177 2188 215 2229 D
251 2177 358 2235 λῶς
392 2192 449 2225 τε
480 2171 571 2224 καὶ
609 2169 898 2238 ἐμφρόνως
934 2166 1270 2237 πράττοντα,
1308 2166 1512 2221 ἐλάττω
1552 2166 1611 2221 δὲ
1629 2166 1720 2220 καὶ
1753 2157 1918 2235 ἦττον

250 2275 282 2322 η
306 2249 413 2306 ὑπὸ
434 2249 620 2305 νόσων
638 2246 674 2319 ἢ
694 2247 801 2303 ὑπὸ
828 2247 1048 2318 ἐρώτων
1068 2250 1414 2317 ἐσφαλμένον
1441 2269 1474 2316 η
1505 2247 1595 2301 καὶ
1615 2243 1723 2301 υπὸ
1744 2248 1919 2315 μέθης

251 2331 288 2403 ἤ
304 2351 451 2394 τινος
470 2328 636 2400 ἄλλης
660 2332 945 2400 ξυμφορᾶς
958 2352 969 2362 ·
992 2327 1127 2383 ὅταν
1147 2329 1205 2383 δὲ
1221 2333 1471 2398 γίγνηται
1493 2326 1632 2382 κατά
1649 2347 1772 2380 τινα
1791 2327 1922 2381 ἑαυ-

251 2418 354 2468 τοῦ
381 2409 631 2481 ἀνάξιον,
670 2409 774 2466 οὐκ
813 2410 1098 2480 ἐθελήσειν
1126 2413 1343 2481 σπουδῇ
1378 2407 1687 2473 ἀπεικάζειν
1723 2406 1922 2463 ἑαυτὸν

250 2499 327 2565 τῷ
346 2500 578 2563 χείρονι,
601 2489 739 2563 εἰμὴ
761 2491 869 2560 ἄρα
886 2491 1023 2546 κατὰ
1043 2491 1247 2562 βραχύ,
1285 2488 1421 2546 ὅταν
1440 2510 1491 2544 τι
1518 2486 1753 2560 χρηστὸν
1772 2493 1919 2558 ποιῇ,

254 2571 372 2630 ἀλλ’
390 2577 769 2644 αἰσχυνεῖσθαι
782 2614 797 2643 ,
816 2572 927 2644 ἅμα
947 2573 1046 2643 μὲν
1066 2571 1413 2643 ἀγύμναστος
1428 2566 1506 2626 ὢν
1523 2575 1624 2625 τοῦ
1641 2575 1922 2640 μιμεῖσθαι

254 2653 383 2720 τούς
402 2654 712 2725 τοιούτους,
737 2653 849 2725 ἅμα
871 2654 929 2709 δὲ
949 2657 1040 2709 καὶ
1060 2658 1434 2724 δυσχεραίνων
1455 2649 1624 2707 αὑτὸν
1643 2648 1923 2719 ἐκμάττειν

195 2757 229 2796 Ε
260 2758 316 2792 τε
337 2739 428 2793 καὶ
446 2737 722 2794 ἐνιστάναι
743 2742 817 2803 εἰς
834 2738 962 2802 τοὺς
978 2745 1089 2793 τῶν
1108 2737 1385 2792 κακιόνων
1399 2735 1633 2802 τύπους,
1653 2729 1923 2802 ἀτιμάζων

259 2827 325 2894 τῇ
347 2825 589 2892 διανοίᾳ,
622 2820 654 2876 δ’
671 2844 723 2877 τι
747 2819 819 2892 μὴ
852 2825 1068 2885 παιδιᾶς
1094 2820 1268 2890 χάριν.
1323 2817 1515 2886 Εἰκός,
1537 2819 1656 2886 ἔφη.
