1962 3236
27 123 85 168 95
422 114 627 161 ΠΕΡΙ
665 112 954 162 ΨΥΧΑΣ
984 97 1298 162 ΚοΣΜῼ.
1600 113 1703 165 413

28 253 124 312 τᾶς
151 247 464 311 ἐλάσσονος.
500 243 536 301 ἆ
566 242 619 302 δ’
646 247 898 316 έλαχίστα
926 248 988 301 ἐν
1012 241 1163 318 αὐτῷ
1187 253 1363 316 γωνία
1392 251 1579 314 τρίτον
1606 245 1705 315 ὀρ·-

28 335 140 395 θᾶς
158 332 286 397 ἐστί,
307 333 564 384 διπλασία
585 325 645 383 δὲ
660 327 863 392 ταύτας
881 323 915 382 ἆ
939 330 1077 397 μέσα
1090 349 1102 359 ·
1136 326 1240 382 δύο
1266 325 1374 397 γὰρ
1391 331 1592 397 τρίτων
1611 326 1701 383 ἅδ’

29 414 204 466 ἐστίν·
242 407 278 464 ἆ
299 409 359 466 δὲ
382 414 608 480 μεγίστα
637 406 802 477 ὀρθά,
836 405 1084 477 ἆμιόλιος
1110 407 1213 478 μὲν
1238 414 1337 474 τοῖς
1361 411 1528 479 μέσας
1553 410 1703 478 ἐοῖσα,

28 496 323 559 τριπλασία
340 490 400 546 δὲ
418 494 516 554 τᾶς
533 491 827 558 ἐλαχίστας.
844 495 1008 544 τοῦτο
1029 488 1079 544 δ’
1104 483 1186 544 ὦν
1203 488 1265 545 τὸ
1286 495 1560 560 τρίγωνον
1579 486 1706 561 ἁμι-

28 571 303 641 τρίγωνόν
326 573 472 626 ἐστιν
496 569 809 640 ίσοπλεύρω
829 571 1098 642 τριγωνω,
1117 574 1236 643 δίχα
1261 574 1579 644 τετμαμένω
1604 594 1708 627 κα-
1745 585 1775 626 Β

29 658 175 727 θέτω
195 650 302 709 ἀπὸ
322 658 419 717 τᾶς
433 657 685 721 κορυφᾶς
702 654 756 715 ἐς
774 651 878 707 τάν
894 651 1057 723 βάσιν
1075 655 1131 717 ἐς
1158 661 1251 708 ἴσα
1274 656 1440 724 μέρεα
1461 653 1580 709 δύο.
1618 651 1707 722 ὀρ-

28 733 283 804 θογώνια
317 733 419 804 μὲν
461 726 543 788 ὦν
578 735 688 788 ἐντὶ
723 734 979 802 ἑκατέρω,
1010 732 1151 789 ἀλλὰ
1188 737 1249 789 έν
1276 727 1323 808 ᾦ
1351 735 1454 805 μὲν
1483 737 1569 790 ταὶ
1604 733 1708 790 δύο

30 816 263 885 πλευραὶ
286 815 369 869 ταὶ
391 816 514 884 περὶ
532 812 636 869 τᾶν
656 812 840 882 ὀρθὰν
859 814 1023 884 μόναι
1053 823 1184 884 ἶσαι,
1204 817 1266 870 ἐν
1290 809 1337 890 ᾧ
1367 818 1427 871 δὲ
1448 818 1535 872 ταὶ
1567 825 1710 885 τρεῖς

30 904 202 954 πᾶσαι
221 896 418 952 ἄνισοι.
455 896 736 967 σκαληνὸν
754 898 812 952 δὲ
841 903 1004 952 τοῦτο
1023 898 1126 968 μὲν
1143 901 1447 967 καλεέσθω,
1475 908 1623 953 κεῖνο
1651 897 1710 952 δὲ

33 979 496 1052 ἆμιτετράγωνον,
521 976 659 1049 ἀρχὰ
680 977 972 1043 συστάσιος
991 985 1108 1049 γᾶς.
1146 978 1206 1034 τὸ
1238 979 1345 1051 γὰρ
1365 979 1710 1049 τετράγωνον

34 1068 94 1121 ἐκ
130 1067 351 1132 τουτέω,
383 1066 441 1118 ἐκ
475 1062 745 1131 τεττόρων
771 1060 1231 1133 ἡμιτετραγιόνων
1259 1062 1708 1132 συντεθειμένου,

33 1150 94 1204 ἐκ
124 1146 184 1201 δὲ
217 1151 292 1200 τῶ
323 1145 647 1213 τετραγωνω
673 1150 982 1213 γεννᾶσθαι
1003 1141 1105 1198 τὸν
1131 1143 1328 1214 κύβον,
1356 1142 1714 1214 ἑδραιότατον
1747 1160 1779 1202 C

34 1230 123 1284 καὶ
138 1230 401 1282 σταδαῖον
416 1231 598 1296 παντᾷ
610 1230 785 1294 σῶμα,
808 1227 864 1289 ἓξ
883 1223 984 1294 μὲν
1003 1224 1258 1294 πλευράς,
1273 1222 1415 1279 ὀκτώ
1432 1223 1490 1279 δὲ
1507 1218 1711 1294 γωνίας

37 1314 179 1379 ἕχον.
227 1311 493 1362 καττοῦτο
534 1307 592 1360 δὲ
630 1304 947 1376 βαρύτατόν
976 1325 1034 1359 τε
1062 1306 1153 1359 καὶ
1184 1307 1519 1359 δυσκίνατον
1554 1302 1589 1359 ἁ
1620 1309 1709 1374 γᾶ,

37 1387 418 1460 ἆμετάβλητόν
434 1407 493 1442 τε
517 1391 674 1456 σῶμα
693 1388 746 1450 ἐς
766 1383 905 1441 ἄλλα
936 1383 1026 1441 διὰ
1060 1383 1121 1440 τὸ
1152 1383 1534 1441 ἄκοινώνατον
1562 1383 1712 1455 εἶμεν

35 1477 112 1526 τῶ
133 1469 280 1525 ἄλλω
308 1470 494 1537 γένεος
519 1472 594 1521 τῶ
625 1466 892 1537 τριγωνω.
924 1466 1071 1538 μόνα
1095 1467 1203 1537 γὰρ
1228 1465 1263 1521 ἁ
1289 1474 1362 1537 γᾶ
1391 1470 1536 1522 ἴδιον
1563 1483 1713 1522 στοι-

36 1564 183 1624 χεῖον
203 1557 309 1621 ἔχει
327 1548 388 1604 τὸ
410 1547 871 1619 ἁμιτετράγωνον,
897 1554 1063 1603 τοῦτο
1085 1549 1143 1604 δὲ
1174 1559 1442 1617 στοιχεῖον
1469 1554 1582 1602 τῶν
1612 1546 1713 1602 ἅλ-

37 1641 152 1690 λων
170 1631 440 1702 σωμάτων
458 1633 585 1700 ἐστί,
606 1629 797 1700 πυρός,
819 1627 997 1700 ἀέρος,
1016 1628 1232 1693 ὕδατος.
1254 1627 1430 1694 ἑξάκις
1447 1626 1555 1699 γὰρ
1575 1644 1713 1684 συν-

37 1718 298 1778 τεθέντος
326 1718 402 1767 τῶ
434 1709 780 1782 ἁμιτριγώνω
810 1717 1083 1781 τρίγωνον
1118 1713 1172 1776 ἐξ
1203 1708 1354 1766 αὐτῶ
1381 1711 1713 1781 ἰσόπλευρον

39 1802 264 1867 γίνεται,
289 1797 343 1859 ἐξ
363 1788 406 1848 ὦ
428 1790 462 1847 ἆ
484 1794 722 1863 πυραμὶς
743 1796 995 1862 τέττορας
1022 1792 1217 1864 βάσιας
1238 1794 1330 1848 καὶ
1348 1790 1444 1856 τὰς
1463 1800 1584 1857 ἴσας
1603 1813 1714 1862 γω-
1747 1805 1780 1845 D

41 1884 163 1942 νίας
195 1880 375 1945 ἔχοισα
413 1879 751 1942 συντίθεται,
788 1873 931 1939 εἶδος
964 1873 1143 1945 πυρὸς
1177 1871 1600 1930 εὐκινατότατον
1626 1876 1717 1929 καὶ

0 1982 11 2002 ’-
41 1957 556 2026 λεπτομερέστατον,
578 1954 711 2026 μετὰ
733 1959 791 2011 δὲ
810 1962 971 2012 τοῦτο
993 1953 1309 2025 ὀκτάεδρον,
1332 1953 1473 2011 ὀκτώ
1494 1955 1595 2027 μὲν
1614 1954 1719 2027 βά-

41 2056 180 2106 σιας,
201 2041 257 2103 ἓξ
276 2037 333 2092 δὲ
351 2043 555 2106 γωνίας
574 2042 718 2108 ἔχον,
752 2036 911 2107 ἀέρος
935 2049 1218 2108 στοιχεῖον,
1247 2043 1433 2106 τρίτον
1463 2039 1523 2093 δὲ
1547 2036 1609 2092 τὸ
1640 2040 1719 2092 εἰ-

43 2123 335 2189 κοσίεδρον
352 2123 563 2189 βασίων
582 2117 684 2188 μὲν
703 2126 895 2189 εἴκοσι,
916 2126 1137 2189 γωνιῶν
1166 2118 1224 2174 δὲ
1255 2117 1484 2189 δώδεκα,
1515 2117 1719 2182 ὕδατος

4 2271 6 2274 Ι
44 2212 311 2270 στοιχεῖον
338 2199 817 2270 πολυμερέστατον
852 2202 943 2256 καὶ
966 2202 1296 2272 βαρύτατον.
1336 2207 1508 2256 ταῦτα
1544 2198 1598 2255 δ’
1637 2193 1719 2255 ὦν

44 2280 153 2337 ἀπὸ
172 2278 351 2335 ταύτῶ
371 2286 614 2349 στοιχείω
643 2285 975 2352 συγκείμενα
1000 2286 1074 2346 εἰς
1103 2281 1312 2338 ἅλλαλα
1342 2284 1617 2353 τρέπεται·
1655 2278 1717 2336 τὸ

47 2364 107 2416 δὲ
126 2360 507 2430 δωδεκάεδρον
526 2361 713 2416 εἰκόνα
723 2369 801 2416 τῶ
812 2361 1015 2427 παντὸς
1032 2362 1310 2431 ἐστάσατο,
1325 2365 1545 2434 ἔγγιστα
1560 2366 1716 2433 σφαί-
1751 2374 1780 2414 Ε

48 2465 148 2512 ρας
177 2441 281 2498 ἐόν.
339 2448 452 2511 πῦρ
481 2441 584 2511 μὲν
610 2435 690 2497 ὦν
720 2442 810 2497 διὰ
838 2441 942 2498 τὰν
980 2449 1343 2514 λεπτομερίαν
1379 2442 1467 2498 διὰ
1496 2444 1722 2498 πάντων

46 2518 199 2594 ἧκεν,
222 2522 329 2594 α’ήρ
353 2544 411 2578 τε
442 2522 531 2578 διὰ
560 2530 672 2578 τῶν
697 2522 883 2579 ἄλλων
903 2529 1003 2589 ἔξω
1024 2524 1218 2595 πυρός,
1240 2523 1395 2595 ὕδωρ
1424 2524 1482 2581 δὲ
1505 2523 1595 2580 διὰ
1626 2529 1722 2587 τοῖς

14 2645 20 2655 .
47 2612 163 2675 γᾶς.
187 2603 403 2659 ἅπαντα
421 2604 470 2658 δ’
499 2598 579 2659 οὖν
597 2605 776 2676 πλήρη
797 2607 926 2676 ἐντί,
941 2604 1107 2662 οὐδὲν
1124 2604 1319 2661 κενεὸν
1337 2604 1718 2662 ἀπολείποντα.

19 2691 27 2702 “
49 2686 346 2755 συνάγεται
371 2688 428 2740 δὲ
448 2692 517 2758 τᾷ
534 2691 810 2759 περιφορᾷ
827 2693 906 2742 τῶ
925 2688 1144 2757 παντός,
1174 2690 1264 2744 καὶ
1291 2687 1587 2760 ἠρεισμένα
1605 2691 1723 2758 τρί-
