1962 3236
671 131 1228 180 ΠΟΛΙΤΕΙΑΣα.
1724 126 1797 182 13

103 262 348 329 ἀκούσας
385 262 691 333 ἐξεπλάγην
718 265 811 318 καὶ
839 264 1205 334 προσβλέπων
1236 261 1411 318 αύτόν
1446 265 1787 335 ἐφοβούμην,

105 352 204 402 καί
218 366 312 415 μοι
331 348 495 411 δοκῶ,
518 348 569 399 εί
583 345 656 414 μὴ
675 343 943 414 πρότερος
963 342 1179 414 ἑωράκη
1200 340 1376 398 αὐτὸν
1394 340 1432 415 ἦ
1450 346 1658 410 ἐκεῖνος
1677 347 1787 416 ἐμέ,

105 427 331 498 ἄφωνος
349 422 420 480 ἄν
439 427 719 495 γενέσθαι.
756 431 867 479 νῦν
885 426 946 481 δὲ
962 422 1128 497 ἡνίκα
1149 423 1259 480 ὑπὸ
1275 432 1379 481 τοῦ
1398 426 1573 497 λόγου
1592 426 1789 498 ἤρχετο

102 512 545 579 ἐξαγριαίνεσθαι
560 547 575 574 ,
617 509 968 577 προσέβλεψα
989 505 1164 564 αὐτὸν
1188 506 1481 578 πρότερος,
1523 507 1662 564 ὥστε
1683 509 1788 564 αύ-

102 597 181 663 τῷ
200 586 315 653 οἷός
342 587 392 643 τ’
414 587 685 658 ἐγενόμην
713 584 1145 659 ἀποκρίνασθαι,
1166 589 1258 644 καὶ
1278 587 1434 645 εἷπον
1456 587 1786 661 ὑποτρέμων

95 666 164 726 Ὦ
184 669 543 740 Θρασύμαχε,
574 667 648 739 μὴ
677 666 911 738 χαλεπὸς
924 666 1058 739 ἡμῖν
1085 678 1206 725 ἴσθι
1223 689 1234 699 ·
1274 675 1324 726 εἰ
1345 669 1452 744 γὰρ
1483 672 1782 744 ἐξαμαρτά-

103 772 276 822 νομεν
293 753 356 806 ἐν
375 756 444 821 τῇ
460 756 575 804 τῶν
593 749 779 819 λόγων
797 752 987 815 σκέψει
1006 750 1111 819 ἐγώ
1131 773 1188 805 τε
1207 753 1299 806 καὶ
1320 750 1415 808 ὅδε
1432 794 1446 822 ,
1479 746 1544 809 εὖ
1562 761 1683 809 ἴσθι
1703 753 1789 809 ὅτι

105 833 332 896 ἄκοντες
362 829 765 902 ἁμαρτάνομεν.
810 828 885 902 μὴ
921 829 1029 902 γὰρ
1061 829 1127 902 δὴ
1157 839 1309 901 οἴου,
1350 837 1401 887 εί
1429 833 1531 903 μὲν
1556 839 1787 904 χρυσίον

103 917 426 985 ἐζητοῦμεν,
457 909 560 967 ούκ
593 911 666 967 ἄν
696 931 829 968 ποτε
848 911 992 983 ἡμᾶς
1011 912 1237 977 ἑκόντας
1258 912 1397 969 εἶναι
1416 911 1787 971 ὑποκατακλί-

105 1002 307 1050 νεσθαι
338 992 594 1064 ἀλλήλοις
624 995 686 1048 ἐν
705 1001 771 1065 τῇ
791 993 1005 1064 ζητήσει
1024 995 1115 1048 καὶ
1135 996 1486 1065 διαφθείρειν
1504 995 1604 1067 τὴν
1625 995 1786 1069 εὕρε-

108 1095 200 1132 σιν
217 1074 419 1143 αὐτοῦ,
456 1074 821 1145 δικαιοσύνην
855 1074 915 1129 δὲ
945 1079 1266 1146 ζητοῦντας,
1305 1084 1530 1149 πρᾶγμα
1562 1084 1786 1134 πολλῶν

105 1162 350 1227 χρυσίων
368 1155 692 1225 τιμιώτερον
709 1196 724 1224 ,
747 1154 930 1210 ἔπειθ’
955 1155 1131 1220 οὕτως
1150 1154 1400 1228 ἀνοήτως
1418 1155 1664 1214 ὑπείκειν
1685 1157 1786 1216 ἀλ-

103 1241 290 1311 λήλοις
309 1241 399 1295 καὶ
421 1236 490 1293 οὐ
510 1237 842 1303 σπουδάζειν
860 1237 894 1294 δ’
911 1261 962 1293 τι
980 1239 1215 1310 μάλιστα
1231 1247 1475 1311 φανῆναι
1489 1239 1640 1295 αὐτό.
1661 1249 1785 1297 οἴου

106 1343 168 1392 γε
188 1320 286 1390 σύ,
309 1313 355 1375 ὦ
373 1326 498 1390 φίλε
516 1340 526 1351 ·
549 1316 671 1374 ἀλλ’
690 1361 706 1388 ,
728 1318 877 1390 οἶμαι
893 1362 907 1390 ,
943 1320 1013 1375 ού
1041 1321 1359 1392 δυνάμεθα·
1388 1324 1662 1377 ἐλεεῖσθαι
1683 1315 1788 1377 οὖν
1864 1335 1868 1343 ’

1816 1418 1899 1464 337

101 1401 243 1474 ἡμᾶς
273 1399 416 1456 πολύ
450 1408 664 1472 μᾶλλον
698 1401 845 1466 εἰκός
870 1404 988 1457 ἐστί
1001 1422 1112 1457 που
1131 1399 1239 1459 ὑπὸ
1267 1400 1426 1475 ὑμῶν
1451 1410 1564 1459 τῶν
1583 1407 1785 1459 δεινῶν

102 1481 138 1556 ἦ
156 1489 600 1555 χαλεπαίνεσθαι.

243 1570 326 1621 xl.
362 1566 471 1620 Καὶ
502 1563 562 1629 ὃς
594 1562 840 1630 ἀκούσας
867 1564 1210 1637 ἀνεκάγχασέ
1226 1590 1284 1624 τε
1312 1569 1458 1639 μάλα
1480 1568 1785 1639 σαρδάνιον

175 1650 189 1670 s
243 1646 264 1667 τ
369 1641 390 1666 5
441 1644 454 1663 e
567 1647 578 1662 r
947 1645 973 1665 ‘t
1055 1646 1068 1666 ²
1148 1654 1160 1670 ι
1253 1649 1266 1669 e
1465 1661 1487 1673 «υ
1740 1655 1753 1671 t

67 1697 76 1704 .
101 1670 195 1703 ,ιιαι
214 1667 365 1703 ειπεν
378 1651 435 1701 «Ω,
448 1652 744 1718 Ηρακλεις,
760 1652 884 1718 ἔφη,
898 1669 1038 1718 αντη
1072 1670 1225 1720 κεινη
1236 1673 1270 1721 η
1285 1655 1517 1706 εἰωθυια
1533 1654 1785 1720 εἰρωνεια

103 1727 440 1798 Σωκράτους
454 1769 470 1798 ,
492 1730 583 1783 καὶ
600 1725 756 1783 ταῦτ’
778 1727 886 1799 ἐγώ
905 1727 1012 1800 ᾔδη
1031 1751 1088 1784 τε
1108 1733 1197 1786 καὶ
1216 1731 1432 1797 τούτοις
1452 1730 1782 1803 προύλεγον,

104 1809 188 1866 ὅτι
210 1809 282 1865 σὺ
302 1807 715 1880 ἀποκρίνασθαι
742 1812 843 1879 μὲν
876 1809 979 1864 οὐκ
1009 1812 1324 1883 ἐθελήσοις,
1350 1813 1702 1885 εἰρωνεύσοιο
1724 1813 1784 1869 δὲ

106 1895 196 1948 καὶ
215 1892 397 1947 πάντα
413 1898 628 1962 μᾶλλον
647 1892 897 1962 ποιήσοις
915 1888 951 1962 ἦ
970 1891 1311 1963 ἀποκρινοῖο,
1333 1903 1390 1950 εἴ
1401 1901 1480 1959 τίς
1498 1900 1555 1951 τί
1564 1911 1626 1950 σε
1646 1898 1785 1964 ἐρω-

103 1980 186 2047 τᾷ.
226 1973 418 2043 Σοφός
435 1971 544 2043 γάρ
565 1971 636 2042 εἴ,
657 1967 729 2043 ἦν
750 1972 799 2028 δ’
826 1975 933 2043 ἐγώ
948 2016 962 2042 ,
987 1968 1031 2029 ὦ
1051 1975 1406 2046 Θρασύμαχε·
1430 1971 1496 2032 εὖ
1524 1971 1631 2032 οὖν
1645 1976 1785 2048 ᾔδη-

105 2065 217 2112 σθα
231 2053 334 2124 ὅτι,
356 2061 412 2111 εἴ
425 2076 490 2110 τι.
581 2060 599 2067 “
621 2077 718 2110 ιοιο
738 2054 919 2111 ὁπόσα
939 2060 1051 2112 ἐστὶ
1070 2055 1135 2111 τὰ
1158 2059 1390 2128 δώδεκα,
1411 2061 1502 2114 καὶ
1522 2059 1784 2130 ἐρόμενος

103 2145 386 2207 προείποις
421 2136 569 2210 αύτςι,
641 2136 783 2202 ῗπως
802 2161 919 2209 μοι,
966 2133 1011 2194 εὖ
1043 2139 1338 2211 ἄνθρωπε,
1377 2140 1450 2212 μὴ
1488 2142 1656 2212 ἐρεῖς,
1700 2137 1784 2197 ὅτι

102 2225 214 2276 ἔστι
232 2221 298 2275 τὰ
317 2219 534 2275 δώδεκα
548 2221 629 2283 δὶς
649 2223 702 2285 ἐξ
722 2218 851 2291 μηδ’
877 2219 961 2275 ὅτι
979 2222 1094 2290 τρὶς
1109 2224 1336 2294 τέτταρα
1354 2221 1487 2293 μηδ’
1506 2220 1590 2278 ὅτι
1606 2222 1783 2288 ἑξάκις

101 2302 205 2357 δύο
224 2301 354 2372 μηδ’
377 2299 462 2356 ὅτι
480 2301 729 2371 τετράκις
746 2307 894 2374 τρία·
933 2302 1005 2368 ὠς
1034 2302 1138 2359 οὐκ
1158 2301 1496 2376 ἀποδέξομαί
1514 2321 1619 2360 σου
1632 2346 1648 2374 ,
1686 2303 1783 2360 ἐὰν

99 2389 327 2438 τοιαῦτα
358 2389 638 2456 φλυαρῇς·
673 2387 874 2455 δῆλον,
914 2384 1091 2457 οἶμαι,
1130 2390 1217 2442 σοὶ
1244 2381 1317 2458 ἦν
1335 2385 1420 2443 ὅτι
1441 2384 1621 2451 οὐδεὶς
1639 2387 1783 2442 άπο-

99 2474 343 2535 κρινοῐτο
379 2471 457 2537 τῷ
495 2464 645 2520 οὕτω
681 2470 1109 2569 πυνθανομένῳ.
1166 2468 1286 2526 ἄλλ’
1323 2479 1379 2527 εἴ
1401 2487 1488 2527 σοι
1517 2469 1692 2525 εἶπεν·
1737 2492 1781 2524 ω

102 2545 466 2615 Θρασύμαχε,
505 2553 621 2611 παῖς
656 2551 854 2617 λέγεις,
891 2550 963 2621 μὴ
1002 2549 1386 2623 ἀποκρίνωμαι
1417 2575 1497 2608 ων
1524 2563 1782 2622 προειπες

99 2627 296 2696 μηδέν;
333 2625 599 2695 πότερον,
632 2650 675 2683 ω
697 2631 1002 2702 θαυμάσιε,
1036 2632 1169 2702 μηδ’
1201 2637 1253 2687 εί
1274 2632 1489 2687 τούτων
1507 2654 1557 2688 τι
1574 2632 1782 2703 τυγχά-

97 2728 183 2762 νει
214 2706 312 2775 ὅν,
348 2706 470 2763 ἀλλ’
496 2709 688 2779 ἕτερον
709 2718 844 2766 εἴπω
863 2734 915 2767 τι
933 2720 1036 2769 τοῦ
1065 2712 1340 2785 ἀληθοῦς;
1373 2737 1406 2785 η
1435 2720 1552 2779 πῶς
1579 2716 1780 2785 λέγεις,

97 2793 153 2843 τί
179 2810 251 2844 αν
279 2786 433 2845 αύτω
461 2788 605 2855 εἶπες
624 2791 762 2860 πρὸς
779 2800 986 2862 ταῦτα·
1019 2793 1178 2866 Εἶεν,
1215 2799 1347 2868 ἔφη·
1387 2792 1459 2861 ὡς
1487 2794 1619 2868 δὴ”’
1586 2818 1782 2867 ομοιον

1816 514 1848 554 E

1813 2156 1844 2196 B

1811 2817 1843 2858 C
