1962 3236
256 173 325 223 62
687 198 689 200 ·
850 169 1330 218 ΠΛΑΤΩΝΟΣ

257 306 554 377 τοιούτων,
590 302 627 376 ἢ
647 302 715 361 ού
733 311 878 360 θεοῦ
902 308 1032 374 ἔργα
1054 303 1241 358 ἐατέον
1261 298 1400 356 αὐτοὶ
1417 305 1623 373 λέγειν,
1653 299 1690 374 ἦ
1710 308 1759 358 εἰ
1773 308 1932 369 θεοῦ,

259 390 571 459 ἐξευρετέον
601 385 788 451 αὐτοῖς
818 383 1017 456 σχεδὸν
1040 382 1109 440 ὃν
1135 391 1246 439 νῦν
1272 382 1426 455 ἡμεῖς
1455 383 1625 455 λόγον
1648 388 1932 455 ζητοῦμεν,

194 486 225 525 Β
258 472 347 526 καὶ
366 474 605 541 λεκτέον,
629 467 702 534 ὡς
720 466 750 524 ὁ
772 468 874 538 μὲν
891 465 1027 532 θεὸς
1046 466 1228 522 δίκαιά
1247 487 1305 521 τε
1323 467 1414 520 καὶ
1432 463 1621 536 ἀγαθοὶ
1641 464 1932 537 εἰργάζετο,

257 555 315 608 οἰ
341 553 401 607 δὲ
431 549 700 607 ὠνίναντο
730 548 1103 619 κολαζόμενοι.
1159 545 1231 612 ὡς
1260 548 1320 603 δὲ
1352 546 1543 603 ἄθλιοι
1572 549 1672 619 μὲν
1701 550 1757 605 oc
1774 550 1934 617 δίκην

259 634 531 703 διδόντες,
550 626 624 703 ἦν
649 633 707 687 δὲ
730 631 799 702 δὴ
821 628 850 686 ὁ
874 634 1025 701 δρῶν
1045 637 1218 685 ταῦτα
1236 630 1400 701 θεός,
1423 629 1527 686 οὐκ
1545 632 1735 686 ἐατέον
1754 631 1934 699 λέγειν

256 714 356 771 τόν
374 715 607 786 ποιητήν
619 737 630 748 ·
652 711 775 770 ἀλλ’
795 718 846 769 εἰ
861 713 963 784 μὲν
981 710 1065 769 ὅτι
1080 713 1393 784 ἐδεήθησαν
1408 711 1686 776 κολάσεως
1705 714 1933 781 λέγοιεν,

259 794 331 861 ὡς
354 795 545 852 ἄθλιοι
565 799 623 852 oc
638 801 814 865 κακοί,
836 793 1082 858 διδόντες
1100 794 1158 849 δὲ
1179 796 1337 864 δίκην
1363 790 1682 864 ὠφελοῦντο
1703 790 1811 851 ὑπὸ
1832 797 1935 846 τοῦ

256 885 418 949 θεοῦ,
439 882 629 935 ἐατέον
644 896 655 907 ·
681 883 869 933 κακῶν
890 876 948 932 δὲ
967 883 1145 932 αἴτιον
1166 875 1343 945 φάναι
1361 875 1502 930 θεόν
1520 897 1628 929 τινι
1645 880 1934 943 γίγνεσθαι

258 957 480 1030 ἀγαθὸν
500 958 663 1028 ὅντα,
705 960 1058 1028 διαμαχετέον
1076 957 1238 1011 παντὶ
1251 955 1442 1029 τρόπῳ
1462 954 1595 1026 μήτε
1613 952 1736 1008 τινὰ
1758 954 1936 1022 λέγειν

256 1050 429 1097 ταῦτα
448 1043 509 1096 ἐν
526 1047 596 1111 τῇ
616 1037 792 1094 αὑτοῦ
820 1039 1004 1109 πόλει,
1043 1042 1094 1093 εἰ
1118 1038 1300 1109 μέλλει
1325 1035 1763 1108 εὐνομήσεσθαι,
1801 1035 1935 1106 μήτε

193 1139 225 1182 C
256 1121 379 1179 τινὰ
400 1120 658 1192 ἀκούειν,
690 1119 824 1192 μήτε
845 1118 1119 1192 νεώτερον
1136 1119 1271 1191 μήτε
1290 1118 1694 1191 πρεσβύτερον,
1726 1114 1852 1189 μήτ’
1875 1118 1937 1172 ἐν

256 1205 437 1277 μέτρῳ
459 1202 596 1275 μήτε
616 1200 756 1258 ἄνευ
774 1204 979 1273 μέτρου
998 1206 1446 1272 μυθολογοῦντα,
1470 1196 1543 1263 ὡς
1567 1198 1696 1254 οὔτε
1720 1195 1844 1253 ὅσια
1863 1193 1936 1252 ἄν

256 1285 557 1356 λεγόμενα,
578 1289 630 1339 εἰ
645 1287 857 1354 λέγοιτο
870 1325 886 1354 ,
925 1281 1055 1338 οὔτε
1080 1282 1337 1354 ξύμφορα
1355 1278 1488 1354 ἡμῖν
1509 1280 1638 1337 οὔτε
1658 1280 1936 1351 σύμφωνα

255 1365 398 1422 αὐτοὶ
420 1365 623 1432 αὐτοῖς.
657 1364 979 1437 Σύμψηφός
998 1369 1091 1420 σοί
1105 1370 1230 1435 εἰμι,
1252 1368 1375 1435 ἔφη,
1397 1363 1601 1420 τούτου
1620 1369 1722 1417 τοῦ
1739 1361 1934 1433 νόμου,

256 1454 352 1505 καί
374 1471 469 1520 μοι
497 1447 729 1519 ἀρέσκει.
787 1441 966 1511 Οὗτος
983 1446 1087 1518 μὲν
1107 1450 1327 1516 τοίνυν,
1347 1438 1419 1516 ἦν
1438 1444 1491 1501 δ’
1511 1444 1620 1515 ἐγώ
1632 1487 1645 1513 ,
1668 1441 1743 1509 εἷς
1762 1439 1834 1499 ἂν
1850 1451 1936 1514 εἴη

255 1538 369 1587 τῶν
401 1531 526 1601 περὶ
551 1531 723 1594 θεοὺς
753 1530 945 1601 νόμων
974 1550 1031 1584 τε
1062 1531 1153 1584 καὶ
1172 1528 1390 1598 τύπων,
1429 1530 1490 1582 ἐν
1522 1521 1568 1602 ᾦ
1596 1526 1779 1598 δεήσει
1806 1523 1937 1589 τοὺς

257 1616 517 1684 λέγοντας
545 1615 727 1683 λέγειν
754 1613 847 1668 καὶ
877 1610 1008 1677 τοῦς
1036 1616 1334 1676 ποιοῦντας
1362 1621 1575 1680 ποιεῖν,
1605 1608 1680 1680 μὴ
1712 1609 1938 1664 πάντων

256 1703 435 1751 αἴτιον
452 1694 554 1749 τὸν
571 1693 713 1750 θεὸν
733 1693 871 1749 ἀλλὰ
891 1699 1005 1749 τῶν
1025 1691 1275 1764 ἀγαθῶν.
1332 1692 1441 1748 Καὶ
1460 1690 1611 1763 μάλ’,
1631 1694 1737 1762 ἔφη
1751 1734 1765 1761 ,
1797 1689 1937 1746 ἀπό-

189 1803 219 1844 0
254 1798 372 1847 χρη.
431 1781 501 1831 Τί
528 1776 586 1831 δὲ
616 1773 683 1847 δὴ
713 1773 742 1831 ὁ
776 1775 1033 1847 δεύτερος
1063 1775 1186 1842 (ἴδες
1224 1768 1333 1845 ἀρα
1361 1774 1533 1845 γόητα
1554 1773 1654 1829 τὸν
1671 1771 1816 1829 θεὸν
1836 1780 1939 1828 οἴει

258 1858 397 1914 εἶναι
415 1861 507 1913 καὶ
527 1853 647 1913 οἷον
667 1860 720 1923 ἐξ
739 1861 1034 1929 ἐπιβουλῆς
1053 1856 1431 1928 φαντάζεσθαι
1450 1855 1645 1911 ἄλλοτε
1668 1857 1728 1910 ἐν
1748 1853 1939 1918 ἄλλαις

258 1943 441 2011 ἰδέαις,
462 1941 583 1995 τοτὲ
601 1940 703 2010 μὲν
725 1938 898 1995 αὐτὸν
916 1939 1251 2011 γιγνόμενον
1270 1940 1362 1994 καὶ
1381 1937 1725 1994 ἀλλάττοντα
1749 1934 1811 1992 τὸ
1834 1933 1939 1990 αύ-

256 2029 359 2078 τοῦ
382 2021 525 2086 εἶδος
546 2027 621 2086 εἰς
640 2019 846 2085 πολλάς
866 2021 1114 2092 μορφάς,
1153 2020 1275 2076 τοτὲ
1294 2020 1354 2076 δὲ
1371 2018 1514 2090 ἡμᾶς
1532 2017 1828 2073 ἀπατῶντα
1847 2018 1939 2072 καὶ

257 2110 525 2158 ποιοῦντα
556 2105 682 2173 περὶ
710 2100 890 2157 αὑτοῦ
921 2108 1148 2158 τοιαῦτα
1178 2105 1391 2170 δοκεῖν,
1427 2096 1464 2171 ἢ
1484 2097 1703 2155 ἁπλοῦν
1717 2121 1777 2154 τε
1799 2097 1939 2154 εἶναι

256 2188 348 2239 καὶ
366 2183 591 2239 πάντων
609 2182 804 2255 ἥκιστα
822 2190 919 2254 τῆς
938 2184 1140 2238 ἑαυτοῦ
1159 2185 1304 2247 ἰδέας
1330 2184 1632 2254 ἐκβαίνειν;
1674 2178 1795 2236 Οὐκ
1814 2184 1936 2251 ἔχω,

257 2269 380 2337 ἔφη,
402 2271 511 2321 νῦν
527 2287 591 2336 γε
616 2264 792 2330 οὕτως
812 2270 1000 2320 εἰπεῖν.
1043 2268 1113 2319 Τί
1132 2265 1190 2320 δὲ
1209 2263 1365 2331 τόδε;
1402 2261 1507 2319 ούκ
1526 2261 1762 2333 ἀνάγκη,
1784 2269 1937 2330 εἴπερ

254 2371 307 2404 τι
325 2351 587 2415 ἐξίσταιτο
605 2355 701 2419 τῆς
721 2345 895 2404 αὑτοῦ
915 2349 1090 2418 ἰδέας,
1119 2342 1157 2418 ἢ
1176 2343 1309 2400 αὐτὸ
1330 2343 1435 2416 ὑφ’
1455 2346 1656 2401 ἑαυτοῦ
1672 2348 1938 2414 μεθίστα-

190 2454 221 2493 Ε
256 2427 447 2501 σθαιῆ
477 2427 578 2486 ὑπ’
614 2429 815 2496 ἄλλους
848 2427 1099 2499 Ἀνάγκη.
1157 2425 1389 2483 Οὐκοῦν
1416 2423 1525 2481 ὑπὸ
1556 2424 1660 2496 μὲν
1677 2423 1850 2480 ἄλλον
1868 2422 1936 2479 τά

258 2513 454 2584 ἄριστα
489 2517 680 2582 ἔχοντα
713 2510 910 2583 ἥκιστα
945 2508 1268 2565 ἀλλοιοῦταί
1298 2529 1355 2563 τε
1392 2508 1484 2562 καὶ
1521 2517 1776 2572 κινεῖται;
1815 2501 1937 2561 οἷον

257 2601 412 2665 σῶμα
438 2590 546 2649 ὑπὸ
569 2599 758 2649 σιτίων
775 2615 834 2649 τε
854 2594 945 2649 καὶ
964 2597 1152 2648 ποτῶν
1170 2593 1261 2646 καὶ
1281 2589 1491 2660 πόνων,
1511 2589 1604 2644 καὶ
1622 2594 1737 2643 πᾶν
1755 2585 1937 2657 φυτὸν

255 2672 367 2731 ὑπὸ
400 2674 665 2746 εἱλήσεών
694 2697 753 2731 τε
780 2676 874 2730 καὶ
905 2672 1128 2746 ἀνέμων
1145 2675 1365 2728 καὶτῶν
1382 2670 1654 2728 τοιούτων
1671 2666 1936 2738 παθημά-

143 2774 222 2820 381
255 2777 395 2825 των,
434 2753 503 2809 ού
531 2756 592 2811 τό
620 2753 942 2827 ὑγιέστατον
969 2759 1061 2811 καὶ
1081 2753 1442 2826 ἰσχυρότατον
1459 2749 1655 2822 ἥκιστα
1673 2746 1935 2804 ἀλλοιοῦ-

253 2858 367 2902 ταιί
401 2841 531 2899 Πῶς
551 2834 607 2890 δ’
630 2835 700 2891 οὔ
713 2860 727 2902 ;
757 2837 955 2907 Ψυχὴν
976 2837 1033 2892 δὲ
1057 2833 1124 2891 ού
1143 2834 1247 2906 τὴν
1266 2829 1661 2902 ἀνδρειοτάτην
1680 2830 1772 2884 καὶ
1791 2849 1934 2900 φρο-
