1962 3236
0 1017 59 1064 f

61 972 102 1015 s

215 146 320 199 248
817 150 1295 199 ΠΛΑΤΩΝΟΣ

217 281 309 337 καὶ
330 278 468 352 αὐτὴ
492 278 634 351 αὐτῇ
659 280 902 350 μάχεται,
930 284 1102 336 ἐνίοτε
1128 281 1186 336 δὲ
1213 284 1303 337 καὶ
1333 280 1470 338 ἄνευ
1499 291 1612 339 τῶν
1636 289 1736 351 ἔξω
1766 305 1899 342 στα-

101 378 188 426 557
223 363 420 427 σιάζει;
452 363 560 416 Καὶ
582 362 802 430 σφόδρα
821 383 897 430 ys.
933 368 1290 431 Δημοκρατία
1322 364 1406 434 δή,
1441 363 1606 435 οἶμαι,
1637 359 1897 439 γιγνεται,
1959 385 1962 387 ’

218 441 357 498 ὅταν
394 445 449 496 οἱ
480 443 705 511 πένητες
743 442 1065 512 νικήσαντες
1093 443 1224 507 τοὺς
1259 445 1359 513 μὲν
1398 441 1760 502 ἀποκτείνωσι
1789 455 1899 502 των

218 524 434 592 ἐτέρων,
456 521 585 586 τοὺς
622 523 681 577 δε
710 524 1002 627 ἐκβάλωσι,
1033 536 1145 588 τοῖς
1169 525 1227 581 ds
1257 532 1468 590 λοιποῖς
1497 529 1549 592 ἐξ
1580 535 1705 583 ἴσου
1736 551 1901 598 μετα-

222 609 359 659 δῶσι
378 610 652 668 πολιτείας
669 626 727 659 τε
748 607 836 659 και
859 604 1044 675 άρχῶν
1067 609 1175 676 [καὶ
1198 605 1270 669 ὡς
1292 605 1351 661 τὸ
1375 606 1518 662 πολὺ
1541 606 1649 662 ἀπὸ
1678 609 1901 705 κληρων

218 708 273 739 αι
263 685 458 756 ἁρχαὶ
489 690 548 741 ἐν
568 684 713 758 αὐτῇ
741 693 1059 756 γίγνονται]ο
1083 684 1234 742 Ἐστι
1259 689 1386 758 γάρ,
1414 693 1536 758 ἔφη,
1570 687 1707 760 αὕτη
1737 688 1771 760 ἡ
1797 713 1900 745 κα-

219 767 477 831 τάστασις
497 770 928 838 δημοκρατίας,’
903 768 1000 822 εάν
1020 789 1077 822 τε
1109 769 1196 823 καὶ
1227 766 1300 822 δι’
1337 767 1526 823 ὅπλων
1556 773 1777 840 γένηται
1802 773 1901 826 ἐάν

152 910 154 912 ,
217 871 274 904 τε
295 850 386 903 καὶ
407 845 494 903 δια
519 849 700 919 φόβον
719 846 1142 914 ὑπεξελθόντων
1162 856 1274 903 τῶν
1305 851 1520 919 ἑτέρων.

355 934 439 985 XI.
484 936 618 985 Τίνα
640 928 704 999 δὴ
731 933 851 998 οὐν,
889 933 961 1000 ἠν
991 928 1041 983 δ’
1083 931 1207 1000 s'yco',
1240 923 1394 985 οὗτοι
1422 932 1647 1030 τρόπον
1658 939 1896 1000 οι’κοῦσι;

160 1030 191 1069 Β
219 1015 308 1066 καὶ
328 1017 458 1066 ποία
476 1034 556 1075 τις
576 1009 608 1081 ἡ
628 1013 853 1082 τοιαύτη
883 1015 954 1065 αὐ
975 1018 1246 1075 πολιτεία;
1282 1016 1453 1083 δῆλον
1478 1013 1583 1082 γὰρ
1615 1012 1698 1068 ὅτι
1723 1012 1751 1070 ὁ
1782 1038 1898 1070 τοι-

216 1099 378 1156 οῦτος
399 1091 541 1162 ἀνὴρ
564 1093 964 1162 δημοκρατικός
981 1115 1060 1156 τις
1078 1090 1506 1163 ἀναφανήσεται.
1542 1102 1751 1166 Δῆλον,
1775 1102 1894 1167 ἔφη.

219 1173 448 1230 Οὐκοῦν
468 1182 690 1243 πρῶτον
709 1175 811 1244 μὲν
831 1172 896 1245 δὴ
920 1175 1222 1241 ἐλεύθεροι,
1245 1178 1334 1230 καὶ
1355 1178 1670 1246 ἐλευθερίας
1690 1175 1721 1247 ἡ
1744 1178 1900 1241 πόλις

216 1255 383 1327 μεστὴ
407 1258 497 1311 καὶ
516 1260 821 1325 παρρησίας
837 1261 1095 1325 γίγνεται,
1117 1257 1205 1309 καὶ
1230 1259 1449 1320 ἐξουσία
1480 1259 1541 1312 ἐν
1562 1255 1701 1328 αὐτῇ
1722 1271 1900 1312 ποιεῖν

217 1336 322 1392 ὅτί
336 1359 413 1400 τις
434 1337 722 1408 βούλεται;
763 1341 994 1407 Λέγεταί
1006 1358 1068 1406 ys
1099 1339 1186 1407 δή,
1218 1343 1336 1408 ἔφη.
1365 1336 1542 1392 Ὅπου
1565 1341 1629 1393 δέ
1656 1361 1717 1407 ys
1744 1342 1900 1404 ἐξου-

221 1425 346 1487 σία,·
366 1421 538 1487 δῆλον
566 1415 650 1472 ὅτι
681 1421 827 1472 ἰδίαν
856 1419 1081 1482 ἕκαστος
1111 1414 1181 1472 ἄν
1218 1417 1566 1487 κατασκευὴν
1593 1423 1696 1472 τοῦ
1725 1417 1899 1473 αὑτοῦ

218 1505 345 1570 βίου
366 1499 821 1564 κατασκευάζοιτο
843 1502 901 1553 ἐν
921 1499 1078 1570 αὐτῇ,
1100 1497 1215 1569 ἥτις
1236 1500 1467 1554 ἕκαστον
1488 1497 1726 1566 ἀρέσκοι.
1777 1507 1900 1569 Δῆ-

162 1603 192 1644 c
218 1589 334 1636 λον.
366 1581 721 1644 Παντοδαποὶ
746 1579 812 1649 δὴ
835 1579 923 1650 ἄν,
948 1580 1111 1651 οἶμαι,
1139 1582 1198 1634 ἐν
1216 1580 1387 1651 ταύτῃ
1421 1585 1486 1650 τῇ
1518 1586 1760 1652 πολιτείᾳ
1791 1583 1900 1651 μά-

217 1661 736 1734 λιστ’-ἐγγίγνοιντο
769 1661 1079 1731 ἅνθρωποι.
1126 1667 1254 1724 Πῶς
1283 1661 1389 1730 γὰρ
1416 1659 1513 1727 οὕς
1546 1662 1901 1731 Κινδυνεύει,

215 1738 286 1815 ἦν
323 1743 375 1799 δ’
419 1744 542 1814 ἐγώ,
581 1749 839 1814 καλλίστη
877 1743 1016 1814 αὕτη
1056 1749 1169 1798 τῶν
1201 1748 1494 1798 πολιτειῶν
1528 1742 1685 1815 εἶναι,
1713 1743 1899 1812 ῶσπερ

218 1825 438 1896 ἱμάτιον
457 1831 710 1881 ποικίλον
733 1833 900 1881 πασιν
921 1825 1122 1880 ἄνθεσι
1155 1827 1597 1895 πεποικιλμένον,
1634 1823 1781 1879 οὕτω
1807 1827 1897 1879 καὶ

218 1906 359 1978 αὕτη
384 1924 555 1962 πασιν
590 1906 753 1978 ἤθεσι
789 1910 1177 2010 πεποικιλμένη
1212 1912 1471 1976 καλλίστη
1509 1902 1581 1960 o'c'v
1618 1912 1895 1975 φαίνοιτο·

216 1990 308 2044 καὶ
330 1995 469 2052 ἴσως
478 1991 597 2059 μέν,
617 1991 689 2059 ἡν
709 1985 760 2043 δ’
791 1988 916 2059 ἐγώ,
950 1991 1039 2044 καὶ
1071 1989 1297 2058 ταύτην,
1336 1986 1520 2054 ῶσπερ
1548 1990 1602 2040 οι
1625 1989 1812 2051 παῖδές
1840 2006 1898 2040 τε

215 2072 308 2126 καὶ
327 2074 388 2124 αι
402 2082 660 2140 γυναῖκες
679 2091 745 2124 τα
767 2075 984 2125 ποικίλα
1005 2070 1298 2139 θεώμενοι.
1330 2073 1624 2137 καλλίστην
1653 2063 1725 2122 α“ν
1758 2075 1900 2123 πολ-

217 2153 302 2206 λοὶ
328 2156 590 2219 κρίνειαν.
630 2153 738 2205 Καὶ
759 2148 910 2220 μάλ’,
933 2155 1054 2220 ἔφη.
1092 2152 1201 2205 Καὶ
1223 2154 1334 2204 ἔστι
1363 2170 1442 2218 ys,
1475 2151 1515 2202 ῶ
1547 2149 1797 2219 μακάριε,
1828 2143 1899 2219 ἦν

153 2263 189 2304 D
217 2229 269 2286 δ’
293 2232 418 2301 s’yco‘,
439 2231 747 2301 ἐπιτηδειον
766 2236 941 2301 ζητεῖν
966 2234 1026 2287 ἐν
1055 2230 1194 2302 αὐτῇ
1225 2236 1518 2285 πολιτειαν.
1562 2236 1631 2284 Τί
1654 2230 1750 2300 δή·
1738 2272 1752 2296 ,
1778 2229 1896 2285 Ότι

217 2313 396 2368 πάντα
416 2315 550 2383 γένη
580 2317 873 2368 πολιτειῶν
902 2317 1008 2382 ἔχει
1038 2311 1127 2367 διὰ
1157 2311 1258 2382 τὴν
1287 2315 1558 2378 ἐξουσίαν,
1590 2314 1679 2366 καὶ
1706 2314 1901 2366 κινδυ-

217 2394 370 2449 νεύει
387 2400 467 2467 τςὸ
485 2396 809 2465 βουλομένῳ
826 2395 987 2449 πόλιν
1009 2395 1452 2459 κατασκευάζειν,
1476 2389 1506 2446 ὃ
1531 2399 1638 2446 νῦν
1654 2390 1720 2461 δὴ
1747 2389 1900 2460 ἡμεῖς

218 2479 534 2546 ἐποιοῦμεν,
563 2473 865 2546 ἀναγκαῖον
886 2474 1026 2531 εἶναι
1042 2481 1116 2539 εἰς
1130 2477 1656 2546 δημοκρατουμένην
1677 2474 1901 2529 ἐλθόντι

216 2557 402 2628 πόλιν,
434 2553 495 2622 ὃς
519 2554 590 2612 σ’ἱν
624 2555 799 2612 αὐτὸν
836 2555 1039 2629 ἀρέσκῃ
1073 2556 1291 2625 τρόπος,
1326 2560 1531 2611 τοῦτον
1555 2557 1899 2620 ἐκλέξασθαι,

221 2636 404 2707 ῶσπερ
427 2642 502 2702 εἰς
521 2638 910 2693 παντοπώλιον
929 2637 1252 2710 ἀφικομένῳ
1275 2642 1584 2706 πολιτειῶν,
1622 2636 1712 2689 καὶ
1743 2636 1898 2688 ἐκλε-

218 2721 432 2792 ξαμένῳ
455 2717 602 2774 οὕτω
621 2724 961 2785 κατοικίζειν.
984 2719 1146 2783 Ἴσως
1163 2725 1322 2789 γοῦν,
1341 2724 1464 2787 ἔφη,
1486 2715 1589 2771 οὐκ
1609 2711 1680 2769 ὅὶν
1700 2712 1907 2782 άποροῖ

162 2824 192 2864 Ε
218 2801 694 2871 παραδειγμάτων.
753 2800 827 2855 Τό
862 2801 919 2856 δὲ
949 2805 1221 2871 μηδεμίαν
1251 2798 1517 2868 ἀνάγκην,
1557 2794 1728 2862 εἷπον,
1761 2794 1900 2850 εἶναι
