1962 3236
262 143 366 207 190
895 160 1371 207 HAATszNOZ

261 291 540 360 ἐμποιοῖεν
552 288 952 387 ξυμμιγνύντες
971 310 1028 343 τε
1048 293 1137 343 καὶ
1150 270 1527 357 κεραννύντες
1547 294 1607 348 ἐκ
1626 316 1739 349 των
1759 299 1944 366 ἐπιτη-

262 371 551 441 δευμάτων
581 370 641 425 τὸ
675 369 1049 439 άνδρείκελον,
1079 367 1176 424 ἀπ’
1209 373 1425 427 ἐκείνου
1453 374 1888 446 τεκμαιρόμενοι,
1912 375 1944 431 ὃ

259 451 325 523 δὴ
348 455 437 507 καὶ
442 451 681 524 Όμηρος
700 454 957 507 ἐκάλεσεν
985 454 1045 506 ἐν
1073 463 1185 516 τοῖς
1205 451 1528 521 ἀνθρώποις
1547 455 1943 552 ἐγγιγνόμενον

258 538 504 599 θεοειδές
525 556 582 590 τε
601 535 691 589 καὶ
709 538 1042 588 θεοείκελον.
1074 532 1300 603 Ὀρθῶς,
1325 538 1446 604 ἔφη.
1486 537 1595 590 Καὶ
1623 534 1685 590 τὸ
1718 538 1820 606 μὲν
1849 535 1939 605 ἄν,

194 616 232 670 Ὀ
265 614 431 686 οἶμαι,
452 618 806 684 ἐξαλείφοιεν,
827 613 887 668 τό
917 614 975 669 δὲ
1001 613 1167 668 πάλιν
1185 613 1536 684 ἐγγράφοιεν,
1568 616 1669 679 ἕως
1696 616 1729 670 ὅ
1758 639 1810 671 τι
1838 618 1942 687 μά-

259 703 419 752 λιστα
438 697 765 767 ἀνθρώπεια
795 695 909 766 ἤθη
942 699 1018 759 είς
1047 695 1184 750 ὅσον
1212 698 1484 765 ἐνδέχεται
1510 703 1758 768 θεοφιλῆ
1779 698 1944 768 ποιή-

260 795 432 834 σειαν.
452 783 730 848 Καλλίστη
753 783 894 846 γοῦν
912 776 1001 847 ἄν,
1022 781 1144 847 ἔφη,
1162 775 1191 847 ἡ
1212 775 1400 849 γραφὴ
1420 781 1648 848 γένοιτο.
1682 773 1794 849 Ἆρ’
1817 773 1939 849 οὖν,

260 855 332 932 ἦν
358 860 407 916 δ’
434 861 559 931 ἐγώ,
581 864 852 930 πείθομέν
878 879 954 931 πῃ
979 862 1242 925 ἐκείνους,
1275 858 1372 924 οὓς
1401 863 1820 932 διατεταμένους
1844 859 1937 931 ἐφ’

257 942 398 1015 ἡμᾶς
423 947 646 1013 ἔφησθα
667 945 822 1011 ἰέναι,
838 939 908 1004 ὡς
926 939 1174 1003 τοιοῦτός
1194 943 1304 996 ἐστι
1319 947 1614 996 πολιτειῶν
1633 941 1939 1012 ζωγράφος,

259 1022 328 1080 ὃν
345 1021 458 1080 τότ’
479 1025 795 1094 ἐπῃνοῦμεν
826 1019 965 1089 πρὸς
994 1019 1216 1088 αὐτούς,
1241 1018 1316 1075 δι’
1346 1018 1414 1075 ὃν
1442 1023 1639 1076 ἐκεῖνοι
1657 1025 1943 1091 ἐχαλέπαι-

258 1126 379 1175 νον,
402 1101 488 1159 &a
505 1105 602 1168 τὰς
620 1103 806 1167 πόλεις
825 1101 975 1176 αὐτῷ
996 1105 1381 1173 παρεδίδομεν,
1397 1106 1496 1157 καί
1508 1124 1558 1157 τι
1573 1109 1786 1172 μᾶλλον
1805 1101 1941 1158 αὐτὸ

258 1193 369 1241 νῦν
393 1184 692 1250 ἀκούοντες
714 1185 1086 1256 πραΰνονται;
1122 1186 1231 1240 Καὶ
1250 1183 1395 1239 πολύ
1420 1205 1499 1254 γε,
1518 1178 1556 1255 ἦ
1574 1182 1627 1239 δ’
1650 1182 1726 1252 ὅς,
1762 1189 1813 1239 εἰ
1830 1201 1932 1239 σως

205 1291 237 1331 1)
262 1273 587 1339 φρονοῦσιν.
621 1268 717 1337 11ῑῆ
743 1266 852 1336 γὰρ
887 1264 954 1336 δὴ
982 1267 1203 1330 ἕξουσιν
1234 1263 1673 1336 άμφισβητῆσαι;
1707 1265 1939 1335 πότερον

258 1347 333 1419 μὴ
351 1355 452 1403 τοῦ
471 1346 630 1412 ὄντος
648 1368 706 1402 τε
726 1349 816 1402 καὶ
835 1346 1097 1418 άληθείας
1115 1345 1348 1416 ἐραστὰς
1378 1345 1519 1402 εἶναι
1546 1346 1676 1411 τοὺς
1707 1348 1940 1416 φιλοσό-

258 1452 430 1500 φους;
455 1428 696 1484 ’Ἀτοπον
728 1428 879 1498 μέντ’
914 1429 1002 1497 ἄν,
1041 1433 1165 1498 ἔφη,
1198 1435 1297 1498 εἴη.
1340 1426 1500 1483 Ἀλλὰ
1528 1427 1601 1498 μὴ
1631 1428 1734 1498 τὴν
1767 1429 1943 1498 φύσιν

178 1566 180 1569 .
259 1509 448 1567 αὐτῶν
485 1515 694 1565 οἰκείαν
730 1509 869 1565 εἶναι
903 1516 1004 1566 τοῦ
1041 1508 1287 1579 άρίστου,
1322 1506 1394 1580 ἣν
1426 1507 1580 1580 ἡμεῖς
1610 1510 1940 1580 διήλθομεν,

262 1590 410 1649 Οὐδὲ
429 1598 607 1648 τοῦτο.
651 1596 721 1647 Τί
737 1595 801 1648 δέ
811 1616 824 1656 ;
860 1590 964 1662 τὴν
991 1592 1256 1662 τοιαύτην
1283 1597 1564 1661 τυχοῦσαν
1592 1597 1705 1645 τῶν
1731 1609 1942 1661 προση-

258 1673 478 1729 κόντων
510 1672 956 1744 ἐπιτηδευμάτων
983 1671 1087 1727 οὐκ
1117 1670 1341 1743 ἀγαθὴν
1366 1673 1562 1735 τελέως
1595 1675 1822 1727 ἔσεσθαι
1851 1673 1942 1727 καὶ

259 1754 574 1825 φιλόσοφον
594 1762 746 1823 εἴπερ
776 1751 896 1808 τινὰ
919 1751 1120 1824 ἅλλην;
1157 1750 1192 1824 ἢ
1218 1755 1464 1818 ἐκείνους
1483 1753 1686 1824 φήσειν
1708 1758 1938 1822 μᾶλλον,

202 1853 235 1894 Ε
257 1859 361 1902 ους
382 1834 535 1908 ἡμεῖς
553 1834 943 1907 άφωρίσαμεν;
985 1835 1070 1892 Ού
1103 1837 1298 1907 δήπου.
1327 1835 1444 1892 ”En
1474 1829 1582 1891 οὖν
1610 1833 1962 1920 ἀγριανοῦσι

257 1919 537 1988 λεγόντων
555 1916 731 1990 ἡμῶν,
754 1940 853 1989 οτι,
875 1920 1005 1989 πρὶν
1024 1915 1095 1974 ἄν
1114 1918 1326 1984 πόλεως
1354 1917 1415 1974 τὸ
1438 1917 1755 1988 φιλόσοφον
1783 1919 1962 2011 γένος

256 1999 512 2071 ἐγκρατες
532 2001 775 2070 γένηται,
797 2000 924 2055 οὔτε
956 2001 1111 2056 πόλει
1132 1998 1261 2056 ου’τε
1277 2003 1531 2063 πολίταις
1541 2020 1731 2053 κακων
1751 1980 1962 2092 noem-oc:

258 2087 425 2152 ἔσται,
440 2078 613 2136 ουδὲ“
585 2103 619 2152 η
641 2079 941 2151 πολιτεια,
917 2103 990 2151 ην
999 2086 1433 2151 μυθολογουμεν
1445 2079 1612 2152 λόγῳ,
1635 2083 1774 2151 ἔργῳ
1787 2063 1962 2143 τέλος

258 2163 515 2234 λήψεται;
539 2162 714 2231 Ἴσως,
721 2166 865 2260 ἔφη,
892 2156 1074 2231 ἦττον.
1119 2163 1322 2218 Βούλει
1357 2183 1481 2230 ουν,
1511 2155 1582 2231 ἦν
1612 2158 1661 2215 δ’
1704 2159 1830 2230 ἐγώ,
1861 2158 1936 2230 μὴ

254 2238 422 2315 ἧττον
442 2265 637 2314 φωμεν
665 2239 869 2308 αὐτοὺς
896 2242 1035 2299 άλλὰ
1067 2244 1382 2299 παντάπασι
1410 2243 1626 2315 πράους
1654 2246 1942 2311 γεγονέναι

139 2353 227 2398 502
262 2328 353 2382 καὶ
371 2326 741 2394 πεπεῖσθαι,”
717 2347 807 2379 ινα
829 2329 879 2379 εἰ
904 2324 979 2426 μη’
998 2347 1050 2380 τι
1077 2323 1215 2382 άλλιὶ
1244 2327 1635 2395 αἰσχυνθέντες
1665 2321 1942 2393 ὁμολογή-

258 2423 452 2465 σωσιν·
442 2448 455 2471 ,
488 2405 655 2460 Πάνυ
672 2425 773 2476 μεν
794 2399 916 2475 οὖν,
939 2410 1059 2477 ἔφη.

395 2491 522 2542 XIV.
562 2479 735 2542 Οὗτοι
752 2508 852 2557 μεν
879 2492 1089 2558 τοίνυν,
1123 2482 1196 2559 ἦν
1223 2485 1273 2542 δ’
1310 2487 1434 2557 ἐγεό,
1465 2493 1629 2542 τοῦτο
1652 2479 1945 2554 πεπεισμέέ

257 2593 347 2625 υοι
377 2574 576 2625 ἔστων·
612 2571 777 2623 τοῦδε
808 2570 866 2623 δε
897 2571 1020 2638 πέρι
1055 2590 1136 2634 τις
1170 2567 1592 2639 ἀμφισβητήσει,
1633 2588 1706 2629 ως
1732 2587 1838 2620 ουκ
1867 2561 1902 2618 δι’

257 2652 479 2723 τύχοιεν
495 2649 788 2721 γενόμενοι
806 2652 1078 2721 βασιλέων
1097 2645 1360 2720 ἒκγονοι’
1334 2647 1370 2720 η’
1391 2653 1682 2705 δυναστων
1710 2646 1805 2710 τὰς
1826 2645 1941 2715 ‹pb-1

259 2750 372 2798 σεις
391 2732 719 2803 φιλόσοφοι;
754 2729 894 2786 Οὐδ’
917 2727 1059 2786 ἄν
1008 2754 1099 2801 εις,
1119 2735 1240 2801 ἔφη.
1293 2730 1595 2792 Τοιούτους
1623 2728 1682 2782 δὲ
1708 2727 1911 2796 γενομέ
1936 2737 1937 2746 ’

259 2836 392 2878 νους
417 2811 488 2877 ὡς
516 2814 688 2884 πολλὴ
717 2813 928 2883 ἀνάγκη
954 2818 1351 2883 διαφθαρῆναι,
1382 2814 1488 2880 ἔχει
1514 2831 1593 2873 τις
1621 2812 1831 2878 λέγειν,
1872 2806 1936 2872 ὡς
