1962 3236
517 0 562 21 “t
590 4 615 18 A..
629 0 632 1 ν
647 0 651 2 Ἴ
669 0 733 26 ‹Z'.'“
780 0 803 20 Δ,
817 0 904 29 sm(
1030 0 1084 28 '-·.
1103 0 1141 15 V...
1191 5 1207 10 Α,
1245 0 1253 6 .
1304 0 1309 2 -
1375 0 1387 6 .-

615 32 618 35 ·
654 28 662 45 ,-
722 21 742 42 ⁴
813 26 841 48 J
956 28 960 30 ⁷
1036 40 1039 41 ⁷
1253 40 1257 41 ⁷
1485 32 1507 40 .-

727 56 739 63 .

746 154 1137 199 PRAEFATIO.
1818 169 1840 193 v

49 276 172 327 dam,
212 283 258 317 ut
288 275 397 317 inter
431 275 517 317 alia
548 272 754 329 plutima,
792 271 948 325 quibus
979 269 1165 312 Platonis
1208 269 1304 310 libri
1338 274 1523 319 scatent,
1562 270 1644 312 hoc
1676 284 1845 324 quoque

49 333 321 375 manifestum
352 331 475 374 scioli
503 329 903 400 interpolamentum
933 335 1073 369 tenere
1096 326 1200 368 mihi
1229 326 1398 376 videar,
1431 329 1503 379 qui
1527 339 1710 379 sequeus
1736 325 1843 382 περὶ

49 381 268 442 ἐκατέρου
308 391 437 432 etiam
469 390 701 442 injustitiae
734 387 990 429 mentionem
1024 385 1218 439 flagitare
1257 384 1586 433 existimaverit,
1629 387 1707 427 etsi
1737 385 1844 428 haec

50 450 208 489 mentio
236 450 327 502 jam
360 449 403 488 iu
437 445 673 500 superioris
704 445 858 498 capitis
887 443 1096 498 principio
1125 442 1294 484 abunde
1327 449 1479 484 exstat.
1518 466 1578 475 --
1612 443 1659 488 Ρ.
1689 442 1775 487 359
1807 445 1840 484 Α

50 502 187 546 donft
212 507 285 547 VB
311 513 352 546 et
376 503 661 546 Schneiderus
687 515 783 543 curu
812 502 952 554 libris,
992 497 1151 540 δοκεῖν
1183 499 1247 540 ST
1278 513 1332 541 ex
1363 501 1471 541 Astii
1503 500 1766 554 conjectura,
1797 512 1844 543 ut

48 562 155 604 haec
189 574 358 616 quoque
390 574 417 603 a
450 556 567 613 φασὶ
594 562 829 615 pendeant·
870 569 912 600 at
943 557 1102 600 Glauco
1131 559 1225 612 ipse
1244 569 1430 624 eorum,
1463 570 1642 610 quorum
1678 566 1845 602 senten-

50 622 152 662 tiam
182 619 334 673 refert,
363 618 479 660 velut
505 629 729 672 personam
761 617 956 669 suscipit.
997 639 1032 645 -
1064 607 1349 658 1bid oevm3v
1378 615 1411 656 Ρ
1438 624 1478 656 et
1504 616 1541 655 V
1569 627 1665 657 cum
1696 617 1845 671 pleris-

49 692 133 731 que
169 677 315 721 libris.
354 669 516 723 αὐτοις
546 675 576 717 S
607 689 701 716 cum
735 675 924 719 duobus,
966 666 1120 713 αὐτῶν
1153 673 1219 714 ΒΤ
1245 682 1286 715 et
1322 671 1606 715 Schneiderus
1646 682 1845 727 tanquam

49 748 127 790 pro
150 727 362 787 ἀλλήλων
394 734 574 776 dictum:
608 739 651 774 at
677 733 746 774 ubi
780 732 896 785 leges
928 731 1112 772 hum-ino
1145 732 1319 772 arbitiio
1351 731 1569 772 institutae
1595 732 1845 774 describun-

50 804 141 843 tur,
178 794 363 845 ipsorum
392 791 648 847 significatio
678 791 907 844 praevalet.
947 811 1005 819 —
1039 790 1087 833 P.
1125 786 1210 830 359
1241 787 1272 829 C
1310 789 1568 829 tutissimum
1603 790 1704 831 duxi
1746 803 1842 831 cum

51 851 289 905 wiegamio
323 849 551 904 (zeitschr.
587 848 619 895 f.
654 849 695 890 d.
718 847 893 892 Altertb
927 845 1062 901 1834,
1093 859 1135 900 p.
1157 845 1263 899 863)
1297 840 1453 899 Γύγου
1486 847 1844 902 circumscribere,

15 917 22 925 ’
50 909 164 961 qnod
196 909 382 950 Platonis
413 920 496 949 non
531 918 625 949 esse
658 905 832 948 inferior
861 904 980 946 locus
1015 904 1069 948 X.
1112 904 1166 945 12
1199 904 1323 957 plane
1351 904 1518 958 p1·.0bat
1581 905 1703 954 Quod
1734 906 1844 947 enim

3 959 16 970 “
50 966 200 1008 Stallb.
221 979 276 1008 ex
298 967 447 1021 paucis
473 966 593 1007 libris
619 963 817 1017 praetulit
849 955 1001 1018 Γύγῃ,
1035 974 1111 1003 nec
1136 963 1275 1015 ipsum
1307 962 1578 1015 glossematis
1603 964 1846 1016 suspicione

50 1033 164 1065 caret
194 1034 236 1065 et
267 1024 531 1076 sequentium
560 1021 849 1063 difficultatem
880 1028 1029 1075 auget;
1057 1021 1130 1061 ubi
1160 1020 1198 1060 si
1223 1017 1382 1060 Λυδοῦ
1407 1019 1614 1062 vocabulo
1642 1019 1844 1062 Croesum

50 1082 227 1123 indicari
258 1093 417 1122 certum
446 1090 533 1126 est,
567 1092 650 1120 nou
681 1087 886 1133 apparet,
914 1078 1125 1131 quomodo
1153 1078 1188 1117 is
1223 1079 1423 1118 universo
1448 1078 1588 1145 gentis
1620 1080 1789 1120 nomine
1821 1094 1844 1120 ι

48 1151 223 1206 proavo
237 1149 329 1186 sun,
362 1138 506 1179 itidem
535 1137 670 1191 Lydo,
694 1137 992 1190 distinguatur.
1014 1135 1129 1179 —P.
1154 1133 1236 1176 361
1264 1134 1296 1176 C
1324 1127 1406 1175 ἀπ’
1426 1127 1569 1188 αὐτῆς
1597 1135 1626 1176 S
1654 1149 1688 1177 c.
1707 1136 1844 1187 Astio,

48 1208 114 1237 vn
162 1194 305 1247 αυτῆς
332 1195 441 1235 VBT
471 1203 510 1236 et
544 1168 849 1235 schneiderus?
865 1207 899 1234 c.
942 1194 1082 1241 libris3
1123 1192 1229 1233 illud
1261 1200 1400 1234 tamen
1426 1193 1517 1247 ¹jam
1562 1193 1769 1235 Eusebius
1806 1202 1846 1235 et.

49 1253 342 1296 Theodoretus
374 1253 581 1307 legerunt,
610 1254 735 1304 inque
769 1260 884 1292 tauta
918 1224 1086 1292 errandi
1112 1249 1380 1304 p1oolivitate
1409 1249 1570 1302 aliquid
1598 1252 1727 1293 etiam
1758 1264 1845 1294 Sel·
1862 1265 1865 1267 ’

4 1340 14 1346 ·
49 1312 164 1353 moni
195 1310 462 1352 tribuendum
494 1318 572 1350 est.
598 1331 653 1339 —
678 1311 722 1350 P.
748 1309 833 1352 363
857 1310 894 1349 A
914 1300 1063 1363 ἀδίκῳ
1094 1320 1170 1362 pro
1199 1304 1367 1364 δικαίῳ
1390 1308 1519 1348 scribi
1545 1310 1633 1361 jam
1657 1310 1845 1351 Muretus

43 1370 175 1423 jussit
209 1370 431 1422 patuitque
463 1366 790 1416 Stallbaumius,
826 1374 959 1413 recte;
1003 1367 1178 1407 verbum
1213 1367 1326 1406 enim
1337 1350 1531 1418 διῆλθε
1558 1367 1709 1419 paucis
1742 1367 1844 1418 illis,

48 1438 158 1480 quae
183 1438 227 1481 p.
253 1426 334 1470 361
369 1425 401 1467 C
427 1426 479 1467 de
502 1426 617 1479 justo
651 1426 763 1466 dicta
788 1432 929 1474 erant,
960 1436 1043 1465 non
1070 1425 1279 1467 convenit
1300 1445 1355 1455 —-
1381 1425 1424 1464 P.
1454 1422 1539 1466 364
1565 1423 1601 1464 D
1629 1423 1844 1475 στρεπτοὶ

0 1514 4 1519 .
49 1497 104 1526 ex
133 1484 230 1526 Par.
254 1484 463 1551 aliisque,
498 1492 542 1523 ut
577 1483 889 1537 dittographiae
921 1490 1107 1523 vetustas
1141 1487 1385 1536 appa1eret‚
1420 1494 1516 1522 cum
1552 1483 1748 1525 cancellis
1778 1497 1823 1524 re

49 1542 215 1583 vocavi
254 1542 394 1595 ipsum
424 1541 662 1589 Platonem,
690 1541 805 1593 quod
835 1539 984 1581 Stallb.
1016 1540 1139 1588 fecit,
1168 1553 1222 1580 ex
1251 1540 1433 1581 Hometo
1467 1541 1681 1595 cortigere
1710 1542 1842 1584 nolui.

47 1621 108 1630 -
132 1598 177 1640 P.
207 1598 293 1665 365
317 1598 351 1639 B
383 1592 466 1639 ἐὰν
492 1592 556 1651 μὴ
588 1594 668 1639 καὶ
692 1597 721 1640 S
751 1611 844 1640 cum
875 1597 1087 1639 Boeckhio
1120 1598 1175 1638 ad
1203 1598 1324 1642 Pind.
1348 1597 1397 1637 T.
1426 1598 1497 1643 ΙΙΙ.
1529 1610 1573 1651 p.
1617 1598 1723 1647 571;
1762 1591 1844 1640 ἐὰν

50 1652 131 1697 καὶ
158 1649 223 1709 μὴ
258 1655 361 1698 VBS
390 1664 430 1697 et
464 1654 747 1698 Schneiderus
786 1669 879 1697 cum
922 1657 1038 1698 libris
1073 1655 1297 1709 plurimis,
1335 1655 1413 1696 sed
1448 1656 1580 1698 invita
1614 1658 1842 1725 sententia,

23 1728 26 1730 ·
50 1726 159 1767 qnae
188 1715 226 1755 si
249 1714 352 1756 baec
381 1722 513 1756 esset:
547 1717 612 1756 vel
641 1716 681 1756 εἰ
711 1726 880 1756 caream
906 1713 1192 1767 specie‚nil1il
1216 1714 1428 1765 proderit,
1459 1713 1518 1762 ei,
1554 1714 1626 1767 qui
1642 1715 1843 1782 speciem

52 1783 153 1827 prae
178 1783 224 1812 se
258 1770 388 1821 terat,
413 1772 538 1813 etiam
570 1773 708 1813 minus
735 1772 940 1826 prodesse
967 1771 1245 1826 significaret!
1272 1794 1332 1801 —
1354 1771 1400 1811 P.
1431 1743 1518 1813 365'
1544 1772 1579 1813 D
1609 1763 1810 1816 οὔκουν.

49 1825 130 1870 καὶ
165 1823 278 1881 ἧμιν
313 1824 532 1881 μελητέον
558 1830 592 1870 Η
627 1830 842 1870 levissima
871 1831 1102 1870 mutatione
1136 1841 1211 1882 pro
1241 1820 1413 1868 οὐκοῦν
1443 1840 1486 1868 κ.
1519 1840 1559 1870 τ.
1589 1828 1647 1882 L,
1685 1831 1727 1871 in
1761 1844 1844 1883 quo

7 1924 16 1935 ,
50 1899 181 1954 quum
209 1888 391 1955 negatio
433 1886 837 1933 deside1a1·etiir,V
868 1895 906 1928 et
942 1885 1142 1931 Schneid.
1184 1896 1239 1925 ου
1280 1892 1376 1954 post
1407 1878 1523 1938 ἡμῖν
1563 1888 1843 1942 inseruerunt,

8 1959 11 1962 ·
48 1945 84 1987 Β
114 1935 224 1985 οόδ’
257 1946 393 1996 ημιᾛν
428 1943 492 1984 ST
528 1942 579 1984 τί
605 1940 684 1985 καὶ
713 1937 829 1997 ἧμιν
859 1945 1137 1998 scripserunt;
1181 1944 1305 1984 nobis
1336 1944 1378 1984 in
1410 1945 1685 1996 sequentibus
1718 1945 1844 1987 libro·
1871 1981 1873 1983 ,

4 2003 14 2035 Ξ
47 2015 141 2045 rum
173 2003 259 2043 l'ere
289 2003 476 2043 omnium
505 2003 727 2043 lectionem
759 2002 963 2055 integram
994 2014 1164 2043 servare
1191 2001 1324 2042 licuit.
1358 2001 1507 2055 Majori
1533 2003 1710 2044 audacia
1737 2015 1844 2058 opus

6 2073 17 2084 ’
50 2059 129 2103 ruit
157 2072 202 2115 p.
234 2058 320 2102 306
349 2062 408 2106 Α,
447 2060 520 2100 ubi
552 2073 680 2126 quum
708 2060 739 2100 P
771 2060 929 2126 aliique
961 2060 1132 2109 decem,
1174 2066 1218 2099 ut
1254 2059 1498 2108 minimum,
1535 2061 1703 2101 codices
1737 2061 1845 2102 hanc

50 2117 270 2159 lectionem
299 2117 596 2158 tradidissent.
635 2109 740 2157 ἄλλ’
772 2129 807 2157 ω
846 2116 952 2168 φίλε
982 2111 1125 2169 φήσει
1156 2110 1445 2170 λογιζόμενος
1476 2109 1531 2156 αἱ
1556 2114 1732 2159 τελεταὶ.
1765 2115 1844 2160 καὶ

0 2204 9 2213 .
49 2169 102 2217 οἴ
136 2167 284 2216 λύσιοι
313 2173 447 2228 θεοί,
486 2174 590 2216 haec
622 2184 781 2217 tantum
823 2178 939 2229 optio
972 2175 1115 2217 relicta
1133 2183 1261 2241 erat,
1305 2181 1444 2216 utinm
1476 2188 1570 2215 cum
1608 2176 1702 2218 aliis
1738 2177 1845 2219 infe-

49 2234 171 2276 rioris
200 2244 323 2275 notae
352 2234 469 2275 libris
499 2234 724 2275 inserendo
752 2242 848 2287 post
882 2229 1057 2275 τελεταὶ
1096 2220 1155 2273 αὖ
1182 2229 1297 2286 μέγα
1334 2225 1562 2273 δύνανται
1594 2236 1845 2276 sententiam

7 2332 12 2340 ,
51 2291 335 2345 qualicunque
369 2291 495 2332 modo
521 2291 797 2338 absolverem.
830 2304 882 2332 an
916 2295 1010 2345 ipso
1040 2292 1272 2333 sententiae
1304 2290 1471 2332 defectu
1500 2291 1555 2333 ad
1583 2293 1846 2346 corruptelae

50 2349 253 2391 indicium
281 2362 482 2390 converso
515 2351 653 2391 verbis
692 2351 935 2402 conjectura
964 2350 1168 2393 mederer.
1211 2350 1336 2390 Prius
1367 2349 1550 2391 editores
1580 2362 1605 2390 a
1629 2350 1845 2403 Stephano

52 2406 151 2448 inde
185 2418 330 2448 omnes
362 2406 572 2454 fecerunt:
615 2419 791 2459 quorum
834 2417 971 2449 tamen
1009 2407 1251 2461 exemplum
1284 2419 1336 2447 ne
1369 2419 1591 2459 sequerer,
1636 2414 1676 2449 et
1710 2409 1847 2461 ipsius

54 2463 328 2506 additamenti
360 2474 401 2505 et
434 2465 613 2506 aliorum
653 2464 850 2520 vulgatae
880 2467 1102 2507 verborum
1141 2464 1409 2506 imbecillitas
1442 2477 1508 2506 me
1534 2464 1777 2519 prohibuit,
1810 2467 1847 2507 si

6 2522 224 2584 quidem
260 2528 300 2563 et
329 2522 555 2575 appellatio
582 2509 620 2562 ὦ
644 2520 750 2574 φίλε
773 2524 887 2565 omni
911 2525 953 2565 vi
981 2531 1096 2565 caret
1128 2531 1166 2564 et
1195 2515 1484 2576 λογιζόμενος
1511 2522 1670 2576 oppido
1696 2524 1845 2566 absur-
1884 2548 1887 2550 >

6 2573 155 2621 'dum
177 2589 239 2621 est
268 2579 310 2619 in
342 2591 401 2622 re.
433 2591 540 2632 quae
565 2580 733 2622 Graecis
763 2582 957 2623 omnibus
985 2582 1091 2623 adeo
1122 2588 1221 2624 nota
1237 2588 1277 2622 et
1303 2581 1502 2635 proclivis
1522 2587 1626 2631 erat,
1658 2581 1847 2623 utratio-

0 2634 23 2688 L·
53 2637 264 2679 cinatione
286 2648 368 2677 non
393 2637 617 2690 indigeret.
668 2639 873 2680 Accedit
864 2650 957 2693 ipsa
977 2652 1252 2694 personarum
1273 2638 1492 2689 confusio,
1512 2650 1694 2703 quarum
1716 2651 1846 2691 quum

51 2695 180 2738 modo
212 2695 333 2739 tertia
364 2693 654 2750 hypophoram
680 2694 826 2748 (φησί
851 2699 962 2746 tte)
994 2700 1127 2752 prima
1152 2708 1404 2751 responsum
1428 2688 1690 2750 (φήσομεν)
1719 2697 1847 2738 susti-

50 2754 210 2802 nuerit,
242 2753 392 2794 mirum
428 2752 535 2794 foret
565 2765 675 2794 nunc
699 2752 780 2794 hnc
812 2754 925 2807 poti·
932 2766 953 2795 s
981 2756 1034 2796 ad
1067 2757 1233 2797 tertiam
1259 2754 1432 2804 referri·
1464 2755 1617 2807 quibus
1649 2754 1846 2796 omnibus

50 2821 199 2853 naevi·
240 2811 508 2853 removendis
540 2823 667 2863 quum
701 2810 863 2863 aliquid
895 2813 1219 2865 periclitandum
1251 2819 1387 2866 esset,
1428 2824 1508 2853 non
1543 2824 1761 2863 veremur,
1794 2823 1846 2852 ne

0 2890 40 2991 3

8 3024 22 3045 Δ

0 3086 50 3236 3
