1962 3236
628 161 1120 209 ΠΟΛΙΤΕΙΑΣ
1147 151 1203 217 ς’.
1660 156 1766 207 199

16 343 18 347 ,
74 308 188 361 τοῖς
206 294 508 367 ὁρωμένοις
528 291 597 349 οὐ
615 292 812 364 μόνον,
834 291 1118 363 οἶμαι,την
1136 297 1238 347 τοῦ
1257 290 1502 363 ὁρᾶσθαι
1522 295 1766 361 δυναμιν

73 382 333 448 παρέχειν
358 377 571 447 φήσεις,
590 371 731 429 ἀλλὰ
749 375 839 429 καὶ
860 375 964 444 τὴν
985 375 1206 445 γένεσιν
1224 374 1314 430 καὶ
1330 370 1504 444 αὔξην
1524 379 1615 430 καὶ.
1634 394 1767 442 τρο-

75 460 212 531 φήν,
234 458 303 514 οὐ
323 462 541 529 γένεσιν
561 454 737 511 αὐτὸν
756 453 907 511 ὄντα.
949 462 1082 521 Πῶς
1108 455 1245 526 γάρ;
1281 457 1392 511 Καὶ
1420 466 1534 519 τοῖς
1562 476 1770 525 γιγνω-

76 545 366 611 σκομένοις
385 546 580 596 τοίνυν
598 537 671 608 μὴ
705 536 881 607 μόνον
909 536 972 593 τὰ
1007 538 1422 608 γιγνώσκεσθαι
1452 535 1630 607 φάναι
1657 535 1766 592 ὑπὸ

75 629 179 677 τοῦ
203 621 431 692 ἀγαθοῦ
450 631 723 689 παρεῖναι,
744 616 884 674 ἄλλα
905 623 998 676 καὶ
1015 618 1076 674 τὸ
1100 618 1245 674 εἷναί
1261 641 1319 674 τε
1338 620 1429 675 καὶ
1446 617 1551 690 τὴν
1569 617 1771 675 οὐσίαν

77 700 176 756 ὑπ’
204 705 423 758 ἐκείνου
444 698 632 764 αὐτοῖς
651 711 956 769 προσεῖναι,
980 698 1085 755 οὐκ
1105 697 1298 764 οὐσίας
1318 698 1481 765 ὄντος
1498 707 1601 756 τοῦ
1630 699 1771 771 ἀγα-

72 791 204 853 θοῦ,
226 782 350 839 ἀλλ’
387 788 464 838 ἔτι
494 786 745 838 ἐπέκεινα
774 789 870 852 τῆς
901 780 1095 847 οὐσίας
1123 787 1390 854 πρεσβείᾳ
1421 784 1513 838 καὶ
1535 782 1772 854 δυνάμει

73 864 454 936 ὑπερέχοντος.

217 952 324 1002 XX.
359 949 470 1003 Καὶ
500 945 528 1002 ὁ
555 947 833 1003 Γλαύκων
859 946 1007 1016 μάλα
1035 951 1280 1017 γελοίως,
1303 944 1602 1016 {daton-ov,
1642 949 1765 1018 ἔφη,
1800 955 1832 996 c

76 1033 365 1099 δαιμονίας
398 1027 747 1099 ὑπερβολῆς]
783 1027 875 1083 Σύ
898 1028 1023 1098 γάρ,
1057 1022 1128 1099 ἦν
1158 1027 1212 1083 δ’
1235 1027 1362 1099 ἐγώ,
1383 1036 1573 1098 αἴτιος,
1595 1027 1772 1099 ἄναγ-

74 1112 258 1177 κάζων
293 1110 361 1164 τὰ
395 1112 511 1180 ἐμοὶ
548 1115 825 1165 δοκοῦντα
855 1112 979 1181 περὶ
1011 1109 1190 1166 αὐτοῦ
1207 1112 1402 1180 λέγειν.
1452 1113 1559 1166 Καὶ
1592 1115 1775 1183 μηδα-
1942 1172 1960 1183 ,-

74 1200 190 1264 μιᾶς
226 1191 300 1262 γ’,
339 1196 463 1262 ἔφη,
502 1191 709 1263 παύσῃ,
751 1197 802 1247 εἰ
834 1192 909 1262 μή
936 1213 987 1245 τι
1015 1189 1155 1247 ἀλλὰ
1190 1190 1296 1262 τὴν
1324 1193 1450 1261 περὶ
1481 1191 1582 1248 τόν
1611 1193 1776 1264 ἥλιον
1829 1187 1954 1237 *0³⁶⁴*

74 1272 371 1345 ὁμοιότητα
391 1266 465 1326 αὖ
487 1273 723 1342 διεξιών,
739 1281 791 1328 εἰ
806 1294 883 1343 πῃ
902 1270 1228 1337 ἀπολείπεις.
1260 1268 1424 1328 Ἀλλά
1441 1273 1571 1345 μήν,
1596 1273 1769 1343 εἷπον,

76 1355 253 1426 συχνά
281 1376 344 1425 γε
375 1353 672 1409 ἀπολείπω.
729 1355 894 1425 Μηδὲ
928 1354 1166 1425 σμικρὸν
1194 1360 1407 1426 τοίνυν,
1439 1361 1564 1427 ἔφη,
1591 1377 1772 1427 παρα-

78 1445 253 1510 λίπῃς.
294 1435 462 1507 Οἶμαι
483 1439 601 1506 μέν,
634 1429 707 1506 ἦν
738 1435 792 1492 δ’
820 1437 947 1507 ἐγώ,
978 1438 1069 1492 καὶ
1099 1435 1271 1493 πολύ·
1306 1435 1458 1509 ὅμως
1485 1442 1561 1511 δέ,
1588 1437 1692 1493 ὅσα
1715 1438 1770 1508 γ’

77 1523 138 1576 ἐν
175 1525 251 1592 τῷ
292 1518 528 1587 παρόντι
565 1518 825 1588 δυνατόν,
858 1518 1003 1575 ἑκών
1042 1518 1147 1575 οὐκ
1178 1517 1478 1587 ἀπολείψω.
1515 1518 1617 1592 Μὴ
1643 1520 1769 1591 γάρ,

77 1606 221 1697 ἔφη.
257 1599 490 1670 Νόησον
524 1606 737 1671 τοίνυν,
773 1594 847 1671 ἦν
884 1600 938 1655 δ’
984 1600 1109 1671 ἐγώ,
1136 1601 1322 1673 ὥσπερ
1362 1605 1612 1675 λέγομεν,
1653 1602 1768 1658 δύω
1798 1615 1832 1655 D

77 1680 227 1739 αὐτω
250 1680 404 1748 εἶναι,
440 1682 531 1736 καὶ
560 1681 878 1751 βασιλεύειν
907 1680 967 1738 τὸ
1005 1684 1106 1753 μὲν
1135 1691 1343 1781 νοητοῦ
1368 1686 1569 1755 γένους
1595 1705 1653 1739 τε
1682 1686 1773 1739 καὶ

76 1765 271 1833 τόπου,
290 1762 351 1819 τὸ
377 1761 432 1818 δ’
454 1756 528 1817 αὖ
549 1762 774 1834 ὁρατοῦ,
804 1767 896 1819 ἵνα
928 1763 1001 1835 μὴ
1031 1762 1281 1834 οὐρανὸν
1306 1765 1476 1822 εἰπών
1509 1766 1652 1832 δόξω
1686 1784 1772 1821 σοι

80 1851 407 1916 σοφιζεσθαι
443 1847 569 1914 περὶ
605 1845 666 1901 τό
707 1845 914 1916 ὄνομα·
953 1843 1077 1900 ἀλλ’
1117 1849 1225 1901 οὐν
1256 1850 1391 1917 ἔχεις
1423 1855 1597 1904 ταῦτα
1619 1846 1772 1903 διττὰ

78 1924 259 1999 εἴδη,
235 1926 458 1995 ορατόν,
485 1926 718 1997 νοητόν;
739 1924 896 1997 ”Exta
922 1925 1135 1995 Ὥσπερ
1155 1932 1350 1984 τοίνυν
1368 1929 1633 2002 γραμμὴν
1652 1934 1774 2001 δίχα

75 2013 418 2081 τετμημένην
438 2007 628 2080 λαβὼν
650 2008 816 2063 ἄνισα
832 2009 1101 2081 τμήματα,
1123 2010 1294 2067 πάλιν
1320 2014 1482 2083 τέμνε
1510 2014 1775 2085 ἑκάτερον

75 2099 260 2164 τμῆμα
283 2090 392 2147 ἀνὰ
416 2090 517 2146 τὸν
535 2087 708 2146 αὐτὸν
728 2089 918 2160 λόγον,
945 2090 1009 2146 τό
1036 2113 1094 2146 τε
1124 2099 1227 2146 τοῦ
1256 2089 1548 2166 ὁρωμένου
1574 2098 1775 2165 γένους

76 2176 167 2230 καὶ
188 2171 249 2228 τὸ
270 2178 372 2227 τοῦ
390 2176 723 2244 νοουμένου,
741 2177 840 2228 καί
854 2190 939 2229 σοι
962 2178 1113 2229 ἔσται
1132 2180 1408 2249 σαφηνείᾳ
1420 2178 1514 2231 καὶ
1531 2174 1773 2251 ἀσαφείᾳ
1809 2194 1840 2234 Ε

78 2256 218 2323 πρὸς
236 2253 446 2325 ἄλληλα
463 2255 524 2309 έν
542 2255 645 2325 μὲν
662 2261 742 2329 τῷ
760 2251 1025 2329 ὁρωμένῳ
1054 2256 1115 2312 τὸ
1137 2258 1240 2328 μὲν
1266 2257 1460 2331 ἕτερον
1488 2265 1674 2331 τμῆμα
1695 2265 1773 2316 εἰ-

79 2338 258 2401 κόνες.
296 2340 438 2406 λέγω
455 2337 514 2392 δὲ·
535 2335 632 2401 τὰς
654 2337 873 2401 εἰκόνας
895 2344 1119 2406 πρῶτον
1139 2341 1245 2410 μὲν
1262 2338 1358 2406 τὰς
1388 2340 1564 2409 σκιάς,
1597 2346 1780 2397 ἔπειτα
1805 2360 1895 2405 510

79 2421 144 2474 τὰ
177 2422 240 2474 ἐν
262 2430 375 2483 τοῖς
404 2416 571 2473 ὕδασι
599 2418 967 2490 φαντάσματα
1002 2422 1094 2476 καὶ
1126 2423 1187 2477 έν
1224 2433 1338 2487 τοῖς
1372 2420 1477 2478 ὅσα
1501 2424 1688 2479 πυκνά
1716 2446 1775 2480 τε

78 2502 169 2556 καὶ
189 2507 308 2555 λεῖα
329 2502 421 2555 καὶ
440 2498 592 2570 φανὰ
615 2503 929 2571 ξυνέστηκε,
950 2504 1041 2556 καὶ
1061 2509 1175 2558 πᾶν
1206 2501 1267 2559 τὸ
1298 2513 1572 2575 τοιοῦτον,
1605 2511 1655 2563 εί
1673 2528 1776 2562 κα-

77 2593 306 2647 τανοεῖς.
343 2579 503 2638 Ἀλλα
523 2588 795 2638 κατανοῶ.
832 2581 906 2637 Τὸ
926 2589 1121 2639 τοίνυν
1139 2586 1333 2654 ἕτερον
1360 2593 1522 2656 τίθει,
1546 2579 1589 2661 ᾦ
1609 2593 1774 2643 τοῦτο

81 2670 242 2735 εὀικε,
274 2665 341 2720 τά
374 2687 429 2720 τε
456 2667 581 2736 περὶ
606 2662 747 2736 ἡμᾶς
776 2670 885 2731 ζῶα
910 2667 1002 2721 καὶ
1030 2673 1143 2721 πᾶν
1171 2665 1232 2722 τὸ
1262 2668 1544 2738 φυτευτὸν
1582 2670 1675 2726 καὶ
1710 2678 1771 2725 τὸ

79 2748 392 2805 σκευαστὸν
423 2747 558 2805 ὅλον
589 2752 763 2820 γένος.
819 2754 1043 2819 Τίθημι,
1074 2754 1196 2821 ἔφη.
1245 2742 1318 2805 Ἦ
1339 2752 1429 2807 καὶ
1459 2753 1672 2817 ἐθέλοις
1703 2745 1775 2807 ἂν

79 2827 217 2887 αὐτὸ
238 2830 431 2902 φάναι,
454 2825 523 2904 ἦν
544 2831 595 2887 δ’
627 2832 755 2904 ἐγώ,
776 2836 1080 2904 διηρῆσθαι
1110 2831 1348 2907 ἀληθείᾳ
1366 2854 1425 2891 τε
1457 2834 1547 2891 καὶ
1577 2834 1670 2907 μή,
1702 2831 1776 2902 ὥς
