1962 3236
1861 0 1918 35 ff„

219 133 324 186 194
791 137 965 183 HAA
984 136 1272 184 ΤΩΝΟΣ
1321 183 1331 187 ,
1873 97 1878 126 ”
1924 0 1962 202 ,λ

223 274 347 341 ἔφη,
380 268 534 335 ἄξιον
557 267 619 323 τὸ
655 268 947 339 διανόημα·
989 266 1020 322 ὃ
1049 271 1236 338 μέντοι
1267 273 1524 339 μέγιστον
1551 271 1783 342 μάθημα
1802 274 1908 343 ,καὶ
1949 268 1962 317 ·Ϊ

219 353 343 420 περὶ
378 352 410 407 ὅ
447 374 496 406 τι
535 350 668 406 αὐτὸ
699 353 888 420 λέγεις,
926 357 1028 405 οἴει
1060 348 1168 405 τιν’
1207 349 1278 405 ἄν
1315 368 1394 420 σε,
1421 355 1544 423 ἔφη,
1574 350 1902 423 ἄφεῖναιμὴ
1956 387 1962 400 =

218 435 570 505 ἐρωτήσαντα
590 438 647 487 τί
670 434 844 498 έστιν;
885 429 970 488 Οὐ
999 432 1166 503 πάνυ,
1197 426 1269 503 ἦν
1299 429 1349 487 δ’
1393 431 1517 503 ἐγώ,
1547 431 1684 490 ἀλλὰ
1713 437 1804 489 καὶ
1830 431 1901 488 σύ
1942 443 1962 477 -2

218 516 409 587 ἐρώτα.
449 516 666 579 πάντως
687 512 821 569 αὐτὸ
843 511 945 570 οὐκ
966 511 1211 584 ὀλιγάκις
1231 513 1472 585 ἀκήκοας
1486 536 1496 553 ²
1536 521 1644 570 νῦν
1664 516 1723 571 δὲ
1741 511 1778 587 ἦ
1798 514 1902 570 οὐκ

102 610 187 652 505
218 592 479 667 ἐννοεῖςῆ
499 589 572 650 αὖ
593 598 807 651 διανοεῖ
820 598 938 666 ἐμοὶ
957 596 1249 667 πράγματα
1281 598 1535 666 παρέχειν
1564 594 1904 668 ἀντιλαμβα-

217 680 466 750 νόμενος.
507 677 655 748 οἶμαι
675 678 734 733 δὲ
764 684 927 732 τοῦτο
956 683 1189 748 μᾶλλον·
1230 679 1343 732 ἐπεὶ
1371 676 1456 732 ὅτι
1484 700 1546 747 γε
1575 677 1607 749 ἡ
1635 685 1736 733 τοῦ
1765 676 1903 748 άγα-
1957 722 1962 727 .

216 769 332 818 θοῦ
361 764 476 816 ἰδέα
506 764 763 831 μέγιστον
792 760 1040 831 μάθημα,
1075 759 1338 825 πολλάκις
1367 758 1627 832 ἀκήκοας,
1656 755 1694 833 ᾗ
1722 765 1903 816 δίκαια

216 845 308 898 καὶ
326 836 498 897 τᾶλλα
515 842 978 913 προσχρησάμενα
998 842 1234 914 χρήσιμα
1257 844 1347 898 καὶ
1367 841 1615 913 ὠφέλιμα
1644 849 1901 913 γίγνεται.
1958 862 1962 863 ’

216 926 304 980 καὶ
337 931 446 979 νῦν
476 922 674 995 σχεδὸν
710 921 860 979 οἷσθ’
903 923 985 978 ὅτι
1020 929 1200 993 μέλλω
1237 931 1401 979 τοῦτο
1430 928 1627 994 λέγειν,
1649 926 1739 980 καὶ
1766 923 1904 993 πρὸς

213 1006 392 1078 τούτῳ
411 1005 495 1061 ὅτι
526 1004 702 1075 αὐτὴν
735 1003 835 1075 οὐχ
866 1009 1070 1071 ἱκανῶς
1098 1014 1284 1077 ἴσμεν·
1318 1009 1366 1060 εἰ
1395 1005 1452 1061 δὲ
1473 1004 1545 1076 μὴ
1569 1013 1745 1075 ἴσμεν,
1767 1003 1904 1060 ἄνευ

215 1089 273 1143 δὲ
300 1085 518 1157 ταύτης,
555 1091 605 1141 εἰ
633 1085 666 1141 ὅ
687 1109 737 1140 τι
766 1087 1000 1157 μάλιστα
1031 1081 1203 1144 τᾶλλα
1234 1091 1611 1158 ἐπισταίμεθα,
1633 1083 1788 1142 οἶσθ’
1821 1085 1905 1140 ὅτι

152 1177 183 1217 Β
216 1166 382 1225 οὐδὲν
410 1166 540 1239 ἡμῖν
560 1166 778 1238 ὄφελος,
801 1167 986 1239 ὥσπερ
1008 1167 1136 1224 οὐδ’
1162 1175 1212 1225 εἰ
1227 1170 1543 1240 κεκτῄμεθά
1571 1192 1622 1224 τι
1649 1168 1785 1224 ἄνευ
1803 1175 1903 1223 τοῦ

214 1248 452 1320 ἀγαθοῦ.
494 1246 529 1322 ἦ
549 1258 652 1306 οἱέι
669 1273 718 1305 τι
738 1254 907 1306 πλέον
932 1250 1070 1306 εἶναι
1090 1259 1275 1307 πᾶσαν
1303 1258 1497 1323 κτῆσιν
1527 1254 1807 1323 ἐκτῆσθαι,
1830 1249 1901 1321 μὴ

214 1335 402 1403 μέντοι
429 1331 683 1403 άγαθήν;
723 1329 759 1403 ἦ
785 1332 963 1387 πάντα
992 1328 1161 1389 τᾶλλα
1190 1346 1419 1406 φρονεῖν
1452 1333 1608 1403 [ἄνευ
1636 1338 1735 1387 τοῦ
1764 1331 1904 1402 άγα-
1959 1380 1962 1382 .

215 1421 367 1482 θοῦ],
400 1412 575 1469 καλὸν
597 1416 655 1468 δὲ
679 1416 769 1469 καὶ
798 1411 1022 1483 άγαθόν
1048 1416 1219 1486 μηδὲν
1251 1427 1508 1485 φρονεῖν;
1545 1415 1647 1469 Μὰ
1676 1413 1769 1469 Δί’
1800 1413 1901 1468 οὐκ
1955 1417 1958 1420 ’

216 1493 398 1565 ἔγωγ’,
422 1500 542 1566 ἔφη·

356 1581 506 1632 xvll.
545 1576 706 1633 ’Λλλὰ
726 1575 836 1648 μὴν
863 1581 954 1633 καὶ
972 1578 1097 1634 τόδε
1118 1601 1179 1649 γε
1201 1578 1384 1649 οἶσθα,
1409 1578 1494 1635 ὅτι
1513 1591 1624 1644 τοῖς
1644 1580 1745 1650 μὲν
1766 1584 1904 1632 πολ-
1958 1627 1962 1638 Χ.

213 1667 328 1725 λοῖς
356 1657 529 1730 ἡδονὴ
570 1664 723 1715 δοκεῖ
758 1660 896 1715 εἶναι
932 1661 992 1715 τὸ
1030 1660 1270 1731 άγαθόν,
1301 1673 1413 1725 τοῖς
1451 1661 1510 1716 δὲ
1542 1664 1904 1732 κομψοτέροις
1956 1684 1962 1726 j

217 1742 505 1813 φρόνησις.
542 1741 747 1818 110396'
771 1741 864 1807 οὕ;
900 1744 1008 1797 Καὶ
1028 1741 1111 1797 ὅτι
1129 1765 1207 1812 γε,
1233 1737 1278 1798 ὦ
1299 1749 1442 1814 φίλε,
1464 1747 1521 1799 οἱ
1535 1751 1699 1799 τοῦτο
1729 1742 1904 1813 ἡγού-
1960 1788 1962 1791 .

214 1847 372 1895 μενοι
395 1822 500 1880 οὐκ
531 1829 715 1895 ἔχουσι
747 1828 916 1890 δεῖξαι
944 1823 1061 1895 ἥτις
1086 1827 1374 1897 φρόνησις,
1406 1825 1527 1882 ἀλλ’
1561 1823 1902 1895 ἀναγκάζον·
1956 1848 1962 1853 ’

214 1929 302 1961 ται
326 1912 688 1971 τελευτῶντες
709 1905 808 1976 τὴν
828 1914 928 1962 τοῦ
961 1906 1185 1977 ἀγαθοῦ
1212 1907 1400 1979 φάναι.
1440 1910 1549 1964 Καὶ
1580 1907 1746 1978 μάλα,
1778 1911 1900 1976 ἔφη,

159 1995 188 2035 C
215 1993 455 2057 γελοίως.
496 1995 625 2053 Πῶς
644 1987 751 2059 γὰρ
777 1985 915 2058 οὐχί,
937 1982 1009 2059 ἦν
1031 1987 1078 2043 δ’
1104 1989 1229 2059 ἐγώ,
1254 1994 1303 2044 εἰ
1326 1987 1681 2053 ὀνειδίζοντές
1713 2009 1787 2055 γε,
1819 1985 1902 2041 ὅτι

215 2069 319 2124 οὐκ
341 2077 498 2140 ἴσμεν
519 2068 579 2124 τὸ
605 2067 842 2138 άγαθόν,
865 2073 1087 2138 λέγουσι
1107 2070 1274 2124 πάλιν
1300 2067 1370 2133 ὡς
1390 2069 1586 2133 είδόσι;
1623 2066 1903 2139 φρόνησιν

214 2149 319 2221 γὰρ
353 2149 491 2205 αὐτό
522 2165 694 2220 φασιν
722 2149 861 2205 εἶναι
891 2148 1133 2219 άγαθοῦ,
1168 2148 1240 2215 (ὃς
1272 2144 1345 2204 αὖ
1370 2153 1666 2216 ξυνιέντων
1687 2148 1844 2249 ἡμῶν
1870 2149 1902 2204 ὅ
1954 2141 1962 2146 ”

216 2255 264 2286 τι
285 2233 562 2301 λέγουσιν,
598 2230 820 2287 ἐπειδὰν
847 2230 907 2286 τό
942 2238 1044 2286 τοῦ
1073 2233 1293 2302 αγαθοῦ
1325 2234 1677 2302 φθέγξωνται
1705 2231 1897 2301 ὄνομα.
1958 2280 1962 2284 .

211 2311 640 2384 Ἀληθέστατα,’
621 2318 740 2384 ε’φη.
785 2318 854 2369 Τί
869 2317 985 2381 δαί,
1018 2317 1074 2369 οι
1089 2337 1190 2384 την
1219 2312 1432 2385 ἡδονὴν
1462 2313 1684 2384 άγαθόν
1716 2311 1901 2384 ὁριζό-

215 2418 372 2466 μενοι
393 2418 514 2466 μων
534 2396 608 2466 μή
630 2420 681 2451 τι
702 2395 989 2460 ἐλάττονος
1010 2395 1219 2467 πλάνης
1239 2400 1458 2467 ἔμπλεοι
1479 2417 1592 2450 των
1612 2397 1842 2466 ἑτέρων;
1864 2419 1896 2466 η

217 2477 284 2532 οὐ
304 2479 395 2533 καὶ
415 2471 572 2533 οὗτοι
591 2476 993 2548 ἀναγκάζονται
1015 2475 1306 2549 ὁμολογειν
1324 2476 1528 2549 ἡδονάς
1548 2476 1685 2533 εἶναι
1699 2478 1899 2543 κακάς;
1950 2476 1962 2536 ἱ

161 2570 192 2610 D
215 2558 454 2630 Σφόδρα
472 2582 549 2620 γε.
575 2566 885 2632 Συμβαίνει
907 2558 972 2631 δὴ
997 2557 1198 2629 αὐτοῖς,
1213 2559 1379 2630 οἶμαι,
1401 2557 1689 2630 ὁμολογεῖν
1709 2557 1898 2630 άγαθα

218 2648 358 2695 εἰναι
389 2644 479 2696 καὶ
507 2664 651 2698 κακα
675 2641 862 2697 ταύτά.
906 2645 939 2712 ἠ
969 2642 1106 2713 γάρ;
1150 2647 1220 2697 Τι’
1244 2641 1382 2713 μήν;
1426 2639 1655 2697 Οὐκοῦν
1683 2639 1767 2695 ὅτι
1795 2663 1899 2711 μεν
1948 2664 1962 2709 ξεῖ

215 2722 448 2791 μεγάλαι
468 2726 558 2778 καὶ
585 2726 780 2780 πολλαὶ
802 2722 1234 2795 ἀμφισβητήσεις
1251 2726 1374 2795 περὶ
1394 2721 1586 2789 αυτοῦ,
1616 2721 1895 2792 φανερόν·
1881 2764 1895 2788 ,

198 2810 342 2868 ’Πῶς
360 2804 467 2875 γάρ
490 2805 585 2871 οὕς
627 2811 695 2861 Τί
710 2809 795 2873 δέ;
832 2805 956 2861 τόδε
988 2804 1056 2861 οὐ
1077 2805 1342 2876 φανερόν,
1379 2801 1451 2869 ὥς
1481 2807 1663 2859 δίκαια
1681 2804 1784 2874 μὲν
1806 2807 1891 2861 καὶ
