<?xml version="1.0" encoding="UTF-8"?>
<!DOCTYPE html PUBLIC "-//W3C//DTD XHTML 1.0 Transitional//EN"
    "http://www.w3.org/TR/xhtml1/DTD/xhtml1-transitional.dtd">
<html xmlns="http://www.w3.org/1999/xhtml" xml:lang="en" lang="en">
 <head>
  <title>
</title>
<meta http-equiv="Content-Type" content="text/html;charset=utf-8" />
  <meta name='ocr-system' content='tesseract 3.04.00' />
  <meta name='ocr-capabilities' content='ocr_page ocr_carea ocr_par ocr_line ocrx_word'/>
</head>
<body>
  <div class='ocr_page' id='page_1' title='image "./dialogisecumdumt04platuoft_0372.png"; bbox 0 0 1962 3236; ppageno 0'>
   <div class='ocr_carea' id='block_1_1' title="bbox 225 147 1900 199">
    <p class='ocr_par' dir='ltr' id='par_1_1' title="bbox 225 147 1900 199">
     <span class='ocr_line' id='line_1_1' title="bbox 225 147 1900 199; baseline 0.001 -2"><span class='ocrx_word' id='word_1_1' title='bbox 225 147 332 199; x_wconf 82' lang='lat'><em>336</em></span> <span class='ocrx_word' id='word_1_2' title='bbox 799 148 1274 196; x_wconf 72' lang='grc' dir='ltr'><em>ΠΛΑΤῼΝΟΣ</em></span> <span class='ocrx_word' id='word_1_3' title='bbox 1847 156 1900 199; x_wconf 88' lang='grc'><em>18</em></span> 
     </span>
    </p>
   </div>
   <div class='ocr_carea' id='block_1_2' title="bbox 140 276 1908 2868">
    <p class='ocr_par' dir='ltr' id='par_1_2' title="bbox 227 276 1904 513">
     <span class='ocr_line' id='line_1_2' title="bbox 227 276 1899 351; baseline 0 -15"><span class='ocrx_word' id='word_1_4' title='bbox 227 280 328 336; x_wconf 84' lang='grc' dir='ltr'><em>τὸν</em></span> <span class='ocrx_word' id='word_1_5' title='bbox 343 280 513 350; x_wconf 82' lang='grc' dir='ltr'><em>λόγον</em></span> <span class='ocrx_word' id='word_1_6' title='bbox 531 279 1001 350; x_wconf 87' lang='grc' dir='ltr'><em>ἀπεργασάμενος,</em></span> <span class='ocrx_word' id='word_1_7' title='bbox 1023 276 1055 334; x_wconf 86' lang='grc' dir='ltr'><em>ὅ</em></span> <span class='ocrx_word' id='word_1_8' title='bbox 1071 283 1129 334; x_wconf 91' lang='grc' dir='ltr'><em>τί</em></span> <span class='ocrx_word' id='word_1_9' title='bbox 1152 299 1254 348; x_wconf 88' lang='grc' dir='ltr'><em>περ</em></span> <span class='ocrx_word' id='word_1_10' title='bbox 1273 286 1386 350; x_wconf 86' lang='grc' dir='ltr'><em>πῦρ</em></span> <span class='ocrx_word' id='word_1_11' title='bbox 1405 278 1545 349; x_wconf 82' lang='grc' dir='ltr'><em>πρὸς</em></span> <span class='ocrx_word' id='word_1_12' title='bbox 1563 279 1716 351; x_wconf 91' lang='grc' dir='ltr'><em>ἀέρα,</em></span> <span class='ocrx_word' id='word_1_13' title='bbox 1734 287 1899 337; x_wconf 87' lang='grc' dir='ltr'><em>τοῦτο</em></span> 
     </span>
     <span class='ocr_line' id='line_1_3' title="bbox 227 357 1900 434; baseline -0.001 -16"><span class='ocrx_word' id='word_1_14' title='bbox 227 360 361 434; x_wconf 90' lang='grc' dir='ltr'><em>ἀέρα</em></span> <span class='ocrx_word' id='word_1_15' title='bbox 379 360 518 432; x_wconf 84' lang='grc' dir='ltr'><em>πρὸς</em></span> <span class='ocrx_word' id='word_1_16' title='bbox 539 360 709 430; x_wconf 82' lang='grc' dir='ltr'><em>ὕδωρ,</em></span> <span class='ocrx_word' id='word_1_17' title='bbox 734 362 824 415; x_wconf 86' lang='grc' dir='ltr'><em>καὶ</em></span> <span class='ocrx_word' id='word_1_18' title='bbox 843 359 877 415; x_wconf 87' lang='grc' dir='ltr'><em>ὅ</em></span> <span class='ocrx_word' id='word_1_19' title='bbox 894 382 946 415; x_wconf 90' lang='grc' dir='ltr'><em>τι</em></span> <span class='ocrx_word' id='word_1_20' title='bbox 965 357 1071 430; x_wconf 85' lang='grc' dir='ltr'><em>ἀὴρ</em></span> <span class='ocrx_word' id='word_1_21' title='bbox 1095 358 1235 429; x_wconf 84' lang='grc' dir='ltr'><em>πρὸς</em></span> <span class='ocrx_word' id='word_1_22' title='bbox 1255 359 1426 431; x_wconf 78' lang='grc' dir='ltr'><em>ὕδωρ,</em></span> <span class='ocrx_word' id='word_1_23' title='bbox 1447 358 1600 430; x_wconf 75' lang='grc' dir='ltr'><em>ὕδωρ</em></span> <span class='ocrx_word' id='word_1_24' title='bbox 1620 361 1759 432; x_wconf 86' lang='grc' dir='ltr'><em>πρὸς</em></span> <span class='ocrx_word' id='word_1_25' title='bbox 1777 369 1900 432; x_wconf 87' lang='grc' dir='ltr'><em>γῆν,</em></span> 
     </span>
     <span class='ocr_line' id='line_1_4' title="bbox 227 438 1904 513; baseline -0.001 -14"><span class='ocrx_word' id='word_1_26' title='bbox 227 445 487 513; x_wconf 81' lang='grc' dir='ltr'><em>ξυνέδησε</em></span> <span class='ocrx_word' id='word_1_27' title='bbox 506 445 596 497; x_wconf 84' lang='grc' dir='ltr'><em>καὶ</em></span> <span class='ocrx_word' id='word_1_28' title='bbox 617 441 982 512; x_wconf 81' lang='grc' dir='ltr'><em>ξυνεστήσατο</em></span> <span class='ocrx_word' id='word_1_29' title='bbox 1002 438 1249 511; x_wconf 81' lang='grc' dir='ltr'><em>οὐρανὸν</em></span> <span class='ocrx_word' id='word_1_30' title='bbox 1268 439 1474 510; x_wconf 81' lang='grc' dir='ltr'><em>ὁρατὸν</em></span> <span class='ocrx_word' id='word_1_31' title='bbox 1492 443 1583 497; x_wconf 85' lang='grc' dir='ltr'><em>καὶ</em></span> <span class='ocrx_word' id='word_1_32' title='bbox 1602 438 1791 498; x_wconf 76' lang='grc' dir='ltr'><em>ἁπτόν.</em></span> <span class='ocrx_word' id='word_1_33' title='bbox 1814 444 1904 498; x_wconf 86' lang='grc' dir='ltr'><em>καὶ</em></span> 
     </span>
    </p>

    <p class='ocr_par' dir='ltr' id='par_1_3' title="bbox 164 521 1906 1081">
     <span class='ocr_line' id='line_1_5' title="bbox 164 521 1904 594; baseline -0.001 -14"><span class='ocrx_word' id='word_1_34' title='bbox 164 530 199 572; x_wconf 83' lang='lat' dir='ltr'><strong>G</strong></span> <span class='ocrx_word' id='word_1_35' title='bbox 229 524 320 581; x_wconf 74' lang='grc' dir='ltr'><em>διὰ</em></span> <span class='ocrx_word' id='word_1_36' title='bbox 341 531 512 579; x_wconf 81' lang='grc' dir='ltr'><em>ταῦτα</em></span> <span class='ocrx_word' id='word_1_37' title='bbox 529 528 589 578; x_wconf 82' lang='grc' dir='ltr'><em>ἔκ</em></span> <span class='ocrx_word' id='word_1_38' title='bbox 607 544 667 578; x_wconf 88' lang='grc' dir='ltr'><em>τε</em></span> <span class='ocrx_word' id='word_1_39' title='bbox 689 522 755 594; x_wconf 79' lang='grc' dir='ltr'><em>δὴ</em></span> <span class='ocrx_word' id='word_1_40' title='bbox 772 523 988 578; x_wconf 91' lang='grc' dir='ltr'><em>τούτων</em></span> <span class='ocrx_word' id='word_1_41' title='bbox 1000 524 1128 592; x_wconf 84' lang='grc' dir='ltr'><em>[καὶ]</em></span> <span class='ocrx_word' id='word_1_42' title='bbox 1149 524 1419 579; x_wconf 83' lang='grc' dir='ltr'><strong><em>τοιούτων</em></strong></span> <span class='ocrx_word' id='word_1_43' title='bbox 1434 522 1642 579; x_wconf 78' lang='grc' dir='ltr'><em>καὶτὸν</em></span> <span class='ocrx_word' id='word_1_44' title='bbox 1661 521 1904 594; x_wconf 82' lang='grc' dir='ltr'><em>ἀριθμὸν</em></span> 
     </span>
     <span class='ocr_line' id='line_1_6' title="bbox 225 602 1906 675; baseline -0.001 -14"><span class='ocrx_word' id='word_1_45' title='bbox 225 606 505 675; x_wconf 80' lang='grc' dir='ltr'><em>τεττάρων</em></span> <span class='ocrx_word' id='word_1_46' title='bbox 532 603 593 659; x_wconf 83' lang='grc' dir='ltr'><em>τὸ</em></span> <span class='ocrx_word' id='word_1_47' title='bbox 625 611 727 659; x_wconf 85' lang='grc' dir='ltr'><em>τοῦ</em></span> <span class='ocrx_word' id='word_1_48' title='bbox 760 603 974 674; x_wconf 82' lang='grc' dir='ltr'><strong><em>κόσμου</em></strong></span> <span class='ocrx_word' id='word_1_49' title='bbox 1002 610 1160 674; x_wconf 77' lang='grc' dir='ltr'><em>σῶμα</em></span> <span class='ocrx_word' id='word_1_50' title='bbox 1186 604 1461 675; x_wconf 78' lang='grc' dir='ltr'><em>ἐγεννήθη</em></span> <span class='ocrx_word' id='word_1_51' title='bbox 1499 602 1572 658; x_wconf 78' lang='grc' dir='ltr'><em>δι’</em></span> <span class='ocrx_word' id='word_1_52' title='bbox 1611 602 1906 675; x_wconf 80' lang='grc' dir='ltr'><em>ἀναλογίας</em></span> 
     </span>
     <span class='ocr_line' id='line_1_7' title="bbox 224 683 1906 756; baseline -0.001 -15"><span class='ocrx_word' id='word_1_53' title='bbox 224 684 601 756; x_wconf 83' lang='grc' dir='ltr'><em>ὁμολογῆσαν,</em></span> <span class='ocrx_word' id='word_1_54' title='bbox 623 690 815 754; x_wconf 86' lang='grc' dir='ltr'><em>φιλίαν</em></span> <span class='ocrx_word' id='word_1_55' title='bbox 833 707 890 740; x_wconf 88' lang='grc' dir='ltr'><em>τε</em></span> <span class='ocrx_word' id='word_1_56' title='bbox 910 689 1066 755; x_wconf 84' lang='grc' dir='ltr'><em>ἔσχεν</em></span> <span class='ocrx_word' id='word_1_57' title='bbox 1085 687 1146 740; x_wconf 83' lang='grc' dir='ltr'><em>ἐκ</em></span> <span class='ocrx_word' id='word_1_58' title='bbox 1164 684 1398 756; x_wconf 88' lang='grc' dir='ltr'><em>τούτων,</em></span> <span class='ocrx_word' id='word_1_59' title='bbox 1431 683 1562 740; x_wconf 74' lang='grc' dir='ltr'><em>ὥστ’</em></span> <span class='ocrx_word' id='word_1_60' title='bbox 1595 690 1670 750; x_wconf 87' lang='grc' dir='ltr'><em>εἰς</em></span> <span class='ocrx_word' id='word_1_61' title='bbox 1700 685 1906 741; x_wconf 82' lang='grc' dir='ltr'><em>ταύτὸν</em></span> 
     </span>
     <span class='ocr_line' id='line_1_8' title="bbox 231 764 1904 839; baseline 0 -17"><span class='ocrx_word' id='word_1_62' title='bbox 231 764 383 839; x_wconf 76' lang='grc' dir='ltr'><em>αὐτῷ</em></span> <span class='ocrx_word' id='word_1_63' title='bbox 402 767 677 832; x_wconf 83' lang='grc' dir='ltr'><em>ξυνελθόν</em></span> <span class='ocrx_word' id='word_1_64' title='bbox 696 766 902 822; x_wconf 73' lang='grc' dir='ltr'><em>ἄλυτον</em></span> <span class='ocrx_word' id='word_1_65' title='bbox 918 765 1029 822; x_wconf 82' lang='grc' dir='ltr'><em>ὑπό</em></span> <span class='ocrx_word' id='word_1_66' title='bbox 1049 788 1149 822; x_wconf 91' lang='grc' dir='ltr'><em>του</em></span> <span class='ocrx_word' id='word_1_67' title='bbox 1169 766 1342 822; x_wconf 76' lang='grc' dir='ltr'><em>ἄλλου</em></span> <span class='ocrx_word' id='word_1_68' title='bbox 1358 765 1504 838; x_wconf 83' lang='grc' dir='ltr'><em>πλὴν</em></span> <span class='ocrx_word' id='word_1_69' title='bbox 1525 765 1632 822; x_wconf 72' lang='grc' dir='ltr'><em>’ὑπὸ</em></span> <span class='ocrx_word' id='word_1_70' title='bbox 1653 774 1755 822; x_wconf 80' lang='grc' dir='ltr'><em>τοῦ</em></span> <span class='ocrx_word' id='word_1_71' title='bbox 1774 771 1904 833; x_wconf 81' lang='grc' dir='ltr'><em>ξυν-</em></span> 
     </span>
     <span class='ocr_line' id='line_1_9' title="bbox 231 846 1906 919; baseline -0.001 -16"><span class='ocrx_word' id='word_1_72' title='bbox 231 846 500 918; x_wconf 85' lang='grc' dir='ltr'><em>δήσαντος</em></span> <span class='ocrx_word' id='word_1_73' title='bbox 518 853 794 918; x_wconf 77' lang='grc' dir='ltr'><em>γενέσθαι.</em></span> <span class='ocrx_word' id='word_1_74' title='bbox 834 855 946 904; x_wconf 79' lang='grc' dir='ltr'><em>τῶν</em></span> <span class='ocrx_word' id='word_1_75' title='bbox 969 847 1027 903; x_wconf 74' lang='grc' dir='ltr'><em>δὲ</em></span> <span class='ocrx_word' id='word_1_76' title='bbox 1047 847 1113 918; x_wconf 76' lang='grc' dir='ltr'><em>δὴ</em></span> <span class='ocrx_word' id='word_1_77' title='bbox 1132 849 1406 919; x_wconf 78' lang='grc' dir='ltr'><em>τεττάρων</em></span> <span class='ocrx_word' id='word_1_78' title='bbox 1426 852 1487 904; x_wconf 77' lang='grc' dir='ltr'><em>ἓν</em></span> <span class='ocrx_word' id='word_1_79' title='bbox 1512 847 1646 904; x_wconf 84' lang='grc' dir='ltr'><em>ὅλον</em></span> <span class='ocrx_word' id='word_1_80' title='bbox 1672 850 1906 904; x_wconf 80' lang='grc' dir='ltr'><em>ἕκαστον</em></span> 
     </span>
     <span class='ocr_line' id='line_1_10' title="bbox 230 928 1905 1001; baseline 0.001 -17"><span class='ocrx_word' id='word_1_81' title='bbox 230 937 458 1000; x_wconf 78' lang='grc' dir='ltr'><em>εἴληφεν</em></span> <span class='ocrx_word' id='word_1_82' title='bbox 486 928 520 1000; x_wconf 86' lang='grc' dir='ltr'><em>ῆ</em></span> <span class='ocrx_word' id='word_1_83' title='bbox 551 935 653 984; x_wconf 84' lang='grc' dir='ltr'><em>τοῦ</em></span> <span class='ocrx_word' id='word_1_84' title='bbox 686 930 903 1000; x_wconf 87' lang='grc' dir='ltr'><em>κόσμου</em></span> <span class='ocrx_word' id='word_1_85' title='bbox 940 929 1209 995; x_wconf 80' lang='grc' dir='ltr'><em>ξύστασις.</em></span> <span class='ocrx_word' id='word_1_86' title='bbox 1260 932 1320 985; x_wconf 86' lang='grc' dir='ltr'><em>ἐκ</em></span> <span class='ocrx_word' id='word_1_87' title='bbox 1351 928 1458 999; x_wconf 75' lang='grc' dir='ltr'><em>γὰρ</em></span> <span class='ocrx_word' id='word_1_88' title='bbox 1495 929 1669 1001; x_wconf 82' lang='grc' dir='ltr'><em>πυρὸς</em></span> <span class='ocrx_word' id='word_1_89' title='bbox 1704 929 1905 994; x_wconf 85' lang='grc' dir='ltr'><em>παντὸς</em></span> 
     </span>
     <span class='ocr_line' id='line_1_11' title="bbox 229 1007 1904 1081; baseline 0.001 -17"><span class='ocrx_word' id='word_1_90' title='bbox 229 1009 431 1075; x_wconf 79' lang='grc' dir='ltr'><em>ὕδατός</em></span> <span class='ocrx_word' id='word_1_91' title='bbox 452 1032 507 1065; x_wconf 88' lang='grc' dir='ltr'><em>τε</em></span> <span class='ocrx_word' id='word_1_92' title='bbox 528 1013 618 1066; x_wconf 82' lang='grc' dir='ltr'><em>καὶ</em></span> <span class='ocrx_word' id='word_1_93' title='bbox 638 1009 797 1079; x_wconf 80' lang='grc' dir='ltr'><em>ἀέρος</em></span> <span class='ocrx_word' id='word_1_94' title='bbox 812 1013 902 1066; x_wconf 86' lang='grc' dir='ltr'><em>καὶ</em></span> <span class='ocrx_word' id='word_1_95' title='bbox 920 1017 1021 1080; x_wconf 90' lang='grc' dir='ltr'><em>γῆς</em></span> <span class='ocrx_word' id='word_1_96' title='bbox 1041 1012 1370 1081; x_wconf 83' lang='grc' dir='ltr'><em>ξυνέστησεν</em></span> <span class='ocrx_word' id='word_1_97' title='bbox 1389 1009 1560 1066; x_wconf 85' lang='grc' dir='ltr'><em>αὐτὸν</em></span> <span class='ocrx_word' id='word_1_98' title='bbox 1585 1007 1613 1066; x_wconf 87' lang='grc' dir='ltr'><em>ὁ</em></span> <span class='ocrx_word' id='word_1_99' title='bbox 1635 1010 1904 1079; x_wconf 82' lang='grc' dir='ltr'><em>ξυνιστάς,</em></span> 
     </span>
    </p>

    <p class='ocr_par' dir='ltr' id='par_1_4' title="bbox 140 1089 1908 2464">
     <span class='ocr_line' id='line_1_12' title="bbox 164 1089 1906 1162; baseline 0.001 -17"><span class='ocrx_word' id='word_1_100' title='bbox 164 1099 196 1138; x_wconf 91' lang='lat' dir='ltr'>D</span> <span class='ocrx_word' id='word_1_101' title='bbox 227 1094 391 1160; x_wconf 83' lang='grc' dir='ltr'><em>μέρος</em></span> <span class='ocrx_word' id='word_1_102' title='bbox 410 1089 574 1148; x_wconf 76' lang='grc' dir='ltr'><em>οὐδὲν</em></span> <span class='ocrx_word' id='word_1_103' title='bbox 586 1091 815 1156; x_wconf 77' lang='grc' dir='ltr'><em>οὐδενὸς</em></span> <span class='ocrx_word' id='word_1_104' title='bbox 827 1091 956 1147; x_wconf 78' lang='grc' dir='ltr'><em>οὐδὲ</em></span> <span class='ocrx_word' id='word_1_105' title='bbox 971 1091 1210 1162; x_wconf 80' lang='grc' dir='ltr'><em>δύναμιν</em></span> <span class='ocrx_word' id='word_1_106' title='bbox 1231 1096 1439 1157; x_wconf 81' lang='grc' dir='ltr'><em>ἔξωθεν</em></span> <span class='ocrx_word' id='word_1_107' title='bbox 1457 1089 1764 1161; x_wconf 73' lang='grc' dir='ltr'><em>ὑπολιπών,</em></span> <span class='ocrx_word' id='word_1_108' title='bbox 1778 1091 1906 1146; x_wconf 82' lang='grc' dir='ltr'><em>τάδε</em></span> 
     </span>
     <span class='ocr_line' id='line_1_13' title="bbox 229 1171 1906 1244; baseline 0 -17"><span class='ocrx_word' id='word_1_109' title='bbox 229 1176 562 1243; x_wconf 81' lang='grc' dir='ltr'><em>διανοηθείς,</em></span> <span class='ocrx_word' id='word_1_110' title='bbox 576 1181 798 1243; x_wconf 76' lang='grc' dir='ltr'><em>πρῶτον</em></span> <span class='ocrx_word' id='word_1_111' title='bbox 817 1173 918 1244; x_wconf 77' lang='grc' dir='ltr'><em>μὲν</em></span> <span class='ocrx_word' id='word_1_112' title='bbox 938 1176 1030 1228; x_wconf 81' lang='grc' dir='ltr'><em>ἵνα</em></span> <span class='ocrx_word' id='word_1_113' title='bbox 1050 1172 1186 1229; x_wconf 89' lang='grc' dir='ltr'><em>ὅλον</em></span> <span class='ocrx_word' id='word_1_114' title='bbox 1205 1171 1236 1229; x_wconf 89' lang='grc' dir='ltr'><em>ὅ</em></span> <span class='ocrx_word' id='word_1_115' title='bbox 1255 1195 1306 1228; x_wconf 89' lang='grc' dir='ltr'><em>τι</em></span> <span class='ocrx_word' id='word_1_116' title='bbox 1325 1173 1554 1243; x_wconf 89' lang='grc' dir='ltr'><em>μάλιστα</em></span> <span class='ocrx_word' id='word_1_117' title='bbox 1571 1178 1709 1238; x_wconf 78' lang='grc' dir='ltr'><em>ζῶον</em></span> <span class='ocrx_word' id='word_1_118' title='bbox 1719 1175 1906 1228; x_wconf 85' lang='grc' dir='ltr'><em>τέλεον</em></span> 
     </span>
     <span class='ocr_line' id='line_1_14' title="bbox 140 1251 1906 1326; baseline 0.001 -20"><span class='ocrx_word' id='word_1_119' title='bbox 140 1262 198 1306; x_wconf 87' lang='grc'><em>33</em></span> <span class='ocrx_word' id='word_1_120' title='bbox 229 1256 287 1309; x_wconf 83' lang='grc' dir='ltr'><em>ἐκ</em></span> <span class='ocrx_word' id='word_1_121' title='bbox 310 1258 513 1310; x_wconf 85' lang='grc' dir='ltr'><em>τελέων</em></span> <span class='ocrx_word' id='word_1_122' title='bbox 549 1261 662 1310; x_wconf 75' lang='grc' dir='ltr'><em>τῶν</em></span> <span class='ocrx_word' id='word_1_123' title='bbox 697 1261 884 1325; x_wconf 73' lang='grc' dir='ltr'><em>μερῶν</em></span> <span class='ocrx_word' id='word_1_124' title='bbox 922 1263 1022 1325; x_wconf 79' lang='grc' dir='ltr'><em>εἴη,</em></span> <span class='ocrx_word' id='word_1_125' title='bbox 1061 1253 1199 1326; x_wconf 82' lang='grc' dir='ltr'><em>πρὸς</em></span> <span class='ocrx_word' id='word_1_126' title='bbox 1219 1254 1278 1310; x_wconf 77' lang='grc' dir='ltr'><em>δὲ</em></span> <span class='ocrx_word' id='word_1_127' title='bbox 1305 1255 1521 1319; x_wconf 83' lang='grc' dir='ltr'><em>τούτοις</em></span> <span class='ocrx_word' id='word_1_128' title='bbox 1555 1254 1633 1323; x_wconf 81' lang='grc' dir='ltr'><em>ἕν,</em></span> <span class='ocrx_word' id='word_1_129' title='bbox 1678 1251 1771 1308; x_wconf 82' lang='grc' dir='ltr'><em>ἅτε</em></span> <span class='ocrx_word' id='word_1_130' title='bbox 1806 1252 1906 1323; x_wconf 81' lang='grc' dir='ltr'><em>οὐχ</em></span> 
     </span>
     <span class='ocr_line' id='line_1_15' title="bbox 227 1330 1906 1406; baseline -0.001 -16"><span class='ocrx_word' id='word_1_131' title='bbox 227 1333 710 1406; x_wconf 81' lang='grc' dir='ltr'><em>ὑπολελειμμένων</em></span> <span class='ocrx_word' id='word_1_132' title='bbox 747 1340 800 1401; x_wconf 84' lang='grc' dir='ltr'><em>ἐξ</em></span> <span class='ocrx_word' id='word_1_133' title='bbox 827 1330 908 1391; x_wconf 69' lang='grc' dir='ltr'><em>ὦν</em></span> <span class='ocrx_word' id='word_1_134' title='bbox 944 1334 1076 1401; x_wconf 76' lang='grc' dir='ltr'><em>ἄλλο</em></span> <span class='ocrx_word' id='word_1_135' title='bbox 1107 1341 1363 1391; x_wconf 82' lang='grc' dir='ltr'><em>τοιοῦτον</em></span> <span class='ocrx_word' id='word_1_136' title='bbox 1385 1333 1584 1404; x_wconf 88' lang='grc' dir='ltr'><em>γένοιτ’</em></span> <span class='ocrx_word' id='word_1_137' title='bbox 1621 1334 1707 1403; x_wconf 78' lang='grc' dir='ltr'><em>ἄν,</em></span> <span class='ocrx_word' id='word_1_138' title='bbox 1746 1339 1822 1390; x_wconf 84' lang='grc' dir='ltr'><em>ἔτι</em></span> <span class='ocrx_word' id='word_1_139' title='bbox 1849 1336 1906 1389; x_wconf 79' lang='grc' dir='ltr'><em>δὲ</em></span> 
     </span>
     <span class='ocr_line' id='line_1_16' title="bbox 226 1411 1904 1489; baseline -0.001 -18"><span class='ocrx_word' id='word_1_140' title='bbox 226 1419 317 1472; x_wconf 82' lang='grc' dir='ltr'><em>ἴνα</em></span> <span class='ocrx_word' id='word_1_141' title='bbox 337 1415 563 1488; x_wconf 80' lang='grc' dir='ltr'><em>ἀγήρων</em></span> <span class='ocrx_word' id='word_1_142' title='bbox 582 1420 670 1473; x_wconf 85' lang='grc' dir='ltr'><em>καὶ</em></span> <span class='ocrx_word' id='word_1_143' title='bbox 692 1417 898 1472; x_wconf 78' lang='grc' dir='ltr'><em>ἄνοσον</em></span> <span class='ocrx_word' id='word_1_144' title='bbox 919 1411 972 1488; x_wconf 79' lang='grc' dir='ltr'><em>ᾗ,</em></span> <span class='ocrx_word' id='word_1_145' title='bbox 994 1422 1301 1487; x_wconf 74' lang='grc' dir='ltr'><em>κατανοῶν,</em></span> <span class='ocrx_word' id='word_1_146' title='bbox 1324 1413 1398 1480; x_wconf 74' lang='grc' dir='ltr'><em>ὠς</em></span> <span class='ocrx_word' id='word_1_147' title='bbox 1422 1415 1664 1489; x_wconf 77' lang='grc' dir='ltr'><em>ξυστάτῳ</em></span> <span class='ocrx_word' id='word_1_148' title='bbox 1695 1413 1904 1485; x_wconf 80' lang='grc' dir='ltr'><em>σώματι</em></span> 
     </span>
     <span class='ocr_line' id='line_1_17' title="bbox 226 1494 1907 1567; baseline -0.001 -16"><span class='ocrx_word' id='word_1_149' title='bbox 226 1496 410 1567; x_wconf 76' lang='grc' dir='ltr'><em>θερμὰ</em></span> <span class='ocrx_word' id='word_1_150' title='bbox 439 1499 530 1552; x_wconf 82' lang='grc' dir='ltr'><em>καὶ</em></span> <span class='ocrx_word' id='word_1_151' title='bbox 563 1496 744 1567; x_wconf 74' lang='grc' dir='ltr'><em>ψυχροὶ</em></span> <span class='ocrx_word' id='word_1_152' title='bbox 777 1499 868 1552; x_wconf 83' lang='grc' dir='ltr'><em>καὶ</em></span> <span class='ocrx_word' id='word_1_153' title='bbox 896 1495 1071 1551; x_wconf 80' lang='grc' dir='ltr'><em>πάνθ’</em></span> <span class='ocrx_word' id='word_1_154' title='bbox 1109 1496 1213 1552; x_wconf 90' lang='grc' dir='ltr'><em>ὅσα</em></span> <span class='ocrx_word' id='word_1_155' title='bbox 1244 1496 1506 1565; x_wconf 80' lang='grc' dir='ltr'><em>δυνάμεις</em></span> <span class='ocrx_word' id='word_1_156' title='bbox 1546 1494 1771 1565; x_wconf 78' lang='grc' dir='ltr'><em>ἰσχυρὰς</em></span> <span class='ocrx_word' id='word_1_157' title='bbox 1801 1499 1907 1565; x_wconf 83' lang='grc' dir='ltr'><em>ἔχει</em></span> 
     </span>
     <span class='ocr_line' id='line_1_18' title="bbox 227 1575 1908 1648; baseline -0.001 -16"><span class='ocrx_word' id='word_1_158' title='bbox 227 1578 618 1648; x_wconf 89' lang='grc' dir='ltr'><em>περιιστάμενα</em></span> <span class='ocrx_word' id='word_1_159' title='bbox 631 1582 840 1644; x_wconf 82' lang='grc' dir='ltr'><em>ἔξωθεν</em></span> <span class='ocrx_word' id='word_1_160' title='bbox 861 1581 951 1633; x_wconf 87' lang='grc' dir='ltr'><em>καὶ</em></span> <span class='ocrx_word' id='word_1_161' title='bbox 970 1583 1382 1648; x_wconf 85' lang='grc' dir='ltr'><em>προσπίπτοντα</em></span> <span class='ocrx_word' id='word_1_162' title='bbox 1404 1575 1644 1647; x_wconf 81' lang='grc' dir='ltr'><em>ἀκαίρως</em></span> <span class='ocrx_word' id='word_1_163' title='bbox 1666 1577 1786 1632; x_wconf 84' lang='grc' dir='ltr'><em>λύει</em></span> <span class='ocrx_word' id='word_1_164' title='bbox 1817 1579 1908 1631; x_wconf 88' lang='grc' dir='ltr'><em>καὶ</em></span> 
     </span>
     <span class='ocr_line' id='line_1_19' title="bbox 225 1656 1907 1731; baseline -0.002 -16"><span class='ocrx_word' id='word_1_165' title='bbox 225 1660 430 1724; x_wconf 88' lang='grc' dir='ltr'><em>νόσους</em></span> <span class='ocrx_word' id='word_1_166' title='bbox 448 1660 624 1731; x_wconf 90' lang='grc' dir='ltr'><em>γῆράς</em></span> <span class='ocrx_word' id='word_1_167' title='bbox 642 1681 698 1714; x_wconf 89' lang='grc' dir='ltr'><em>τε</em></span> <span class='ocrx_word' id='word_1_168' title='bbox 731 1661 1006 1730; x_wconf 80' lang='grc' dir='ltr'><em>ἐπάγοντα</em></span> <span class='ocrx_word' id='word_1_169' title='bbox 1031 1666 1266 1730; x_wconf 87' lang='grc' dir='ltr'><em>φθίνειν·</em></span> <span class='ocrx_word' id='word_1_170' title='bbox 1289 1671 1444 1715; x_wconf 81' lang='grc' dir='ltr'><em>ποιεῖ.</em></span> <span class='ocrx_word' id='word_1_171' title='bbox 1482 1657 1570 1715; x_wconf 76' lang='grc' dir='ltr'><em>διὰ</em></span> <span class='ocrx_word' id='word_1_172' title='bbox 1597 1657 1662 1729; x_wconf 83' lang='grc' dir='ltr'><em>δὴ</em></span> <span class='ocrx_word' id='word_1_173' title='bbox 1692 1656 1795 1728; x_wconf 86' lang='grc' dir='ltr'><em>τὴν</em></span> <span class='ocrx_word' id='word_1_174' title='bbox 1821 1662 1907 1713; x_wconf 90' lang='grc' dir='ltr'><em>αι’-</em></span> 
     </span>
     <span class='ocr_line' id='line_1_20' title="bbox 228 1737 1906 1812; baseline -0.003 -15"><span class='ocrx_word' id='word_1_175' title='bbox 228 1747 351 1797; x_wconf 89' lang='grc' dir='ltr'><em>τίαν</em></span> <span class='ocrx_word' id='word_1_176' title='bbox 385 1743 478 1796; x_wconf 86' lang='grc' dir='ltr'><em>καὶ</em></span> <span class='ocrx_word' id='word_1_177' title='bbox 512 1739 611 1796; x_wconf 84' lang='grc' dir='ltr'><em>τὸν</em></span> <span class='ocrx_word' id='word_1_178' title='bbox 645 1740 914 1812; x_wconf 80' lang='grc' dir='ltr'><em>λογισμὸν</em></span> <span class='ocrx_word' id='word_1_179' title='bbox 948 1742 1110 1797; x_wconf 81' lang='grc' dir='ltr'><em>τόνδε</em></span> <span class='ocrx_word' id='word_1_180' title='bbox 1140 1744 1201 1796; x_wconf 77' lang='grc' dir='ltr'><em>ἓν</em></span> <span class='ocrx_word' id='word_1_181' title='bbox 1232 1742 1365 1797; x_wconf 83' lang='grc' dir='ltr'><em>ὅλον</em></span> <span class='ocrx_word' id='word_1_182' title='bbox 1389 1740 1536 1797; x_wconf 87' lang='grc' dir='ltr'><em>ὅλων</em></span> <span class='ocrx_word' id='word_1_183' title='bbox 1563 1743 1616 1805; x_wconf 86' lang='grc' dir='ltr'><em>ἐξ,</em></span> <span class='ocrx_word' id='word_1_184' title='bbox 1643 1737 1906 1794; x_wconf 78' lang='grc' dir='ltr'><em>ἁπάντων</em></span> 
     </span>
     <span class='ocr_line' id='line_1_21' title="bbox 168 1820 1906 1893; baseline -0.003 -14"><span class='ocrx_word' id='word_1_185' title='bbox 168 1839 202 1879; x_wconf 91' lang='grc' dir='ltr'><strong>Β</strong></span> <span class='ocrx_word' id='word_1_186' title='bbox 228 1825 417 1879; x_wconf 85' lang='grc' dir='ltr'><em>τέλεον</em></span> <span class='ocrx_word' id='word_1_187' title='bbox 436 1824 528 1878; x_wconf 87' lang='grc' dir='ltr'><em>καὶ</em></span> <span class='ocrx_word' id='word_1_188' title='bbox 553 1820 780 1893; x_wconf 81' lang='grc' dir='ltr'><em>ἀγήρων</em></span> <span class='ocrx_word' id='word_1_189' title='bbox 810 1825 900 1879; x_wconf 87' lang='grc' dir='ltr'><em>καὶ</em></span> <span class='ocrx_word' id='word_1_190' title='bbox 931 1823 1139 1878; x_wconf 76' lang='grc' dir='ltr'><em>ἄνοσον</em></span> <span class='ocrx_word' id='word_1_191' title='bbox 1158 1822 1331 1878; x_wconf 80' lang='grc' dir='ltr'><em>αὐτὸν</em></span> <span class='ocrx_word' id='word_1_192' title='bbox 1352 1823 1693 1892; x_wconf 84' lang='grc' dir='ltr'><em>ἐτεκτήνατο·</em></span> <span class='ocrx_word' id='word_1_193' title='bbox 1731 1826 1906 1891; x_wconf 86' lang='grc' dir='ltr'><em>σχῆμα</em></span> 
     </span>
     <span class='ocr_line' id='line_1_22' title="bbox 230 1900 1902 1980; baseline -0.003 -19"><span class='ocrx_word' id='word_1_194' title='bbox 230 1906 288 1961; x_wconf 79' lang='grc' dir='ltr'><em>δὲ</em></span> <span class='ocrx_word' id='word_1_195' title='bbox 311 1907 515 1960; x_wconf 78' lang='grc' dir='ltr'><em>ἔδωκεν</em></span> <span class='ocrx_word' id='word_1_196' title='bbox 528 1902 678 1980; x_wconf 79' lang='grc' dir='ltr'><em>αὐτῷ</em></span> <span class='ocrx_word' id='word_1_197' title='bbox 697 1905 758 1960; x_wconf 85' lang='grc' dir='ltr'><em>τὸ</em></span> <span class='ocrx_word' id='word_1_198' title='bbox 785 1909 995 1975; x_wconf 89' lang='grc' dir='ltr'><em>πρέπον</em></span> <span class='ocrx_word' id='word_1_199' title='bbox 1010 1908 1099 1961; x_wconf 89' lang='grc' dir='ltr'><em>καὶ</em></span> <span class='ocrx_word' id='word_1_200' title='bbox 1117 1905 1178 1961; x_wconf 84' lang='grc' dir='ltr'><em>τὸ</em></span> <span class='ocrx_word' id='word_1_201' title='bbox 1200 1909 1470 1976; x_wconf 85' lang='grc' dir='ltr'><em>ξυγγενές.</em></span> <span class='ocrx_word' id='word_1_202' title='bbox 1491 1911 1568 1977; x_wconf 73' lang='grc' dir='ltr'><em>τῷ</em></span> <span class='ocrx_word' id='word_1_203' title='bbox 1588 1905 1644 1960; x_wconf 80' lang='grc' dir='ltr'><em>δὲ</em></span> <span class='ocrx_word' id='word_1_204' title='bbox 1663 1903 1731 1959; x_wconf 81' lang='grc' dir='ltr'><em>τά</em></span> <span class='ocrx_word' id='word_1_205' title='bbox 1750 1900 1902 1957; x_wconf 85' lang='grc' dir='ltr'><em>πάντ’</em></span> 
     </span>
     <span class='ocr_line' id='line_1_23' title="bbox 228 1983 1905 2061; baseline -0.002 -20"><span class='ocrx_word' id='word_1_206' title='bbox 228 1990 289 2041; x_wconf 84' lang='grc' dir='ltr'><em>ἐν</em></span> <span class='ocrx_word' id='word_1_207' title='bbox 310 1983 461 2060; x_wconf 74' lang='grc' dir='ltr'><em>αὐτῷ</em></span> <span class='ocrx_word' id='word_1_208' title='bbox 478 1991 586 2052; x_wconf 74' lang='grc' dir='ltr'><em>ζῶα</em></span> <span class='ocrx_word' id='word_1_209' title='bbox 608 1991 874 2058; x_wconf 88' lang='grc' dir='ltr'><em>περιέχειν</em></span> <span class='ocrx_word' id='word_1_210' title='bbox 892 1991 1144 2057; x_wconf 88' lang='grc' dir='ltr'><em>μέλλοντι</em></span> <span class='ocrx_word' id='word_1_211' title='bbox 1165 1989 1280 2061; x_wconf 77' lang='grc' dir='ltr'><em>ζιόςο</em></span> <span class='ocrx_word' id='word_1_212' title='bbox 1307 1990 1516 2058; x_wconf 91' lang='grc' dir='ltr'><em>πρέπον</em></span> <span class='ocrx_word' id='word_1_213' title='bbox 1538 1983 1607 2040; x_wconf 78' lang='grc' dir='ltr'><em>ἀν</em></span> <span class='ocrx_word' id='word_1_214' title='bbox 1628 1993 1709 2055; x_wconf 78' lang='grc' dir='ltr'><em>εἴη</em></span> <span class='ocrx_word' id='word_1_215' title='bbox 1730 1991 1905 2054; x_wconf 85' lang='grc' dir='ltr'><em>σχῆμα</em></span> 
     </span>
     <span class='ocr_line' id='line_1_24' title="bbox 228 2065 1906 2140; baseline -0.001 -19"><span class='ocrx_word' id='word_1_216' title='bbox 228 2065 290 2122; x_wconf 86' lang='grc' dir='ltr'>τό</span> <span class='ocrx_word' id='word_1_217' title='bbox 331 2067 682 2138; x_wconf 88' lang='grc' dir='ltr'><em>περιειληφὸς</em></span> <span class='ocrx_word' id='word_1_218' title='bbox 711 2072 769 2123; x_wconf 89' lang='grc' dir='ltr'><em>έν</em></span> <span class='ocrx_word' id='word_1_219' title='bbox 791 2066 942 2140; x_wconf 72' lang='grc' dir='ltr'><em>αὑτῷ</em></span> <span class='ocrx_word' id='word_1_220' title='bbox 974 2069 1152 2124; x_wconf 90' lang='grc' dir='ltr'><em>πάντα</em></span> <span class='ocrx_word' id='word_1_221' title='bbox 1181 2069 1361 2135; x_wconf 87' lang='grc' dir='ltr'><em>ὁπόσα</em></span> <span class='ocrx_word' id='word_1_222' title='bbox 1387 2067 1655 2137; x_wconf 90' lang='grc' dir='ltr'><em>σχήματα·</em></span> <span class='ocrx_word' id='word_1_223' title='bbox 1693 2066 1778 2120; x_wconf 81' lang='grc' dir='ltr'><em>διὸ</em></span> <span class='ocrx_word' id='word_1_224' title='bbox 1816 2070 1906 2120; x_wconf 83' lang='grc' dir='ltr'><em>καὶ</em></span> 
     </span>
     <span class='ocr_line' id='line_1_25' title="bbox 228 2145 1906 2221; baseline 0 -20"><span class='ocrx_word' id='word_1_225' title='bbox 228 2152 599 2221; x_wconf 83' lang='grc' dir='ltr'><em>σφαιροειδές,</em></span> <span class='ocrx_word' id='word_1_226' title='bbox 649 2152 707 2204; x_wconf 83' lang='grc' dir='ltr'><em>ἐκ</em></span> <span class='ocrx_word' id='word_1_227' title='bbox 747 2153 919 2218; x_wconf 90' lang='grc' dir='ltr'><em>μέσου</em></span> <span class='ocrx_word' id='word_1_228' title='bbox 958 2150 1135 2219; x_wconf 89' lang='grc' dir='ltr'><em>πάντη</em></span> <span class='ocrx_word' id='word_1_229' title='bbox 1172 2147 1309 2220; x_wconf 83' lang='grc' dir='ltr'><em>πρὸς</em></span> <span class='ocrx_word' id='word_1_230' title='bbox 1352 2148 1448 2211; x_wconf 75' lang='grc' dir='ltr'><em>τὰς</em></span> <span class='ocrx_word' id='word_1_231' title='bbox 1493 2145 1748 2211; x_wconf 78' lang='grc' dir='ltr'><em>τελευτὰς</em></span> <span class='ocrx_word' id='word_1_232' title='bbox 1786 2154 1906 2202; x_wconf 74' lang='grc' dir='ltr'><em>ἴσον</em></span> 
     </span>
     <span class='ocr_line' id='line_1_26' title="bbox 229 2226 1904 2299; baseline -0.001 -16"><span class='ocrx_word' id='word_1_233' title='bbox 229 2227 451 2299; x_wconf 85' lang='grc' dir='ltr'><em>ἀπέχον,</em></span> <span class='ocrx_word' id='word_1_234' title='bbox 472 2230 798 2297; x_wconf 78' lang='grc' dir='ltr'><em>κυκλοτερὲς</em></span> <span class='ocrx_word' id='word_1_235' title='bbox 817 2229 951 2284; x_wconf 79' lang='grc' dir='ltr'><em>αὐτὸ</em></span> <span class='ocrx_word' id='word_1_236' title='bbox 983 2229 1361 2298; x_wconf 86' lang='grc' dir='ltr'><em>ε’τορνεύσατο,</em></span> <span class='ocrx_word' id='word_1_237' title='bbox 1389 2230 1614 2284; x_wconf 88' lang='grc' dir='ltr'><em>πάντων</em></span> <span class='ocrx_word' id='word_1_238' title='bbox 1642 2226 1904 2283; x_wconf 80' lang='grc' dir='ltr'><em>τελεώτα-</em></span> 
     </span>
     <span class='ocr_line' id='line_1_27' title="bbox 229 2307 1903 2381; baseline -0.001 -17"><span class='ocrx_word' id='word_1_239' title='bbox 229 2330 328 2364; x_wconf 87' lang='grc' dir='ltr'><em>τον</em></span> <span class='ocrx_word' id='word_1_240' title='bbox 349 2308 673 2380; x_wconf 87' lang='grc' dir='ltr'><em>ὁμοιότατόν</em></span> <span class='ocrx_word' id='word_1_241' title='bbox 693 2332 750 2365; x_wconf 89' lang='grc' dir='ltr'><em>τε</em></span> <span class='ocrx_word' id='word_1_242' title='bbox 772 2307 904 2364; x_wconf 81' lang='grc' dir='ltr'><em>αὐτὸ</em></span> <span class='ocrx_word' id='word_1_243' title='bbox 935 2310 1110 2381; x_wconf 82' lang='grc' dir='ltr'><em>ἑαυτῷ</em></span> <span class='ocrx_word' id='word_1_244' title='bbox 1140 2310 1449 2380; x_wconf 87' lang='grc' dir='ltr'><em>σχημάτων,</em></span> <span class='ocrx_word' id='word_1_245' title='bbox 1471 2314 1697 2379; x_wconf 84' lang='grc' dir='ltr'><em>νομίσας</em></span> <span class='ocrx_word' id='word_1_246' title='bbox 1725 2313 1903 2381; x_wconf 79' lang='grc' dir='ltr'><em>μυρίῳ</em></span> 
     </span>
     <span class='ocr_line' id='line_1_28' title="bbox 229 2389 1903 2464; baseline -0.001 -18"><span class='ocrx_word' id='word_1_247' title='bbox 229 2389 457 2446; x_wconf 87' lang='grc' dir='ltr'><em>κάλλιον</em></span> <span class='ocrx_word' id='word_1_248' title='bbox 477 2389 672 2461; x_wconf 90' lang='grc' dir='ltr'><em>ὅμοιον</em></span> <span class='ocrx_word' id='word_1_249' title='bbox 692 2390 975 2462; x_wconf 88' lang='grc' dir='ltr'><em>ἀνομοίου.</em></span> <span class='ocrx_word' id='word_1_250' title='bbox 1014 2398 1162 2446; x_wconf 77' lang='grc' dir='ltr'><em>λεῖον</em></span> <span class='ocrx_word' id='word_1_251' title='bbox 1183 2389 1242 2446; x_wconf 72' lang='grc' dir='ltr'><em>δὲ</em></span> <span class='ocrx_word' id='word_1_252' title='bbox 1261 2390 1326 2462; x_wconf 77' lang='grc' dir='ltr'><em>δὴ</em></span> <span class='ocrx_word' id='word_1_253' title='bbox 1359 2390 1544 2464; x_wconf 77' lang='grc' dir='ltr'><em>κύκλῳ</em></span> <span class='ocrx_word' id='word_1_254' title='bbox 1564 2398 1677 2446; x_wconf 77' lang='grc' dir='ltr'><em>πᾶν</em></span> <span class='ocrx_word' id='word_1_255' title='bbox 1697 2393 1903 2456; x_wconf 79' lang='grc' dir='ltr'><em>ἔξωθεν</em></span> 
     </span>
    </p>

    <p class='ocr_par' dir='ltr' id='par_1_5' title="bbox 163 2470 1905 2868">
     <span class='ocr_line' id='line_1_29' title="bbox 163 2470 1900 2545; baseline -0.003 -13"><span class='ocrx_word' id='word_1_256' title='bbox 163 2491 195 2532; x_wconf 84' lang='lat' dir='ltr'>c</span> <span class='ocrx_word' id='word_1_257' title='bbox 227 2470 362 2528; x_wconf 81' lang='grc' dir='ltr'><em>αὐτὸ</em></span> <span class='ocrx_word' id='word_1_258' title='bbox 393 2471 770 2545; x_wconf 85' lang='grc' dir='ltr'><em>ἀπηκριβοῦτο</em></span> <span class='ocrx_word' id='word_1_259' title='bbox 799 2481 1019 2530; x_wconf 76' lang='grc' dir='ltr'><em>πολλῶν</em></span> <span class='ocrx_word' id='word_1_260' title='bbox 1045 2475 1223 2544; x_wconf 90' lang='grc' dir='ltr'><em>χάριν.</em></span> <span class='ocrx_word' id='word_1_261' title='bbox 1262 2471 1526 2544; x_wconf 88' lang='grc' dir='ltr'><em>ὀμμάτων</em></span> <span class='ocrx_word' id='word_1_262' title='bbox 1551 2494 1609 2528; x_wconf 90' lang='grc' dir='ltr'><em>τε</em></span> <span class='ocrx_word' id='word_1_263' title='bbox 1637 2471 1743 2542; x_wconf 77' lang='grc' dir='ltr'><em>γὰρ</em></span> <span class='ocrx_word' id='word_1_264' title='bbox 1775 2476 1900 2526; x_wconf 88' lang='grc' dir='ltr'><em>έπε-</em></span> 
     </span>
     <span class='ocr_line' id='line_1_30' title="bbox 229 2549 1901 2626; baseline -0.001 -17"><span class='ocrx_word' id='word_1_265' title='bbox 229 2558 372 2609; x_wconf 64' lang='lat' dir='ltr'><strong>detto</strong></span> <span class='ocrx_word' id='word_1_266' title='bbox 401 2552 585 2624; x_wconf 83' lang='grc' dir='ltr'><em>οὐδέν,</em></span> <span class='ocrx_word' id='word_1_267' title='bbox 618 2553 824 2624; x_wconf 82' lang='grc' dir='ltr'><em>ὁρατὸν</em></span> <span class='ocrx_word' id='word_1_268' title='bbox 845 2555 952 2626; x_wconf 84' lang='grc' dir='ltr'><em>γὰρ</em></span> <span class='ocrx_word' id='word_1_269' title='bbox 985 2554 1150 2611; x_wconf 80' lang='grc' dir='ltr'><em>οὕδεν</em></span> <span class='ocrx_word' id='word_1_270' title='bbox 1179 2553 1498 2610; x_wconf 87' lang='grc' dir='ltr'><em>ὑπελείπετο</em></span> <span class='ocrx_word' id='word_1_271' title='bbox 1529 2556 1754 2622; x_wconf 69' lang='grc' dir='ltr'><em>ἔξωθεν,</em></span> <span class='ocrx_word' id='word_1_272' title='bbox 1779 2549 1901 2607; x_wconf 68' lang='grc' dir='ltr'><em>οὐδ’</em></span> 
     </span>
     <span class='ocr_line' id='line_1_31' title="bbox 231 2630 1905 2707; baseline -0.002 -17"><span class='ocrx_word' id='word_1_273' title='bbox 231 2634 416 2706; x_wconf 84' lang='grc' dir='ltr'><em>ἀκοῆς,</em></span> <span class='ocrx_word' id='word_1_274' title='bbox 438 2633 569 2690; x_wconf 80' lang='grc' dir='ltr'><em>οὐδὲ</em></span> <span class='ocrx_word' id='word_1_275' title='bbox 589 2634 697 2707; x_wconf 83' lang='grc' dir='ltr'><em>γάρ</em></span> <span class='ocrx_word' id='word_1_276' title='bbox 720 2634 1024 2692; x_wconf 87' lang='grc' dir='ltr'><em>ἀκουστόν·</em></span> <span class='ocrx_word' id='word_1_277' title='bbox 1063 2635 1281 2706; x_wconf 84' lang='grc' dir='ltr'><em>πνεῦμά</em></span> <span class='ocrx_word' id='word_1_278' title='bbox 1307 2657 1364 2691; x_wconf 91' lang='grc' dir='ltr'><em>τε</em></span> <span class='ocrx_word' id='word_1_279' title='bbox 1395 2633 1498 2690; x_wconf 79' lang='grc' dir='ltr'><em>οὐκ</em></span> <span class='ocrx_word' id='word_1_280' title='bbox 1526 2638 1597 2705; x_wconf 85' lang='grc' dir='ltr'><em>ῆν</em></span> <span class='ocrx_word' id='word_1_281' title='bbox 1625 2630 1905 2702; x_wconf 88' lang='grc' dir='ltr'><em>περιεστὸς</em></span> 
     </span>
     <span class='ocr_line' id='line_1_32' title="bbox 231 2710 1904 2821; baseline -0.002 -52"><span class='ocrx_word' id='word_1_282' title='bbox 231 2715 497 2785; x_wconf 80' lang='grc' dir='ltr'><em>δεόμενον</em></span> <span class='ocrx_word' id='word_1_283' title='bbox 524 2715 849 2821; x_wconf 87' lang='grc' dir='ltr'><em>ἀναπνοῆς,</em></span> <span class='ocrx_word' id='word_1_284' title='bbox 869 2714 992 2771; x_wconf 83' lang='grc' dir='ltr'><em>οὐδ’</em></span> <span class='ocrx_word' id='word_1_285' title='bbox 1032 2717 1105 2771; x_wconf 82' lang='grc' dir='ltr'><em>αὐ</em></span> <span class='ocrx_word' id='word_1_286' title='bbox 1138 2715 1289 2780; x_wconf 84' lang='grc' dir='ltr'><em>τινὸς</em></span> <span class='ocrx_word' id='word_1_287' title='bbox 1315 2716 1519 2780; x_wconf 81' lang='grc' dir='ltr'><em>ἐπιδεες</em></span> <span class='ocrx_word' id='word_1_288' title='bbox 1553 2718 1623 2784; x_wconf 80' lang='grc' dir='ltr'><em>ῆν</em></span> <span class='ocrx_word' id='word_1_289' title='bbox 1659 2710 1904 2782; x_wconf 87' lang='grc' dir='ltr'><em>ὀργάνου</em></span> 
     </span>
     <span class='ocr_line' id='line_1_33' title="bbox 231 2793 1903 2868; baseline -0.001 -20"><span class='ocrx_word' id='word_1_290' title='bbox 231 2808 434 2868; x_wconf 78' lang='grc' dir='ltr'><em>σχεῖν,</em></span> <span class='ocrx_word' id='word_1_291' title='bbox 416 2818 458 2850; x_wconf 89' lang='grc' dir='ltr'><em>ω</em></span> <span class='ocrx_word' id='word_1_292' title='bbox 478 2796 578 2867; x_wconf 83' lang='grc' dir='ltr'><em>τὴν</em></span> <span class='ocrx_word' id='word_1_293' title='bbox 596 2820 697 2868; x_wconf 91' lang='grc' dir='ltr'><em>μεν</em></span> <span class='ocrx_word' id='word_1_294' title='bbox 728 2803 803 2862; x_wconf 85' lang='grc' dir='ltr'><em>εἰς</em></span> <span class='ocrx_word' id='word_1_295' title='bbox 822 2799 983 2853; x_wconf 82' lang='grc' dir='ltr'><em>ἑαυτὸ</em></span> <span class='ocrx_word' id='word_1_296' title='bbox 1003 2795 1220 2868; x_wconf 83' lang='grc' dir='ltr'><em>τροφὴν</em></span> <span class='ocrx_word' id='word_1_297' title='bbox 1244 2801 1466 2866; x_wconf 79' lang='grc' dir='ltr'><em>ὄέξοιτο,</em></span> <span class='ocrx_word' id='word_1_298' title='bbox 1492 2793 1594 2866; x_wconf 81' lang='grc' dir='ltr'><em>τῆν</em></span> <span class='ocrx_word' id='word_1_299' title='bbox 1620 2796 1678 2848; x_wconf 81' lang='grc' dir='ltr'><em>δὲ</em></span> <span class='ocrx_word' id='word_1_300' title='bbox 1706 2793 1903 2863; x_wconf 84' lang='grc' dir='ltr'><em>πρότε-</em></span> 
     </span>
    </p>
   </div>
  </div>
 </body>
</html>
