1962 3236
651 131 1134 181 ΠΟΛΙΤΕΙΑΣ
1165 123 1214 177 ε’.
1683 126 1782 178 143

12 299 13 302 “
102 268 333 339 ἄριστον
357 269 515 324 πόλει
533 265 769 337 νόμιμον
801 265 1068 334 ἐτίθεμεν.
1110 260 1318 327 Οὕτως.
1356 261 1686 317 Ἀποδυτέον
1716 260 1784 331 δὴ

11 368 13 402 3
105 362 221 415 ταῖς
238 355 354 405 τῶν
370 348 641 419 φυλάκων
659 348 927 416 γυναιξίν,
947 346 1167 413 ἐπείπερ
1186 341 1391 414 ἀρετὴν
1411 341 1532 399 ἀντὶ
1553 347 1784 413 ἱματίων

105 430 483 502 ἀμφιέσονται,
503 432 594 486 καὶ
622 430 993 497 κοινωνητέον
1019 429 1263 497 πολέμου
1293 447 1349 481 τε
1379 427 1471 481 καὶ
1496 430 1592 495 τῆς
1618 424 1786 495 ἄλλης

109 519 363 585 φυλακῆς
395 519 492 584 τῆς
526 513 650 579 περὶ
681 509 783 579 τὴν
822 508 1003 578 πόλιν,
1042 511 1133 564 καὶ
1169 506 1273 564 οὐκ
1306 507 1448 564 ἄλλα
1482 510 1781 579 πρακτέον·

107 598 323 652 τούτων
359 593 415 649 δ’
453 592 643 648 αὐτῶν
675 591 739 645 τὰ
781 590 1122 659 ἐλαφρότερα
1156 602 1271 655 ταῖς
1310 591 1563 661 γυναιξὶν
1600 585 1635 660 ἢ
1674 598 1787 652 τοῖς

107 677 346 747 ἀνδράσι
364 677 557 730 δοτέον
570 673 659 728 διὰ
678 670 783 742 τὴν
802 677 902 726 τοῦ
921 673 1119 740 γένους
1132 670 1455 728 ἀσθένειαν·
1476 668 1504 726 ὁ
1529 672 1587 726 δὲ
1605 674 1786 741 γελῶν
1819 689 1853 730 Β

107 758 249 828 ἀνὴρ
273 758 357 812 ἐπὶ
380 767 614 825 γυμναῖς
632 757 866 823 γυναιξι,
904 755 1006 806 τοῦ
1025 753 1352 822 βελτίστου
1329 754 1492 807 ε’νεκα
1511 755 1788 822 γυμναζο-

107 842 312 909 μέναις,
333 836 494 906 ἀτελῆ
515 841 616 890 τοῦ
635 838 858 904 γελοίου
877 836 1075 902 σοφίας
1106 834 1326 902 δρέπων
1357 832 1591 902 καρπόν,
1622 831 1789 888 οὐδὲν

110 917 276 985 οἶδεν,
322 918 396 983 ὠς
433 922 628 983 ἔοικεν,
666 913 751 984 ἐφ’
798 906 843 987 ᾦ
883 919 1018 985 γελᾷ
1053 911 1179 968 οὐδ’
1220 911 1252 969 ὅ
1278 937 1330 969 τι
1358 913 1611 983 πράττει·
1654 913 1790 968 κάλ-

111 1009 265 1055 λιστα
286 998 392 1070 γὰρ
413 998 481 1068 δὴ
500 1003 664 1053 τοῦτο
686 998 778 1051 καὶ
804 999 1018 1065 λέγεται
1046 998 1136 1050 καὶ
1169 995 1505 1064 λελέξεται,
1484 995 1568 1051 ότι
1595 994 1658 1051 τὸ
1686 995 1786 1066 μὲν

112 1082 393 1151 ὠφέλιμον
421 1079 610 1147 καλόν,
649 1077 709 1133 τὸ
749 1078 807 1132 δὲ
838 1075 1114 1148 βλαβερὸν
1146 1076 1388 1163 αἰσχρόν.
1460 1075 1790 1132 Παντάπασι

110 1165 212 1232 μὲν
241 1157 359 1218 οὖν.

251 1247 354 1296 vn.
400 1248 576 1297 Τοῦτο
605 1242 707 1311 μὲν
728 1244 918 1294 τοίνυν
950 1242 1012 1293 ἓν
1045 1238 1230 1306 ω’σπερ
1260 1245 1407 1309 κῦμα
1443 1243 1639 1309 φῶμεν
1671 1243 1793 1294 δια-

113 1325 363 1394 φεύγειν,
397 1329 499 1379 τοῦ
529 1327 850 1393 γυναικείου
879 1323 1003 1390 πέρι
1031 1319 1210 1390 νόμου
1244 1326 1513 1389 λέγοντες,
1545 1319 1684 1375 ὥστε
1717 1319 1789 1391 μὴ
1823 1383 1827 1386 .
1901 1316 1962 1358 ·-·'·

115 1406 430 1460 παντάπασι
446 1408 898 1474 κατακλυσθῆναι
917 1405 1189 1469 τιθέντας,
1221 1400 1293 1465 ὥς
1313 1404 1400 1456 δεῖ
1420 1408 1583 1474 κοινῇ
1612 1401 1792 1458 πάντα
1825 1418 1855 1460 C

115 1489 456 1557 ἐπιτηδεύειν
491 1488 623 1550 τούς
659 1508 716 1540 τε
753 1486 1006 1554 φύλακας
1043 1482 1173 1554 ἡμῖν
1209 1484 1300 1538 καὶ
1336 1481 1433 1548 τὰς
1466 1488 1792 1554 φυλακίδας,

113 1566 251 1623 ἀλλά
276 1590 352 1640 πῃ
368 1571 468 1624 τὸν
488 1569 660 1637 λόγον
680 1565 854 1622 αὐτὸν
874 1564 1026 1638 αὐτῷ
1045 1564 1456 1636 ὁμολογεῖσθαι,
1490 1561 1562 1630 ὡς
1583 1566 1794 1621 δυνατά

116 1672 171 1705 τε
192 1651 279 1704 καὶ
302 1648 550 1720 ωφέλιμα
570 1652 740 1718 λέγεις
785 1649 894 1703 Καὶ
929 1648 1092 1717 μάλα,
1125 1653 1249 1717 ἔφη,
1283 1644 1352 1702 οὐ
1377 1646 1612 1717 σμικρὸν
1641 1654 1791 1719 κῦμα

114 1731 445 1830 διαφεύγεις.
496 1731 698 1800 Φήσεις
728 1751 807 1798 γε,
839 1723 908 1798 ἦν
937 1726 990 1783 δ’
1022 1727 1146 1798 ἐγώ,
1195 1727 1264 1782 ού
1295 1732 1433 1797 μέγα
1464 1726 1600 1783 αὐτὸ
1632 1728 1788 1800 εἶναι,

115 1812 251 1869 ὅταν
276 1812 336 1868 τὸ
357 1811 492 1883 μετὰ
512 1818 675 1867 τοῦτο
698 1815 830 1882 ἰδῃς.
872 1813 1010 1880 Λέγε
1042 1809 1127 1880 δή,
1160 1813 1277 1879 edm,
1311 1813 1430 1879 ἔφη.
1479 1809 1690 1883 Τούτῳ,
1722 1814 1792 1882 ἠν

116 1893 170 1950 δ’
191 1894 314 1964 ἐγώ,
336 1896 519 1949 ἕπεται
541 1894 710 1963 νόμος
739 1894 829 1948 καὶ
858 1904 968 1956 τοῖς
1000 1897 1318 1961 ἔμπροσθεν
1346 1903 1458 1956 τοῖς
1486 1890 1688 1963 ἄλλοις,
1721 1890 1794 1957 ὠς

117 1970 337 2050 ἐγῷμαι,
375 1974 483 2031 ὅδε,
550 1981 667 2041 Τίς;
730 1973 839 2039 Τὰς
880 1985 1146 2043 γυναῖκας
1182 1974 1384 2037 ταύτας
1418 1978 1532 2028 τῶν
1567 1971 1795 2043 ἀνδρῶν

115 2059 330 2115 τούτων
350 2058 574 2112 πάντων
596 2057 776 2121 πάσας
794 2054 933 2110 εἶναι
954 2056 1160 2124 κοινάς,
1182 2058 1293 2110 ἰδία
1315 2055 1374 2111 δε
1402 2058 1596 2126 μηδενὶ
1625 2060 1795 2127 μηδε-
1832 2072 1868 2113 D

0 2066 7 2253 Ι
117 2148 248 2212 μίαν
285 2152 588 2196 συνοικεῖν·
631 2141 722 2195 καὶ
762 2139 890 2203 τούς
928 2142 1124 2202 παῖδας
1153 2131 1227 2192 αὖ
1263 2138 1505 2206 κοινούς,
1543 2140 1633 2195 καὶ
1661 2139 1794 2210 μήτε

116 2227 281 2291 γονέα
301 2226 534 2291 ἔκγονον
554 2223 755 2276 εἰδέναι
770 2218 867 2275 τὸν
887 2217 1063 2275 αὑτοῦ
1082 2219 1215 2290 μήτε
1236 2222 1404 2275 παιδα
1416 2221 1595 2289 γονέα
1618 2219 1794 2290 Πολύ,

0 2276 6 2421 Ι
115 2308 252 2374 ἔφη,
257 2308 422 2358 τοῦτο
449 2305 665 2359 ἐκείνου
685 2308 867 2373 μεῖζον
889 2302 1026 2370 πρὸς
1045 2300 1301 2356 ἀπιστίαν
1320 2302 1411 2357 καὶ
1430 2306 1531 2355 τοῦ
1552 2304 1798 2356 δυνατοῦ

117 2388 242 2452 πέρι
259 2386 468 2439 καὶτοῦ
489 2384 784 2455 ωφελίμου.
820 2383 939 2440 Οὐκ
960 2376 1180 2454 οἶμαι,
1145 2405 1215 2454 ην
1237 2383 1291 2439 δ’
1316 2384 1440 2455 ἐγώ,
1464 2390 1595 2455 περί
1607 2407 1669 2455 γε
1692 2390 1796 2440 τοῦ

122 2462 405 2532 ὠφελίμου
434 2463 903 2535 ἀμφισβητεῖσθαι
932 2464 1019 2535 ἄν,
1055 2462 1130 2529 ὡς
1167 2463 1235 2519 ού
1276 2467 1534 2535 μέγιστον
1573 2463 1795 2535 ἀγαθὸν

120 2546 309 2610 κοινάς
328 2546 428 2615 μὲν
464 2546 559 2611 τάς
589 2561 852 2616 γυναῖκας
888 2548 1044 2614 εἶναι,
1076 2548 1299 2613 κοινοὺς
1328 2552 1387 2603 δὲ
1423 2546 1552 2612 τοὺς
1583 2551 1796 2616 παῖδας,

120 2636 272 2694 εἰπερ
293 2623 414 2682 οἶόν
433 2649 514 2681 τε·
555 2627 677 2683 ἀλλ’
701 2629 849 2698 οἶμαι
869 2631 991 2698 περὶ
1009 2636 1110 2684 τοῦ
1129 2635 1178 2684 εἰ
1196 2626 1439 2684 δυνατὸν
1471 2625 1505 2698 ἦ
1534 2626 1607 2699 μὴ
1643 2633 1797 2684 πλεί-

120 2725 256 2780 στην
274 2706 686 2780 ἀμφισβήτησιν
704 2715 979 2779 γενέσθαι.
1020 2712 1155 2779 Περὶ
1186 2710 1534 2781 ἀμφοτέρων,
1566 2703 1602 2779 ἦ
1632 2706 1683 2765 δ’
1716 2707 1793 2779 ὅς,
1830 2729 1863 2770 Ε

118 2783 183 2846 εὖ
217 2789 347 2862 μάλ’
386 2789 459 2846 ἄν
495 2789 956 2864 ἀμφισβητηθείη.
1007 2793 1214 2861 Λέγεις,
1254 2785 1322 2862 ἦν
1363 2789 1414 2845 δ’
1452 2790 1576 2861 ἐγώ,
1615 2789 1797 2860 λόγων
