1962 3236
1857 0 1895 71 z.

1859 72 1865 124 ε,

172 159 298 226 ,328
825 161 996 209 ΠΛΑ
1014 162 1115 209 ΥΩ,
1128 165 1298 212 Nox
1820 136 1886 221 χά

195 292 330 350 αὑτὸ
353 294 588 350 ἕκαστον
605 291 753 366 ἄλλω
777 291 837 348 δὲ
857 290 962 348 οὐκ
991 295 1424 366 ἐπιμιγνύμενον
1450 302 1788 372 δημιουργεῖ,
1815 304 1880 360 τό

194 398 252 432 τε
271 397 382 432 των
400 379 619 471 νομέων
642 375 732 429 καὶ
755 371 816 429 τὸ
838 379 952 428 τῶν
972 381 1270 446 θηρευτιὸν
1295 378 1360 433 τό
1378 401 1436 435 τε
1455 386 1570 437 τών
1588 403 1878 455 γεωργων·

137 477 171 516 Β
199 459 292 514 καὶ
312 457 378 529 δὴ
400 459 490 512 καὶ
515 454 575 511 τὸ
596 455 835 527 μάχιμον
853 458 1012 525 γένος
1038 453 1288 527 ἤσθησαί
1307 479 1416 514 που
1437 465 1567 533 τῇδε
1598 460 1706 517 άπὸ
1739 463 1882 520 πάν-

197 563 309 595 των
329 561 442 593 των
478 542 661 608 γενῶν
697 540 1120 609 κεχωρισμένον,
1161 537 1242 604 οἷς
1270 538 1436 597 οὐδὲν
1472 542 1608 599 άλλο
1641 544 1787 615 πλὴν
1813 543 1880 599 τὰ
1918 572 1921 573 ’

196 622 320 692 περὶ
343 619 443 675 τὸν
470 619 717 691 πόλεμον
735 618 846 674 ὑπὸ
869 623 972 674 τοῦ
990 618 1170 690 νόμου
1193 621 1547 695 προσετάχθη
1568 629 1774 696 μέλειν·
1805 631 1884 682 ἔτι

196 704 255 758 δὲ
290 700 324 771 ἡ
363 706 460 772 τῆς
495 698 764 766 ὁπλίσεως
790 699 977 758 αὐτων
1006 705 1183 772 σχέσις
1203 702 1454 761 ἀσπίδων
1484 709 1576 763 καὶ
1610 709 1882 780 δοράτων,

199 779 280 847 οἷς
314 779 468 853 ἡμεῖς
504 804 715 884 πρωτοι
748 805 862 838 των
903 784 1026 850 περὶ
1062 781 1166 854 τὴν
1199 782 1383 841 Ἀσίαν
1412 784 1755 861 ωπλίσμεθα.
1788 795 1887 859 τῆς

197 869 342 920 θεοῦ
362 862 622 935 καθάπερ
648 867 709 919 ἐν
729 867 956 929 ἐκείνοις
979 876 1091 929 τοῖς
1109 865 1300 930 τόποις
1319 867 1452 935 παρ’
1484 867 1617 938 ὑμῖν
1647 871 1886 938 πρώτοις

199 947 594 1016 ἐνδειξαμένης.
633 944 694 1001 τὸ
719 944 771 999 δ’
797 940 873 1000 αὖ
891 946 1015 1014 περὶ
1040 949 1136 1015 τῆς
1155 945 1643 1022 φρονήσεως,ὁρᾷς
1657 972 1766 1006 που
1786 951 1887 1006 τὸν

142 1051 173 1093 c
203 1029 380 1100 νόμον
399 1031 529 1099 τῇδε
559 1027 698 1099 ὅσην
724 1029 1034 1098 ἐπιμέλειαν
1054 1027 1346 1098 ἐποιήσατο
1368 1027 1542 1095 εὐθὺς
1562 1031 1684 1087 κατ’
1716 1031 1888 1105 ἀρχὰς

198 1115 328 1178 περί
353 1130 410 1164 τε
439 1108 541 1163 τὸν
560 1107 774 1180 κόσμον
794 1107 1029 1177 ἅπαντα,
1052 1111 1206 1208 μέχρι
1235 1117 1500 1182 μαντικῆς
1526 1115 1612 1169 καὶ
1643 1119 1889 1184 ἰατρικῆς

198 1190 337 1262 πρὸς
355 1187 588 1260 ὑγίειαν,
619 1191 678 1245 ἐκ
708 1190 924 1245 τούτων
942 1189 1158 1246 θείων’
1138 1191 1319 1246 όντων
1349 1197 1424 1256 εἰς
1453 1192 1517 1247 τὰ
1549 1193 1887 1265 ἀνθρώπινα

199 1270 477 1344 ἀνευρών,
504 1270 609 1328 ὅσα
647 1292 704 1326 τε
740 1269 882 1327 ἄλλα
919 1272 1135 1336 τούτοις
1168 1273 1352 1327 ε’πεται
1378 1274 1678 1346 μαθήματα
1706 1277 1887 1331 πάντα

203 1355 561 1425 κτησάμενος.
594 1353 806 1423 ταύτην
834 1346 938 1408 οὖν
976 1353 1042 1424 δὴ
1078 1355 1202 1409 τότε
1240 1355 1534 1425 ξύμπασαν
1564 1355 1666 1426 τὴν
1697 1357 1889 1412 διακό-

204 1450 407 1506 σμησιν
442 1437 533 1490 καὶ
562 1434 824 1499 σύνταξιν
856 1433 888 1505 ἡ
918 1435 1053 1500 θεὸς
1077 1438 1380 1505 προτέρους
1409 1434 1556 1506 ὑμᾶς
1588 1439 1890 1509 διακοσμή-

205 1534 346 1572 σασα
378 1517 700 1590 κατώκισεν,
725 1519 1051 1589 ἐκλεξαμένη
1072 1516 1172 1572 τὸν
1200 1516 1376 1572 τόπον
1405 1520 1465 1573 ἐν
1489 1510 1536 1591 ᾦ
1564 1520 1888 1590 γεγένησθε,

203 1603 305 1673 τὴν
325 1598 629 1670 εὐκρασίαν
658 1606 772 1656 τῶν
794 1599 957 1670 ὡρῶν
983 1605 1044 1657 ἐν
1072 1600 1222 1675 αὐτῷ
1250 1605 1567 1671 κατιδοῦσα,
1587 1601 1671 1657 ὅτι
1691 1623 1892 1672 φρονι-

137 1699 172 1740 D
205 1684 492 1756 μωτάτους
513 1682 721 1752 ἄνδρας
742 1692 910 1740 οῖ’σοι·
948 1683 1044 1740 ἅτε
1070 1678 1175 1740 οὖν
1200 1685 1572 1755 φιλοπόλεμός
1600 1707 1655 1740 τε
1685 1687 1776 1740 καὶ
1795 1707 1892 1755 φι-

204 1766 450 1836 λόσοφος
484 1763 520 1836 ἡ
556 1767 692 1831 θεὸς
734 1760 875 1821 οὖσα
911 1766 1012 1822 τὸν
1046 1767 1566 1838 προσφερεστ-άτους
1595 1764 1736 1839 αὐτῇ
1759 1769 1892 1838 μέλ-

205 1856 375 1904 λοντα
413 1855 587 1903 οἴσειν
617 1849 789 1903 τόπον
826 1848 1052 1919 ἄνδρας,
1084 1854 1287 1904 τοῦτον
1311 1852 1636 1920 ἐκλεξαμένη
1669 1854 1893 1919 πρώτον

206 1929 530 2004 κατῴκισεν.
573 1927 762 2005 ᾤκεῖτε
794 1931 860 2002 δὴ
884 1928 988 1988 οὖν
1018 1931 1209 2003 νόμοις
1235 1953 1294 1987 τε
1322 1932 1591 1996 τοιούτοις
1618 1931 1893 2002 χρώμενοι

207 2014 298 2069 καὶ
317 2016 396 2068 ε’τι
415 2018 631 2083 μαλλον
650 2011 1056 2084 εὐνομούμενοι
1074 2013 1221 2087 πάσῃ
1236 2036 1293 2069 τε
1313 2013 1522 2077 πάντας
1553 2011 1895 2083 ἀνθρώπους
1958 2047 1962 2062 ,-

207 2091 682 2166 ὑπερβεβληκότες
701 2093 885 2166 άρετῇ,
901 2098 1156 2197 καθάπερ
1176 2094 1644 2165 είκὸςγεννήματα
1664 2095 1757 2149 καὶ
1775 2114 1893 2148 παι-

211 2174 453 2245 δεύματα
481 2181 635 2230 θεων
665 2175 843 2240 ὄντας.
876 2174 1051 2231 πολλα
1088 2198 1190 2247 μεν
1225 2178 1331 2230 οὐν
1360 2172 1519 2245 ὑμων
1557 2178 1647 2230 καὶ
1684 2175 1895 2246 μεγάλα
1956 2184 1962 2200 ⁴

206 2260 343 2327 ,ἔργα
371 2261 467 2325 τῆς
503 2255 712 2321 πόλεως
739 2260 870 2328 τῇδε
900 2259 1248 2327 γεγραμμένα
1277 2257 1634 2327 θαυμάζεται,
1668 2255 1897 2310 πάντων
1957 2259 1960 2263 ’

146 2357 180 2398 Ε
215 2359 279 2409 γε
299 2335 412 2409 μὴν
430 2339 492 2392 ἓν
515 2335 766 2409 ὑπερέχει
794 2341 1019 2409 μεγέθει
1048 2341 1138 2395 καὶ
1168 2337 1359 2411 ἀρετῇ·
1399 2342 1544 2409 λέγει
1569 2336 1677 2409 γὰρ
1706 2336 1773 2392 τὰ
1802 2358 1897 2406 γε-
1959 2366 1962 2367 ’

212 2422 518 2493 γραμμένα,
541 2419 681 2490 ὅσην
698 2417 732 2491 ἡ
753 2420 913 2486 πόλις
932 2418 1092 2492 ὑμῶν
1111 2424 1320 2477 ἕπαυσέ
1327 2440 1458 2477 ποτε
1479 2421 1721 2492 δύναμιν
1740 2419 1898 2490 ὕβρει

213 2505 598 2574 πορευομένην
616 2501 730 2574 ἅμα
749 2505 834 2558 ἐπὶ
850 2510 1036 2558 πᾶσαν
1051 2503 1333 2577 Εὐρώπην
1351 2505 1443 2559 καὶ
1462 2501 1667 2572 Ἀσίαν,
1688 2504 1899 2568 ἔξωθεν
1953 2499 1962 2537 ”2

215 2583 564 2656 ὁρμηθεῖσαν
583 2588 643 2641 ἐκ
663 2593 765 2640 τοῦ
795 2583 1148 2641 Ἀτλαντικοῦ
1177 2585 1466 2656 πελάγους.
1506 2586 1630 2641 τότε
1658 2582 1765 2654 γὰρ
1794 2601 1899 2637 πο-
1958 2579 1962 2591 ’

216 2667 480 2738 ρεύσιμον
499 2660 571 2737 ἦν
588 2665 650 2723 τὸ
671 2671 787 2724 ἐκεῖ
799 2669 1057 2738 πέλαγος·
1094 2675 1271 2739 νῆσον
1287 2666 1395 2739 γὰρ
1425 2666 1532 2739 πρὸ
1563 2673 1666 2723 τοῦ
1691 2665 1900 2735 στόμα-

214 2769 306 2812 τος
327 2746 486 2819 εἶχεν,
517 2745 551 2804 ὃ
577 2755 805 2819 καλεῖτε,
838 2749 910 2814 ὥς
939 2771 1078 2820 φατε
1105 2748 1278 2820 ὑμεῖς,
1308 2745 1659 2830 “Ηρακλέους”
1673 2745 1899 2817 στήλας·

215 2826 250 2899 ἡ
272 2829 331 2885 δὲ
352 2836 521 2899 νῆσος
541 2829 654 2901 ἅμα
673 2831 887 2902 Λιβύης
905 2825 978 2901 ἦν
995 2833 1087 2886 καὶ
1114 2829 1292 2895 Ἀσίας
1311 2835 1528 2900 μείζων,
1550 2831 1603 2893 ἐξ
1622 2829 1687 2898 ἦς
1707 2829 1903 2899 ἐπιβα-

1952 2540 1962 2733 ἰ

1955 2739 1962 2913 1
