1962 3236
183 160 252 211 26
786 158 1266 207 ΠΛΑΤΩΝΟΣ

182 293 344 349 ἕνεκα
362 291 569 364 μισθὸν
584 293 855 364 μισθωτοὶ
870 292 1172 362 βούλονται
1188 293 1513 360 κεκλῆσθαι,
1534 289 1663 346 οὔτε
1679 290 1864 362 λάθρᾳ

183 373 340 429 αὐτοὶ
370 376 428 429 ἐκ
453 381 548 446 τῆς
578 371 747 445 ἀρχῆς
775 373 1149 444 λαμβάνοντες
1179 371 1430 426 κλέπται·
1469 368 1591 426 οὐδ’
1616 364 1691 426 αὖ
1709 378 1866 442 τιμῆς

78 520 84 528 ,
121 461 154 504 G
182 455 346 510 ἕνεκα
360 477 372 490 ·
395 453 464 511 ού
478 455 586 526 γάρ
604 460 706 511 εἰσι
721 453 1016 524 φιλότιμοι.
1036 456 1122 508 δεῖ
1137 450 1203 523 δὴ
1229 449 1415 517 αὐτοῖς
1430 452 1683 524 ἀνάγκην
1697 474 1865 523 προς-

184 548 325 593 εῖναι
344 538 434 594 καὶ
455 542 650 608 ζημίαν
663 579 678 608 ,
712 541 762 592 εἰ
782 538 1078 606 μέλλουσιν
1098 536 1314 591 ἐθέλειν
1333 534 1545 605 ἄρχειν·
1582 535 1723 591 ὅθεν
1742 559 1866 592 κιν-

184 619 410 674 δυνεύει
437 618 498 674 τὸ
530 617 728 674 ἑκόντα
763 618 850 673 ε’πὶ
882 614 943 673 τό
969 615 1159 688 ἄρχειν
1193 617 1334 672 ἰέναι
1363 615 1499 672 ἀλλὰ
1522 617 1595 688 μὴ
1615 615 1892 690 ἀνάγκην·

183 702 498 771 περιμένειν
517 700 750 771 αἰσχρὸν
767 708 1110 772 νενομίσθαι.
1155 706 1251 771 τῆς
1276 699 1335 754 δὲ
1354 703 1542 770 ζημίας
1559 705 1783 771 μεγίστη
1803 722 1861 755 το

183 780 294 837 ὑπὸ
317 785 695 854 πονηροτέρου
713 781 1012 853 ἄρχεσθαι,
1052 780 1150 838 ἐὰν
1179 779 1252 852 μὴ
1279 777 1446 846 αὐτὸς
1463 784 1630 854 ἐθέλῃ
1648 781 1862 853 ἄρχειν·

151 860 254 934 ἢν
270 866 546 928 δείσαντές
567 886 658 934 μοι
677 869 974 934 φαίνονται
993 862 1212 934 ἄρχειν,
1235 861 1371 917 ὅταν
1389 860 1650 933 ἄρχωσιν,
1674 867 1732 918 οί
1745 866 1865 919 ἐπι-

185 955 375 1014 εικεῖς,
416 947 507 1000 καὶ
535 945 658 1000 τότε
688 949 939 1016 ἔρχονται
956 946 1044 999 ε’πὶ
1063 943 1123 999 τὸ
1149 943 1368 1014 ἄρχειν,
1406 942 1506 1014 οὐχ
1527 942 1600 1009 ὡς
1619 941 1704 1000 ἐπ’
1726 943 1865 1015 ἀγα-

182 1025 295 1081 θόν
322 1046 374 1081 τι
403 1027 578 1090 ἰόντες
608 1023 736 1080 οὐδ’
770 1023 844 1090 ὦς
874 1024 1292 1095 εὐπαθήσοντες
1321 1027 1382 1079 ἐν
1420 1025 1587 1100 αὐτῷ,
1625 1023 1749 1082 ἀλλ’
1793 1023 1865 1092 ὦς

116 1114 151 1153 D
184 1104 259 1161 ἐπ’
281 1104 585 1175 ἀναγκαῖον
604 1108 694 1161 καὶ
715 1103 819 1161 οὐκ
836 1110 1048 1176 ἔχοντες
1063 1106 1276 1161 ἑαυτῶν
1290 1111 1565 1177 βελτίοσιν
1583 1107 1863 1176 ἐπιτρέψαι

183 1186 313 1243 οὐδὲ
340 1184 565 1259 ὁμοίοις.
605 1189 719 1243 ἐπεὶ
750 1188 1095 1257 κινδυνεύει,
1132 1187 1290 1252 πόλις
1320 1186 1544 1259 ἀνδρῶν
1563 1186 1799 1259 ἀγαθῶν
1818 1194 1867 1245 εἰ

180 1273 395 1340 γένοιτο
409 1310 424 1338 ,
465 1268 837 1339 περιμάχητον
863 1265 934 1324 ἄν
954 1268 1094 1324 εἶναι
1115 1269 1177 1323 τό
1198 1267 1272 1339 μὴ
1293 1265 1508 1338 ἄρχειν,
1531 1268 1716 1340 ὥσπερ
1735 1273 1861 1327 νυνὶ

180 1350 242 1406 τὸ
274 1349 494 1419 ἄρχειν,
533 1352 626 1405 καὶ
653 1348 886 1405 ἐνταῦθ’
918 1346 993 1405 ἀν
1021 1347 1334 1420 καταφανὲς
1353 1353 1644 1420 γενέσθαι,
1683 1350 1766 1407 ὅτι
1786 1357 1863 1426 τῷ

182 1429 302 1486 ὄντι
331 1428 602 1501 ἀληθινὸς
631 1430 818 1502 ἅρχων
844 1429 913 1487 οὐ
933 1435 1147 1502 πέφυκε
1165 1431 1226 1487 τὸ
1250 1429 1400 1504 αὐτῷ
1420 1437 1708 1503 συμφέρον
1727 1451 1861 1488 σκο-

183 1519 426 1583 πεῖσθαι,
447 1510 586 1568 ἀλλά
607 1510 668 1567 τό
684 1520 761 1586 τῷ
775 1512 1058 1586 ἀρχομένω
1074 1535 1084 1545 ·
1108 1512 1246 1568 ὥστε
1267 1518 1372 1577 πᾶς
1390 1509 1464 1568 ἀν
1484 1513 1512 1569 ὁ
1533 1514 1862 1585 γιγνώσκων

182 1591 244 1650 τὸ
267 1591 606 1663 ὠφελεῖσθαι
625 1601 837 1665 μᾶλλον
857 1596 1033 1651 ἕλοιτο
1053 1592 1149 1649 ὑπ’
1175 1593 1348 1649 ἄλλου
1370 1590 1406 1665 ἦ
1436 1593 1606 1650 ἄλλον
1628 1592 1862 1665 ὠφελῶν

182 1673 476 1745 πράγματα
507 1679 664 1745 ἔχειν.
697 1682 863 1730 τοῦτο
891 1675 994 1744 μὲν
1023 1669 1128 1731 οὖν
1157 1680 1329 1745 ἔγωγε
1358 1674 1575 1749 οὐδαμῇ
1593 1682 1862 1747 συγχωρῶ

116 1769 151 1811 Ε
183 1755 551 1830 Θρασυμάχῳ,
579 1756 652 1821 ὥς
669 1755 729 1812 τὸ
752 1757 970 1813 δίκαιόν
988 1759 1101 1812 ἐστι
1118 1756 1179 1812 τό
1199 1763 1302 1812 τοῦ
1322 1762 1634 1826 κρείττονος
1652 1759 1861 1829 ξυμφέ-

182 1859 300 1907 ρον.
338 1835 478 1893 ἀλλά
503 1844 667 1893 τοῦτο
698 1838 800 1909 μὲν
829 1839 895 1909 δὴ
927 1839 1017 1894 καὶ
1048 1843 1300 1903 εἰσαῦθις
1328 1838 1677 1910 σκεψόμεθα·
1716 1837 1859 1895 πολὺ

183 1922 246 1973 δέ
273 1940 368 1990 μοι
397 1922 549 1975 δοκεῖ
574 1925 759 1990 μεῖζον
787 1919 954 1991 εἶναι,
996 1918 1029 1975 ὃ
1044 1927 1152 1976 νῦν
1171 1923 1316 1991 λέγει
1333 1921 1723 1991 Θρασύμαχος,
1760 1918 1860 1976 τὸν

182 2005 284 2053 τοῦ
303 1996 499 2053 ἀδίκου
517 2004 644 2070 βίον
663 2001 901 2070 φάσκων
921 1999 1061 2055 εἶναι
1079 2005 1304 2070 κρείττω
1331 1998 1366 2070 ἢ
1382 2000 1483 2055 τὸν
1500 2008 1602 2057 τοῦ
1622 2005 1854 2056 δικαίου.

182 2077 254 2132 σὺ
272 2073 379 2132 οὖν
397 2078 664 2149 πότερον,
694 2073 765 2150 ’ἦν
794 2079 847 2135 δ’
869 2080 1006 2150 ἐγώ,
1037 2075 1082 2136 οἶ
1098 2080 1402 2150 Γλαύκων,
1431 2083 1679 2150 αἵρεῖκαὶ
1697 2084 1859 2137 ποτέ-

182 2180 291 2229 ρως
321 2157 705 2229 ἀληθεστέρως
734 2164 887 2226 δοκεῖ
915 2180 1002 2215 σοι
1029 2162 1317 2231 λέγεσθαι;
1363 2160 1475 2218 Τὸν
1502 2170 1606 2218 τοῦ
1642 2167 1858 2218 δικαίου

182 2245 381 2311 ἔγωγε,
408 2244 541 2311 ἔφη,
574 2245 1021 2314 λυσιτελέστερον
1039 2247 1166 2314 βίον
1186 2242 1338 2298 εἶναι.
1363 2243 1672 2310 ’Ἠκουσας,
1710 2238 1783 2314 ἦν
1803 2245 1855 2300 δ’

64 2334 152 2379 348
180 2322 307 2393 ἐγώ,
334 2319 437 2376 ὅσα
456 2321 580 2392 ἄρτι
602 2323 971 2393 Θρασύμαχος
988 2322 1178 2393 ἀγαθά
1198 2328 1396 2395 διῆλθε
1414 2332 1493 2398 τῷ
1510 2330 1610 2379 τοῦ
1631 2322 1855 2391 ἀδίκους

166 2404 444 2474 ’Ἠκουσα,
471 2407 576 2474 ἔφη
591 2446 606 2472 ,
627 2402 750 2459 ἀλλ’
774 2402 844 2459 ού
862 2410 1140 2476 πείθομαι.
1199 2406 1400 2462 Βούλει
1420 2399 1528 2461 οὖν
1547 2404 1719 2461 αὐτὸν
1737 2411 1858 2462 πεί-

178 2495 372 2556 θωμεν
385 2527 401 2555 ,
436 2481 516 2539 ’ἀν
545 2484 847 2555 δυνώμεθά
868 2507 944 2559 πῃ
962 2489 1228 2554 ἐξευρεῖν,
1267 2485 1339 2551 ὡς
1357 2485 1462 2542 οὐκ
1481 2485 1666 2558 ἀληθῆ
1685 2490 1857 2558 λέγει;

180 2573 310 2630 Παῖς
338 2564 446 2636 γὰρ
474 2565 544 2621 ού
573 2567 871 2638 βούλομαι;
907 2563 944 2638 ἦ
973 2565 1024 2623 δ’
1058 2567 1135 2633 ὅς.
1197 2563 1296 2623 ’Ἀν
1323 2570 1426 2639 μὲν
1454 2573 1673 2636 τοίνυν,
1709 2563 1783 2639 ἦν
1802 2566 1856 2623 δ’

179 2647 317 2717 ἐγώ,
358 2646 897 2713 ἀντικατατείναντες
925 2655 1172 2720 λέγωμεν
1197 2647 1349 2723 αύτῷ
1382 2650 1553 2719 λόγον
1582 2648 1731 2718 παρὰ
1759 2647 1858 2704 λό-

177 2751 300 2800 γον,
321 2726 426 2781 ὅσα
445 2723 520 2782 αὖ
538 2728 726 2798 ἀγαθά
748 2735 855 2800 ἔχει
872 2729 934 2786 τό
956 2734 1172 2786 δίκαιον
1192 2731 1331 2786 εἶναι
1344 2772 1358 2798 ,
1378 2732 1471 2785 καὶ
1489 2723 1657 2792 αὖθις
1676 2721 1855 2798 οὗτος,

178 2811 269 2864 καὶ
289 2806 464 2864 ἄλλον
478 2807 646 2879 ἡμεῖς,
667 2809 928 2882 ἀριθμεῖν
948 2813 1130 2883 δεήσει
1143 2809 1365 2881 τάγαθά
1382 2810 1472 2865 καὶ
1490 2822 1728 2880 μετρεῖν,
1751 2809 1856 2865 ὅσα
