1962 3236
222 174 326 227 284
839 177 1313 226 ΠΛΑΤΩΝΟΣ

222 308 582 365 παντοδαπὸν
609 314 813 381 θηρίον
850 305 1154 378 εὐωχοῦντι
1195 321 1371 364 ποιεῖν
1407 312 1634 381 ἰσχυρὸν
1671 313 1762 369 καὶ
1799 323 1900 371 τόν

221 392 418 446 λέοντα
449 393 540 447 καὶ
573 390 640 446 τά
672 392 795 458 περὶ
825 389 924 444 τὸν
955 391 1167 458 λέοντα,
1204 387 1303 444 τὸν
1323 391 1382 446 δὲ
1412 389 1719 459 ἄνθρωπον
1739 401 1898 464 λιμο-

108 489 193 533 589
221 484 440 527 κτονεϊν
459 474 549 527 καὶ
569 483 746 526 ποιεῖν
766 468 997 541 ἀσθενῆ,
1014 470 1150 525 ὥστε
1170 472 1430 526 ἕλκεσθαι
1452 471 1560 544 ὅπῃ
1581 469 1652 527 ἀν
1675 477 1900 530 ἐκείνων

223 550 494 624 ὁπότερον
531 551 655 624 ἄγη,
686 554 775 606 καὶ
813 553 984 622 μηδὲν
1011 553 1201 622 ἕτερον
1233 554 1393 626 ἑτέρω
1425 558 1730 620 ξυνεθίζειν
1765 557 1902 627 μηδὲ

224 639 389 703 φίλον
409 645 602 703 ποιεῖν,
626 631 749 688 ἀλλ’
778 635 878 703 ἐᾷν
910 631 1048 687 αὐτὰ
1077 635 1138 688 ἐν
1169 631 1357 697 αὑτοις
1385 635 1696 690 δάκνεσθαί
1723 658 1781 691 τε
1811 639 1901 691 καὶ

223 714 506 785 μαχόμενα
542 716 753 770 ἐσθίειν
790 713 1013 784 άλληλα.
1066 716 1395 770 Παντάπασι
1431 716 1571 816 γάῗςρ,
1589 721 1710 787 ἔφη,
1745 715 1899 771 ταῦτ’

221 793 293 850 ἂν
313 797 464 864 λέγοι
490 792 519 850 ὁ
551 793 610 849 τὸ
642 792 851 849 ἀδικειν
882 798 1139 850 ἐπαινῶν.
1181 796 1409 851 Οὐκοῦν
1439 802 1511 852 αὐ
1550 795 1577 852 6
1620 797 1686 852 τὰ
1718 802 1900 853 δίκαια

221 880 399 946 λέγων
416 883 722 932 λυσιτελειν
741 881 877 946 φαίη
900 872 971 930 ἂν
992 880 1106 931 δειν
1124 884 1295 932 ταῦτα
1326 879 1581 949 πράττειν
1609 881 1700 933 καὶ
1727 884 1901 934 ταῦτα

222 961 418 1027 λέγειν,
444 956 586 1012 ὅθεν
603 965 703 1011 τοῦ
732 954 1042 1023 ἀνθρώπου
1064 954 1092 1012 6
1127 957 1281 1021 ἐντὸς
1304 956 1607 1028 ἄνθρωπος
1635 964 1784 1014 ἔσται
1812 963 1898 1029 ἐγ-

167 1066 199 1106 B
229 1042 605 1110 κρατέστατος,
628 1039 717 1092 καὶ
747 1043 847 1093 τοῦ
877 1039 1274 1107 πολυκεφάλου
1303 1043 1617 1110 θρέμματος
1647 1041 1896 1111 ἐπιμελή-

226 1137 377 1174 σεται
410 1118 592 1189 ὥσπερ
625 1118 886 1189 γεωργός,
927 1118 992 1174 τὰ
1025 1119 1125 1189 μὲν
1155 1119 1333 1191 ἥμερα
1367 1124 1588 1194 τρέφων
1618 1125 1708 1178 καὶ
1743 1131 1901 1177 τιθα-

225 1201 426 1270 σεύων,
447 1199 513 1255 τά
536 1201 594 1256 δὲ
616 1200 780 1270 ἄγρια
800 1199 1145 1256 ἀποκωλύων
1166 1202 1429 1272 φύεσθαι,
1451 1204 1732 1273 ξύμμαχον
1751 1224 1901 1272 ποιη-

225 1283 461 1353 σάμενος
478 1282 579 1352 τὴν
599 1289 700 1337 τοῦ
718 1285 939 1345 λέοντος
965 1282 1155 1352 φύσιν,
1176 1284 1266 1338 καὶ
1296 1291 1459 1354 κοινῇ
1479 1284 1703 1339 πάντων
1733 1283 1903 1354 κηδό-

224 1385 405 1435 μενος,
444 1369 579 1434 φίλα
616 1364 985 1433 ποιησάμενος
1031 1362 1284 1435 ἀλλήλοις
1326 1387 1384 1420 τε
1418 1368 1509 1421 καὶ
1545 1364 1714 1439 αὐτῷ,
1756 1366 1902 1421 οὕτω

227 1445 448 1513 θρέψει;
482 1449 699 1516 Κομιδῇ
728 1444 836 1516 γὰρ
872 1439 945 1498 αῦ
977 1449 1120 1515 λέγει
1151 1452 1323 1500 ταῦτα
1352 1445 1381 1500 6
1413 1445 1472 1500 τὸ
1506 1449 1722 1501 δίκαιον
1750 1449 1905 1500 ἐπαι-

224 1548 356 1581 νων.
395 1526 551 1581 Κατὰ
572 1526 752 1581 πάντα
772 1526 980 1597 τρόπον
1002 1525 1113 1596 δὴ“
1088 1549 1115 1581 ο
1136 1549 1238 1597 μεν
1256 1527 1321 1581 τὰ
1342 1531 1524 1604 δίκαια
1552 1528 1903 1599 ἐγκωμιάζων

166 1624 195 1664 C
225 1605 414 1678 ἀληθῆ
452 1603 524 1662 ἂν
561 1608 728 1678 λέγοι,
771 1605 800 1662 6
835 1607 893 1662 δε
924 1606 989 1662 τὰ
1028 1606 1191 1664 άδικα
1229 1597 1505 1674 ψεύδοιτο.
1544 1609 1681 1680 πρός
1709 1631 1766 1664 τε
1796 1609 1902 1701 γὰρ

223 1685 437 1759 ἡδονὴν
466 1689 558 1743 καὶ
589 1687 729 1758 πρὸς
758 1687 1014 1754 ευδοξίαν
1049 1690 1139 1745 καὶ
1170 1687 1442 1760 ωφέλειαν
1477 1692 1838 1764 σκοπουμένῳ
1874 1690 1902 1746 6

223 1768 325 1839 μὲν
354 1771 637 1840 ἐπαινέτης
666 1775 767 1824 τοῦ
798 1773 1017 1824 δικαίου
1044 1769 1324 1841 ἀληθεύει,
1363 1770 1391 1826 6
1425 1774 1484 1827 δὲ
1513 1775 1711 1843 ψέκτης
1737 1770 1904 1827 οὐδὲν

224 1846 374 1920 ὑγιὲς
393 1847 515 1905 οὐδ’
540 1849 698 1915 εἰδως
715 1853 870 1921 ψέγει
890 1850 923 1905 6'
941 1873 991 1906 τι
1010 1855 1178 1922 ψέγει.
1220 1851 1308 1907 Οὔ
1335 1875 1428 1923 μοι
1465 1858 1640 1922 δοκεῖ,
1671 1847 1706 1923 ἦ
1740 1853 1792 1907 δ’
1826 1851 1902 1922 ὅς,

225 1929 444 2003 οὐδαμῇ
463 1952 541 2001 γε.
573 1938 870 2002 Πείθωμεν
888 1938 1080 1987 τοίνυν
1104 1931 1277 1988 αὐτὸν
1307 1934 1512 2006 πράως,
1547 1935 1614 1988 οὐ
1634 1955 1740 2004 γαρ
1762 1933 1905 1989 ἑκων

224 2012 546 2083 αμαρτάνει,
584 2015 916 2081 ἐρωτῶντες·
954 2036 996 2068 ω
1034 2014 1282 2083 μακάριε,
1318 2013 1387 2068 οὐ
1417 2017 1507 2068 καὶ
1538 2013 1602 2068 τὰ
1639 2013 1779 2068 καλὰ
1815 2017 1906 2068 καὶ

225 2092 418 2163 αἰσχρὰ
450 2096 658 2164 νόμιμα
688 2093 777 2149 διὰ
806 2094 871 2148 τὰ
902 2092 1113 2148 τοιαῦτ’
1153 2090 1224 2148 ἀν
1255 2107 1459 2164 φαῖμεν
1489 2095 1902 2164 γεγονέναι·τά

158 2184 192 2223 D
226 2177 327 2243 μὲν
345 2174 486 2229 καλοὶ
509 2176 575 2228 τά
597 2172 704 2228 ὑπὸ
726 2181 802 2247 τῷ
823 2174 1129 2247 ἀνθρώπῳ,
1150 2181 1362 2244 μᾶλλον
1383 2177 1441 2229 δὲ
1461 2183 1590 2239 ἴσως
1607 2173 1674 2229 τά
1697 2174 1804 2229 ὑπὸ
1827 2182 1903 2249 τῷ

225 2259 363 2309 θείω
378 2253 465 2316 τὰ
503 2255 758 2325 θηριώδη
794 2262 1062 2309 ποιοῦντα
1099 2261 1195 2324 τῆς
1230 2255 1477 2326 φύσεως,
1512 2255 1706 2326 αἰσχρὰ
1747 2258 1805 2311 δε
1840 2256 1903 2310 τὰ

224 2331 333 2390 ὑπὸ
358 2356 434 2389 τω
461 2334 634 2408 ἀγρίω
665 2333 726 2390 τὸ
750 2332 959 2406 ἥμερον
982 2336 1357 2405 δουλούμενα;
1393 2336 1665 2407 ξυμφησει
1705 2334 1740 2407 η“
1761 2357 1903 2403 πως;

221 2415 346 2470 Ἐάν
375 2437 484 2486 μοι,
515 2420 638 2486 ἔφη,
668 2423 938 2486 πείθηται.
979 2415 1169 2470 ’Ἑστιν
1191 2418 1312 2486 οῦν,
1343 2417 1571 2485 εἷπον,’”
1550 2417 1657 2490 ότςο
1689 2426 1906 2472 λυσιτε-

225 2504 312 2552 λεῖ
323 2500 384 2552 ἐκ
403 2496 608 2552 τούτου
625 2505 728 2552 τοῦ
750 2498 922 2567 λόγου
940 2502 1170 2567 χρυσίον
1191 2497 1494 2569 λαμβάνειν
1513 2498 1729 2570 ἀδίκως,
1753 2507 1903 2566 εἴπερ

224 2578 441 2634 τοιόνδε
466 2601 518 2633 τι
537 2583 798 2649 γίγνεται,
820 2579 1120 2649 λαμβάνων
1139 2576 1199 2633 τὸ
1228 2585 1458 2648 χρυσίον
1489 2578 1600 2650 ἅμα
1629 2583 1899 2634 καταδου-

225 2665 418 2715 λοῦται
446 2659 509 2715 τό
542 2663 827 2731 βέλτιστον
856 2663 1058 2716 ἑαυτοῦ
1088 2667 1165 2733 τῷ
1195 2661 1621 2733 μοχθηροτάτῳς
1661 2656 1697 2729 ἦ
1732 2664 1781 2713 εἰ
1805 2658 1906 2728 μὲν

170 2759 202 2798 Ε
225 2741 412 2810 λαβών
431 2747 661 2813 χρυσίον
681 2742 809 2798 υἱὸν
825 2739 861 2813 ἦ
878 2744 1162 2810 θυγατέρα
1183 2744 1498 2811 ἐδουλοῦτο,
1520 2743 1611 2796 καὶ
1639 2740 1795 2794 ταῦτ’
1832 2745 1903 2804 εἰς

225 2820 435 2890 ἀγρίων
471 2845 528 2876 τε
566 2825 654 2878 καὶ
686 2829 878 2878 κακῶν
909 2823 1148 2891 ἀνδρῶν,
1188 2820 1291 2875 οῦκ
1330 2818 1401 2876 ἂν
1432 2820 1580 2890 αὐτῷ
1612 2823 1901 2874 ἐλυσιτέλει
