1962 3236
46 245 54 252 ,
111 197 167 241 19
765 187 1154 238 ΤΙΜΑιοΣ.
1696 186 1803 240 337

105 344 210 392 ρον
230 324 630 394 έξικμασμένην
658 318 975 392 ἀποπέμψοι
995 318 1181 376 πάλιν.
1208 317 1392 393 Δοἱσιτῄει
1418 342 1476 377 τε
1500 319 1610 420 γάρ
1632 321 1804 378 οὐδὲν

105 402 237 459 οὐδὲ
254 402 526 475 προσῄειν
545 400 700 475 αὐτω
716 405 924 459 ποθέν·
962 401 1221 473 οὐδὲγὰρ
1243 395 1342 474 ἦν·
1382 400 1519 458 αὐτὸ
1538 425 1647 473 γαρ
1669 405 1803 458 ἑαυ-

105 508 180 541 τω
198 484 416 556 τροφὴν
435 485 539 558 τήν
557 487 760 541 ἑαυτοῦ
790 490 993 555 φθίσιν
1020 489 1259 556 παρέχον
1278 487 1370 542 καὶ
1388 487 1571 542 πάντα
1589 488 1699 542 ἐν’
1671 508 1805 542 εαυ-

103 573 179 640 τῷ
202 567 293 621 καὶ
313 563 419 636 ὑφ’
452 569 657 622 ἑαυτοῦ
682 566 897 637 πάσχον
923 568 1013 621 καὶ
1044 570 1196 636 δρῶν
1227 569 1288 623 ἐκ
1319 569 1510 638 τέχνης
1539 570 1796 638 γέγονεν·
1829 575 1863 617 D

104 646 347 719 ἡγήσατο
368 645 476 717 γὰρ
495 644 631 702 αὐτὸ
653 645 682 703 ὁ
703 648 927 712 ξυνθεὶς
948 645 1219 715 αὔταρκες
1238 645 1306 702 ὂν
1326 646 1556 719 ἄμεινον
1575 653 1803 705 ἔσεσθαι

105 737 320 801 μᾶλλον
342 727 379 800 ἢ
416 729 680 797 προσδεὲς
719 727 921 784 άλλων.
973 751 1173 800 χειρων
1212 734 1287 799 δέ,
1324 725 1409 795 αἷς
1444 730 1576 787 οὕτε
1609 738 1804 803 λαβεῖν

105 810 234 865 οὔτε
253 804 328 865 αὖ
346 809 470 866 τινὰ
491 809 816 881 ἀμύνασθαι
835 817 988 882 χρεία
1007 834 1087 876 τις
1105 815 1195 882 ἠν,
1212 811 1392 882 μάτην
1411 810 1515 868 οὐκ
1535 812 1671 869 ωἐτο
1686 817 1804 869 δεῖν

103 891 256 966 αὐτῷ
294 893 666 963 προσάπτειν,
701 892 832 949 οὐδὲ
862 898 1054 949 ποδων
1086 892 1218 949 οὐδὲ
1249 891 1391 959 ὅλως
1419 900 1517 965 τῆς
1547 898 1670 964 περὶ
1698 893 1800 965 τὴν
1832 906 1891 950 34

105 974 273 1044 βάσιν
298 972 618 1045 ὑπηρεσίας.
667 980 889 1046 κίνησιν
917 974 1024 1046 γὰρ
1058 973 1356 1045 απένειμεν
1383 973 1536 1048 αὐτῷ
1567 974 1672 1047 τὴν
1702 981 1804 1031 τοῦ

107 1056 358 1126 σώματος
377 1062 601 1126 οἰκείαν,
633 1064 746 1112 τῶν
776 1057 910 1113 ἑπτὰ
935 1056 1037 1128 τὴν
1070 1060 1190 1124 περὶ
1227 1064 1371 1113 νοῦν
1396 1060 1486 1113 καὶ
1525 1060 1806 1129 φρόνησιν

105 1137 340 1207 μάλιστα
363 1132 571 1193 οὖσαν·
612 1137 698 1195 διὸ
722 1138 788 1209 δὴ
828 1138 966 1195 κατὰ
1006 1137 1179 1195 ταύτὰ
1219 1140 1279 1194 ἐν
1313 1145 1390 1210 τῷ
1434 1147 1583 1214 αυτῷ
1622 1142 1712 1195 καὶ
1744 1143 1807 1195 έν

105 1219 284 1294 ἑαυτῷ
309 1219 665 1290 περιαγαγών
695 1219 831 1276 αὐτὸ
864 1223 1084 1291 ἐποίησε
1117 1220 1307 1292 κύκλῳ
1333 1230 1615 1277 κινεῖσθαι
1646 1239 1807 1292 στρε-

106 1301 373 1371 φόμενον,
393 1299 491 1366 τὰς
521 1305 580 1357 δὲ
610 1304 664 1368 ἓξ
700 1300 919 1367 ἁπάσας
949 1302 1191 1373 κινήσεις
1221 1300 1413 1372 ἀφεῖλε
1445 1305 1535 1358 καὶ
1568 1302 1806 1367 άπλανὲς

108 1380 480 1452 ἀπειργάσατο
514 1385 768 1438 ἐκείνων·
817 1385 902 1439 ἐπὶ
941 1383 999 1439 δὲ
1033 1384 1137 1454 τὴν
1175 1387 1437 1451 περίοδον
1474 1382 1682 1454 ταύτην
1716 1382 1802 1437 ἅτ’

107 1462 277 1520 οὐδὲν
297 1468 487 1519 ποδῶν
508 1466 636 1520 δέον
655 1462 882 1530 ἀσκελὲς
900 1466 989 1520 καὶ
1010 1463 1194 1519 ἄπουν
1218 1462 1354 1520 αὐτὸ
1377 1467 1687 1536 ἐγέννησεν,

247 1549 378 1599 vlu.
420 1538 600 1610 Οὗτος
619 1545 685 1616 δὴ
708 1553 813 1610 πᾶς
831 1545 992 1611 ὄντος
1012 1543 1095 1601 ἀεὶ
1115 1544 1377 1618 λογισμὸς
1397 1552 1540 1603 θεοῦ
1560 1548 1683 1616 περὶ
1706 1548 1804 1603 τὸν

106 1631 238 1685 ποτὲ
259 1629 528 1699 ἐσόμενον
552 1627 694 1684 θεὸν
714 1631 995 1699 λογισθεὶς
1013 1636 1164 1683 λεῖον
1184 1630 1274 1683 καὶ
1308 1627 1522 1699 ὁμαλὸν
1552 1635 1803 1703 πανταχῇ
1845 1641 1877 1680 Β

106 1733 166 1767 τε
186 1716 245 1766 έκ
265 1714 438 1781 μέσου
457 1719 583 1766 ἴσον
603 1715 693 1767 καὶ
712 1710 848 1767 ὅλον
878 1713 968 1767 καὶ
990 1715 1177 1766 τέλεον
1209 1712 1267 1765 ἐκ
1300 1714 1502 1766 τελέων
1532 1712 1806 1783 σωμάτων

108 1800 268 1863 σῶμα
291 1795 508 1863 ἐποίησε
528 1816 537 1824 ·
574 1792 757 1865 ψυχὴν
778 1793 836 1849 δὲ
857 1800 930 1858 εἰς
947 1791 1007 1848 τὸ
1028 1796 1197 1863 μέσον
1219 1791 1396 1848 αὐτοῦ
1412 1794 1532 1858 θεὶς
1553 1792 1642 1848 διὰ
1662 1814 1806 1849 παν-

107 1876 204 1940 τός
232 1897 288 1930 τε
315 1879 483 1931 ἔτεινε
521 1879 610 1931 καὶ
637 1881 712 1931 ἔτι
742 1880 950 1942 ἔξωθεν
973 1875 1033 1931 τὸ
1070 1883 1226 1946 σῶμα
1260 1873 1402 1946 αὐτῇ
1432 1875 1806 1945 περιεκάλυψε

109 1956 299 2028 ταύτῃ,
333 1958 421 2011 καὶ
453 1957 641 2030 κύκλῳ
676 1956 744 2027 δὴ
777 1957 986 2013 κύκλον
1015 1955 1399 2029 στρεφόμενον
1429 1956 1678 2026 οὐρανὸν
1706 1958 1806 2013 ἕνα

108 2038 287 2109 μόνον
309 2043 516 2108 ἔρημον
536 2042 851 2110 κατέστησε,
872 2037 945 2095 δι’
970 2037 1172 2109 ἀρετὴν
1193 2039 1249 2095 δὲ
1270 2037 1446 2094 αὐτὸν
1466 2038 1617 2114 αὐτῷ
1637 2038 1803 2094 δυνά·

108 2141 279 2190 μενον
308 2122 703 2190 ξυγγίγνεσθαι
743 2121 834 2175 καὶ
874 2117 1105 2184 οὐδενὸς
1146 2121 1335 2190 ἑτέρου
1372 2119 1804 2191 προσδεόμενον,

108 2202 395 2271 γνώριμον
426 2202 483 2257 δὲ
513 2203 604 2257 καὶ
637 2209 803 2271 φίλον
835 2205 1041 2267 ἱκανῶς
1071 2200 1246 2257 αὐτὸν
1278 2199 1444 2276 αὐτῷ.
1497 2200 1587 2257 διὰ
1624 2202 1806 2258 πάντα

112 2283 179 2352 δὴ
217 2288 388 2336 ταῦτα
415 2280 715 2352 εὐδαίμονα
746 2282 887 2339 θεὸν
918 2282 1093 2340 αὐτὸν
1122 2284 1454 2358 ἐγεννήσατο
1473 2306 1484 2318 ·
1515 2282 1619 2355 τὴν
1647 2286 1704 2341 δὲ
1737 2281 1803 2355 δὴ

115 2362 299 2433 ψυχὴν
330 2362 430 2433 οὐχ
465 2362 538 2428 ὥς
570 2372 678 2419 νῦν
709 2363 948 2436 ὑστέραν
977 2370 1364 2439 ἐπιχειροῦμεν
1398 2368 1594 2438 λέγειν,
1629 2365 1807 2430 οὕτως
1836 2388 1865 2430 c

117 2445 492 2519 ἐμηχανήσατο
515 2444 654 2501 καὶὸ
684 2446 818 2511 θεὸς
848 2449 1150 2518 νεωτέραν·
1198 2447 1267 2505 οὐ
1296 2447 1403 2522 γὰρ
1434 2445 1508 2504 ἄν
1537 2447 1807 2520 ἄρχεσθαι

115 2526 497 2597 πρεσβύτερον
527 2523 637 2580 ὑπὸ
673 2531 949 2595 νεωτέρου
979 2532 1240 2598 ξυνέρξας
1271 2537 1482 2586 εἴασεν·
1520 2526 1662 2585 ἄλλά
1691 2550 1808 2594 πως

114 2606 267 2679 ἡμεῖς
286 2605 431 2662 πολὺ
453 2609 767 2677 μετέχοντες
791 2617 891 2663 τοῦ
909 2610 1318 2682 προστυχόντος
1334 2634 1391 2666 τε
1417 2611 1507 2667 καὶ
1529 2614 1647 2684 εἰκῇ
1669 2611 1807 2666 ταύ-

116 2712 180 2762 τῃ
200 2709 277 2761 πῃ
296 2691 385 2744 καὶ
418 2685 666 2759 λέγομεν,
699 2687 728 2745 ὁ
760 2691 816 2746 δὲ
845 2693 936 2746 καὶ
968 2696 1175 2761 γενέσει
1207 2696 1297 2747 καὶ
1328 2689 1495 2764 άρετῇ
1526 2694 1802 2763 προτέραν

115 2772 204 2826 καὶ
226 2774 607 2841 πρεσβυτέραν
636 2771 818 2843 ψυχὴν
848 2773 1096 2844 σώματος
1117 2771 1189 2839 ὡς
1209 2774 1470 2830 δεσπότιν
1490 2774 1578 2829 καὶ
1599 2773 1802 2844 ἄρξου-

116 2870 222 2907 σαν
253 2851 562 2977 ιῐέὶρξομεὶιξρυ
593 2856 959 2926 ξυνεστήσατο
983 2860 1039 2912 ἐκ
1060 2858 1238 2912 τῶνδέ
1252 2878 1308 2912 τε
1329 2858 1419 2913 καὶ
1450 2858 1644 2929 τοιῷδε
1671 2854 1805 2926 τρό-

296 2945 409 2977 ιΛτο
511 2965 525 2975 .
1469 2939 1527 2982 22
