<?xml version="1.0" encoding="UTF-8"?>
<!DOCTYPE html PUBLIC "-//W3C//DTD XHTML 1.0 Transitional//EN"
    "http://www.w3.org/TR/xhtml1/DTD/xhtml1-transitional.dtd">
<html xmlns="http://www.w3.org/1999/xhtml" xml:lang="en" lang="en">
 <head>
  <title>
</title>
<meta http-equiv="Content-Type" content="text/html;charset=utf-8" />
  <meta name='ocr-system' content='tesseract 3.04.00' />
  <meta name='ocr-capabilities' content='ocr_page ocr_carea ocr_par ocr_line ocrx_word'/>
</head>
<body>
  <div class='ocr_page' id='page_1' title='image "./dialogisecumdumt04platuoft_0088.png"; bbox 0 0 1962 3236; ppageno 0'>
   <div class='ocr_carea' id='block_1_1' title="bbox 170 159 1244 212">
    <p class='ocr_par' dir='ltr' id='par_1_1' title="bbox 170 159 1244 212">
     <span class='ocr_line' id='line_1_1' title="bbox 170 159 1244 212; baseline -0.004 0"><span class='ocrx_word' id='word_1_1' title='bbox 170 159 238 212; x_wconf 80' lang='lat'><em>52</em></span> <span class='ocrx_word' id='word_1_2' title='bbox 764 162 1244 209; x_wconf 72' lang='grc' dir='ltr'><em>ΠΛΑΤΩΝΟΣ</em></span> 
     </span>
    </p>
   </div>
   <div class='ocr_carea' id='block_1_2' title="bbox 57 287 1892 2890">
    <p class='ocr_par' dir='ltr' id='par_1_2' title="bbox 57 287 1894 2890">
     <span class='ocr_line' id='line_1_2' title="bbox 170 287 1850 366; baseline -0.001 -16"><span class='ocrx_word' id='word_1_3' title='bbox 170 294 339 366; x_wconf 81' lang='grc' dir='ltr'><strong><em>νήτας</em></strong></span> <span class='ocrx_word' id='word_1_4' title='bbox 357 295 442 350; x_wconf 85' lang='grc' dir='ltr'><em>ἐπὶ</em></span> <span class='ocrx_word' id='word_1_5' title='bbox 471 292 567 358; x_wconf 81' lang='grc' dir='ltr'><em>τὰς</em></span> <span class='ocrx_word' id='word_1_6' title='bbox 597 293 782 358; x_wconf 89' lang='grc' dir='ltr'><em>πόλεις</em></span> <span class='ocrx_word' id='word_1_7' title='bbox 810 292 1109 363; x_wconf 86' lang='grc' dir='ltr'><em>ἐμπόρους;</em></span> <span class='ocrx_word' id='word_1_8' title='bbox 1150 294 1314 347; x_wconf 99' lang='grc' dir='ltr'><em>Πάνυ</em></span> <span class='ocrx_word' id='word_1_9' title='bbox 1342 314 1443 362; x_wconf 89' lang='grc' dir='ltr'><em>μεν</em></span> <span class='ocrx_word' id='word_1_10' title='bbox 1473 287 1593 348; x_wconf 80' lang='grc' dir='ltr'><em>οὖν.</em></span> <span class='ocrx_word' id='word_1_11' title='bbox 1633 293 1749 349; x_wconf 75' lang='lat' dir='ltr'><em>”En</em></span> <span class='ocrx_word' id='word_1_12' title='bbox 1779 293 1850 366; x_wconf 86' lang='grc' dir='ltr'><em>δή</em></span> 
     </span>
     <span class='ocr_line' id='line_1_3' title="bbox 171 363 1892 449; baseline -0.002 -18"><span class='ocrx_word' id='word_1_13' title='bbox 171 398 332 445; x_wconf 86' lang='grc' dir='ltr'><em>τινες,</em></span> <span class='ocrx_word' id='word_1_14' title='bbox 355 374 427 441; x_wconf 82' lang='grc' dir='ltr'><em>ὡς</em></span> <span class='ocrx_word' id='word_1_15' title='bbox 446 369 670 449; x_wconf 75' lang='grc' dir='ltr'><em>ἐγῷμαι,</em></span> <span class='ocrx_word' id='word_1_16' title='bbox 694 375 796 430; x_wconf 87' lang='grc' dir='ltr'><em>εἰσὶ</em></span> <span class='ocrx_word' id='word_1_17' title='bbox 816 375 906 429; x_wconf 85' lang='grc' dir='ltr'><em>καὶ</em></span> <span class='ocrx_word' id='word_1_18' title='bbox 923 373 1079 428; x_wconf 78' lang='grc' dir='ltr'><em>ἄλλοι</em></span> <span class='ocrx_word' id='word_1_19' title='bbox 1098 372 1364 442; x_wconf 85' lang='grc' dir='ltr'><em>διάκονοι,</em></span> <span class='ocrx_word' id='word_1_20' title='bbox 1386 369 1483 428; x_wconf 78' lang='grc' dir='ltr'><em>οἳ’</em></span> <span class='ocrx_word' id='word_1_21' title='bbox 1456 396 1527 428; x_wconf 91' lang='grc' dir='ltr'><em>αν</em></span> <span class='ocrx_word' id='word_1_22' title='bbox 1547 396 1612 428; x_wconf 92' lang='grc' dir='ltr'><em>τα</em></span> <span class='ocrx_word' id='word_1_23' title='bbox 1634 375 1736 443; x_wconf 78' lang='grc' dir='ltr'><em>μὲν</em></span> <span class='ocrx_word' id='word_1_24' title='bbox 1753 381 1847 444; x_wconf 85' lang='grc' dir='ltr'><em>τῆς</em></span> <span class='ocrx_word' id='word_1_25' title='bbox 1880 363 1892 434; x_wconf 61' lang='lat' dir='ltr'><em>e</em></span> 
     </span>
     <span class='ocr_line' id='line_1_4' title="bbox 111 450 1849 529; baseline 0.001 -20"><span class='ocrx_word' id='word_1_26' title='bbox 111 467 146 509; x_wconf 76' lang='grc' dir='ltr'><strong>Ε</strong></span> <span class='ocrx_word' id='word_1_27' title='bbox 177 462 422 523; x_wconf 80' lang='grc' dir='ltr'><em>διανοίας</em></span> <span class='ocrx_word' id='word_1_28' title='bbox 451 458 525 529; x_wconf 85' lang='grc' dir='ltr'><em>μὴ</em></span> <span class='ocrx_word' id='word_1_29' title='bbox 553 457 704 512; x_wconf 88' lang='grc' dir='ltr'><em>πάνυ</em></span> <span class='ocrx_word' id='word_1_30' title='bbox 734 454 1183 527; x_wconf 77' lang='grc' dir='ltr'><em>ἀξιοκοινώνητοι</em></span> <span class='ocrx_word' id='word_1_31' title='bbox 1202 450 1319 524; x_wconf 83' lang='grc' dir='ltr'><em>ωσι,</em></span> <span class='ocrx_word' id='word_1_32' title='bbox 1340 456 1443 526; x_wconf 83' lang='grc' dir='ltr'><em>τὴν</em></span> <span class='ocrx_word' id='word_1_33' title='bbox 1461 456 1520 510; x_wconf 75' lang='grc' dir='ltr'><em>δὲ</em></span> <span class='ocrx_word' id='word_1_34' title='bbox 1539 461 1639 510; x_wconf 86' lang='grc' dir='ltr'><em>τοῦ</em></span> <span class='ocrx_word' id='word_1_35' title='bbox 1660 455 1849 526; x_wconf 78' lang='grc' dir='ltr'><em>σώμα-</em></span> 
     </span>
     <span class='ocr_line' id='line_1_5' title="bbox 172 533 1848 609; baseline -0.002 -15"><span class='ocrx_word' id='word_1_36' title='bbox 172 561 264 603; x_wconf 89' lang='grc' dir='ltr'><em>τος</em></span> <span class='ocrx_word' id='word_1_37' title='bbox 284 537 445 609; x_wconf 80' lang='grc' dir='ltr'><em>ι’σχύν</em></span> <span class='ocrx_word' id='word_1_38' title='bbox 464 535 665 608; x_wconf 81' lang='grc' dir='ltr'><em>ἱκανὴν</em></span> <span class='ocrx_word' id='word_1_39' title='bbox 684 539 771 593; x_wconf 84' lang='grc' dir='ltr'><em>ἐπὶ</em></span> <span class='ocrx_word' id='word_1_40' title='bbox 786 535 917 601; x_wconf 83' lang='grc' dir='ltr'><em>τούς</em></span> <span class='ocrx_word' id='word_1_41' title='bbox 938 535 1146 601; x_wconf 84' lang='grc' dir='ltr'><em>πόνους</em></span> <span class='ocrx_word' id='word_1_42' title='bbox 1166 541 1484 606; x_wconf 83' lang='grc' dir='ltr'><em>ἔχωσιν·οἳ</em></span> <span class='ocrx_word' id='word_1_43' title='bbox 1502 533 1566 606; x_wconf 82' lang='grc' dir='ltr'><em>δὴ</em></span> <span class='ocrx_word' id='word_1_44' title='bbox 1588 543 1848 592; x_wconf 87' lang='grc' dir='ltr'><em>πωλοῦν-</em></span> 
     </span>
     <span class='ocr_line' id='line_1_6' title="bbox 170 615 1889 690; baseline -0.002 -14"><span class='ocrx_word' id='word_1_45' title='bbox 170 642 257 685; x_wconf 92' lang='grc' dir='ltr'><em>τες</em></span> <span class='ocrx_word' id='word_1_46' title='bbox 280 618 383 690; x_wconf 83' lang='grc' dir='ltr'><em>τὴν</em></span> <span class='ocrx_word' id='word_1_47' title='bbox 402 625 496 690; x_wconf 88' lang='grc' dir='ltr'><em>τῆς</em></span> <span class='ocrx_word' id='word_1_48' title='bbox 523 619 711 688; x_wconf 80' lang='grc' dir='ltr'><em>ἰσχύος</em></span> <span class='ocrx_word' id='word_1_49' title='bbox 729 626 943 689; x_wconf 80' lang='grc' dir='ltr'><em>χρείαν,</em></span> <span class='ocrx_word' id='word_1_50' title='bbox 981 615 1083 688; x_wconf 80' lang='grc' dir='ltr'><em>τήν</em></span> <span class='ocrx_word' id='word_1_51' title='bbox 1112 615 1275 688; x_wconf 83' lang='grc' dir='ltr'><em>τιμὴν</em></span> <span class='ocrx_word' id='word_1_52' title='bbox 1293 616 1500 688; x_wconf 87' lang='grc' dir='ltr'><em>ταύτην</em></span> <span class='ocrx_word' id='word_1_53' title='bbox 1518 617 1727 687; x_wconf 85' lang='grc' dir='ltr'><em>μισθὸν</em></span> <span class='ocrx_word' id='word_1_54' title='bbox 1747 639 1850 672; x_wconf 89' lang='grc' dir='ltr'><em>κα-</em></span> <span class='ocrx_word' id='word_1_55' title='bbox 1886 642 1889 645; x_wconf 95' lang='grc'><strong><em>·</em></strong></span> 
     </span>
     <span class='ocr_line' id='line_1_7' title="bbox 171 692 1849 803; baseline -0.001 -49"><span class='ocrx_word' id='word_1_56' title='bbox 171 706 425 769; x_wconf 87' lang='grc' dir='ltr'><em>λοῦντες,</em></span> <span class='ocrx_word' id='word_1_57' title='bbox 449 702 769 779; x_wconf 82' lang='grc' dir='ltr'><em>κέκληνται,</em></span> <span class='ocrx_word' id='word_1_58' title='bbox 791 721 865 764; x_wconf 90' lang='grc' dir='ltr'><em>ως</em></span> <span class='ocrx_word' id='word_1_59' title='bbox 884 692 1116 774; x_wconf 75' lang='grc' dir='ltr'><em>ἐγῷμαι,</em></span> <span class='ocrx_word' id='word_1_60' title='bbox 1136 704 1433 770; x_wconf 87' lang='grc' dir='ltr'><em>μισθωτοί·</em></span> <span class='ocrx_word' id='word_1_61' title='bbox 1455 692 1491 769; x_wconf 80' lang='grc' dir='ltr'><strong><em>ἦ</em></strong></span> <span class='ocrx_word' id='word_1_62' title='bbox 1510 699 1645 803; x_wconf 80' lang='grc' dir='ltr'><em>γάρ·</em></span> <span class='ocrx_word' id='word_1_63' title='bbox 1633 739 1647 764; x_wconf 91' lang='grc'><em>,</em></span> <span class='ocrx_word' id='word_1_64' title='bbox 1686 699 1849 753; x_wconf 91' lang='grc' dir='ltr'><em>Πάνυ</em></span> 
     </span>
     <span class='ocr_line' id='line_1_8' title="bbox 172 777 1892 852; baseline 0 -18"><span class='ocrx_word' id='word_1_65' title='bbox 172 782 273 850; x_wconf 79' lang='grc' dir='ltr'><em>μὲν</em></span> <span class='ocrx_word' id='word_1_66' title='bbox 295 801 415 835; x_wconf 92' lang='grc' dir='ltr'><em>ουν.</em></span> <span class='ocrx_word' id='word_1_67' title='bbox 451 777 735 852; x_wconf 87' lang='grc' dir='ltr'><em>Πλήρωμα</em></span> <span class='ocrx_word' id='word_1_68' title='bbox 757 779 823 851; x_wconf 85' lang='grc' dir='ltr'><em>δὴ</em></span> <span class='ocrx_word' id='word_1_69' title='bbox 844 780 1054 844; x_wconf 74' lang='grc' dir='ltr'><em>πόλεως</em></span> <span class='ocrx_word' id='word_1_70' title='bbox 1074 784 1228 848; x_wconf 87' lang='grc' dir='ltr'><em>εἰσιν,</em></span> <span class='ocrx_word' id='word_1_71' title='bbox 1252 802 1326 844; x_wconf 90' lang='grc' dir='ltr'><em>ως</em></span> <span class='ocrx_word' id='word_1_72' title='bbox 1345 784 1502 848; x_wconf 85' lang='grc' dir='ltr'><em>ἔοικε,</em></span> <span class='ocrx_word' id='word_1_73' title='bbox 1524 783 1611 836; x_wconf 86' lang='grc' dir='ltr'><em>καὶ</em></span> <span class='ocrx_word' id='word_1_74' title='bbox 1629 788 1850 850; x_wconf 61' lang='grc' dir='ltr'><em>μισθω-ι</em></span> <span class='ocrx_word' id='word_1_75' title='bbox 1887 781 1892 822; x_wconf 70' lang='lat'>5</span> 
     </span>
     <span class='ocr_line' id='line_1_9' title="bbox 171 856 1851 934; baseline -0.001 -16"><span class='ocrx_word' id='word_1_76' title='bbox 171 869 271 919; x_wconf 91' lang='grc' dir='ltr'><em>τοί.</em></span> <span class='ocrx_word' id='word_1_77' title='bbox 305 870 479 919; x_wconf 83' lang='grc' dir='ltr'><em>Δοκεῖ</em></span> <span class='ocrx_word' id='word_1_78' title='bbox 495 885 603 934; x_wconf 92' lang='grc' dir='ltr'><em>μοι.</em></span> <span class='ocrx_word' id='word_1_79' title='bbox 634 856 749 934; x_wconf 88' lang='grc' dir='ltr'><em>Αρ’</em></span> <span class='ocrx_word' id='word_1_80' title='bbox 774 857 895 932; x_wconf 80' lang='grc' dir='ltr'><em>οὖν,</em></span> <span class='ocrx_word' id='word_1_81' title='bbox 922 886 963 917; x_wconf 89' lang='grc' dir='ltr'><em>ω</em></span> <span class='ocrx_word' id='word_1_82' title='bbox 991 861 1328 934; x_wconf 76' lang='grc' dir='ltr'><em>Ἀδείμαντε,</em></span> <span class='ocrx_word' id='word_1_83' title='bbox 1349 860 1500 933; x_wconf 69' lang='grc' dir='ltr'><em>ᾔδη’</em></span> <span class='ocrx_word' id='word_1_84' title='bbox 1473 875 1605 933; x_wconf 88' lang='grc' dir='ltr'><em>ημιν</em></span> <span class='ocrx_word' id='word_1_85' title='bbox 1623 861 1851 932; x_wconf 85' lang='grc' dir='ltr'><em>ηυξηται</em></span> 
     </span>
     <span class='ocr_line' id='line_1_10' title="bbox 172 941 1851 1016; baseline -0.001 -17"><span class='ocrx_word' id='word_1_86' title='bbox 172 944 206 1016; x_wconf 85' lang='grc' dir='ltr'>ἡ</span> <span class='ocrx_word' id='word_1_87' title='bbox 235 945 419 1015; x_wconf 82' lang='grc' dir='ltr'><em>πόλις,</em></span> <span class='ocrx_word' id='word_1_88' title='bbox 462 942 595 1000; x_wconf 75' lang='grc' dir='ltr'><em>ὥστ’</em></span> <span class='ocrx_word' id='word_1_89' title='bbox 630 941 771 1000; x_wconf 78' lang='grc' dir='ltr'><em>εἶναι</em></span> <span class='ocrx_word' id='word_1_90' title='bbox 800 948 982 1011; x_wconf 72' lang='grc' dir='ltr'><em>τελέας</em></span> <span class='ocrx_word' id='word_1_91' title='bbox 1013 943 1187 1008; x_wconf 85' lang='grc' dir='ltr'><em>Ἴσως.</em></span> <span class='ocrx_word' id='word_1_92' title='bbox 1241 949 1367 998; x_wconf 86' lang='grc' dir='ltr'><em>Ποῦ</em></span> <span class='ocrx_word' id='word_1_93' title='bbox 1397 965 1502 998; x_wconf 93' lang='grc' dir='ltr'><em>ουν</em></span> <span class='ocrx_word' id='word_1_94' title='bbox 1531 942 1601 997; x_wconf 77' lang='grc' dir='ltr'><em>ἄν</em></span> <span class='ocrx_word' id='word_1_95' title='bbox 1630 964 1762 998; x_wconf 90' lang='grc' dir='ltr'><em>ποτε</em></span> <span class='ocrx_word' id='word_1_96' title='bbox 1791 946 1851 997; x_wconf 91' lang='grc' dir='ltr'><em>ἐν</em></span> 
     </span>
     <span class='ocr_line' id='line_1_11' title="bbox 174 1023 1851 1098; baseline -0.001 -17"><span class='ocrx_word' id='word_1_97' title='bbox 174 1024 315 1098; x_wconf 83' lang='grc' dir='ltr'><em>αὐτῇ</em></span> <span class='ocrx_word' id='word_1_98' title='bbox 336 1034 418 1097; x_wconf 78' lang='grc' dir='ltr'><em>εἴη</em></span> <span class='ocrx_word' id='word_1_99' title='bbox 438 1025 473 1096; x_wconf 80' lang='grc' dir='ltr'><em>ἥ</em></span> <span class='ocrx_word' id='word_1_100' title='bbox 491 1048 549 1081; x_wconf 91' lang='grc' dir='ltr'><em>τε</em></span> <span class='ocrx_word' id='word_1_101' title='bbox 570 1026 897 1097; x_wconf 77' lang='grc' dir='ltr'><em>δικαιοσύνη</em></span> <span class='ocrx_word' id='word_1_102' title='bbox 918 1029 1008 1081; x_wconf 83' lang='grc' dir='ltr'><em>καὶ</em></span> <span class='ocrx_word' id='word_1_103' title='bbox 1026 1023 1058 1097; x_wconf 82' lang='grc' dir='ltr'><em>ἡ</em></span> <span class='ocrx_word' id='word_1_104' title='bbox 1081 1023 1292 1090; x_wconf 71' lang='grc' dir='ltr'><em>ἀδικίας</em></span> <span class='ocrx_word' id='word_1_105' title='bbox 1332 1026 1423 1080; x_wconf 91' lang='grc' dir='ltr'><em>καὶ</em></span> <span class='ocrx_word' id='word_1_106' title='bbox 1442 1029 1548 1079; x_wconf 88' lang='grc' dir='ltr'><em>τίνι</em></span> <span class='ocrx_word' id='word_1_107' title='bbox 1566 1023 1677 1095; x_wconf 78' lang='grc' dir='ltr'><em>ἅμα</em></span> <span class='ocrx_word' id='word_1_108' title='bbox 1697 1027 1851 1093; x_wconf 79' lang='grc' dir='ltr'><em>ἐγγε-</em></span> 
     </span>
     <span class='ocr_line' id='line_1_12' title="bbox 57 1100 1852 1179; baseline -0.002 -15"><span class='ocrx_word' id='word_1_109' title='bbox 57 1130 145 1177; x_wconf 78' lang='lat'><em>372</em></span> <span class='ocrx_word' id='word_1_110' title='bbox 173 1111 377 1179; x_wconf 86' lang='grc' dir='ltr'><em>νομένη</em></span> <span class='ocrx_word' id='word_1_111' title='bbox 403 1100 483 1163; x_wconf 74' lang='grc' dir='ltr'><em>ὦν</em></span> <span class='ocrx_word' id='word_1_112' title='bbox 502 1110 839 1179; x_wconf 82' lang='grc' dir='ltr'><em>ἐσκέμμεθα;</em></span> <span class='ocrx_word' id='word_1_113' title='bbox 870 1106 1004 1178; x_wconf 73' lang='grc' dir='ltr'><em>Ἐγώ</em></span> <span class='ocrx_word' id='word_1_114' title='bbox 1028 1110 1146 1179; x_wconf 87' lang='grc' dir='ltr'><em>μέν,</em></span> <span class='ocrx_word' id='word_1_115' title='bbox 1168 1112 1292 1178; x_wconf 84' lang='grc' dir='ltr'><em>ἔφη,</em></span> <span class='ocrx_word' id='word_1_116' title='bbox 1315 1106 1417 1162; x_wconf 79' lang='grc' dir='ltr'><em>οὐκ</em></span> <span class='ocrx_word' id='word_1_117' title='bbox 1440 1109 1630 1178; x_wconf 72' lang='grc' dir='ltr'><em>ἐννοῶ,</em></span> <span class='ocrx_word' id='word_1_118' title='bbox 1657 1102 1700 1162; x_wconf 73' lang='grc' dir='ltr'><em>ὦ</em></span> <span class='ocrx_word' id='word_1_119' title='bbox 1721 1107 1852 1162; x_wconf 72' lang='grc' dir='ltr'><em>Σω-</em></span> 
     </span>
     <span class='ocr_line' id='line_1_13' title="bbox 172 1186 1853 1263; baseline -0.002 -16"><span class='ocrx_word' id='word_1_120' title='bbox 172 1212 395 1263; x_wconf 85' lang='grc' dir='ltr'><em>κρατες,</em></span> <span class='ocrx_word' id='word_1_121' title='bbox 435 1195 486 1246; x_wconf 87' lang='grc' dir='ltr'><em>εἰ</em></span> <span class='ocrx_word' id='word_1_122' title='bbox 511 1190 587 1262; x_wconf 88' lang='grc' dir='ltr'><em>μή</em></span> <span class='ocrx_word' id='word_1_123' title='bbox 619 1211 729 1246; x_wconf 87' lang='grc' dir='ltr'><em>που</em></span> <span class='ocrx_word' id='word_1_124' title='bbox 760 1193 820 1246; x_wconf 88' lang='grc' dir='ltr'><em>ἐν</em></span> <span class='ocrx_word' id='word_1_125' title='bbox 849 1188 1036 1245; x_wconf 70' lang='grc' dir='ltr'><em>αὐτῶν</em></span> <span class='ocrx_word' id='word_1_126' title='bbox 1065 1188 1278 1245; x_wconf 90' lang='grc' dir='ltr'><em>τούτων</em></span> <span class='ocrx_word' id='word_1_127' title='bbox 1304 1194 1457 1261; x_wconf 77' lang='grc' dir='ltr'><em>χρείᾳ</em></span> <span class='ocrx_word' id='word_1_128' title='bbox 1485 1190 1591 1245; x_wconf 83' lang='grc' dir='ltr'><em>τινὶ</em></span> <span class='ocrx_word' id='word_1_129' title='bbox 1619 1196 1683 1262; x_wconf 83' lang='grc' dir='ltr'><em>τῇ</em></span> <span class='ocrx_word' id='word_1_130' title='bbox 1715 1186 1853 1260; x_wconf 84' lang='grc' dir='ltr'><em>πρὸς</em></span> 
     </span>
     <span class='ocr_line' id='line_1_14' title="bbox 173 1266 1852 1344; baseline -0.002 -16"><span class='ocrx_word' id='word_1_131' title='bbox 173 1271 458 1344; x_wconf 72' lang='grc' dir='ltr'><em>ἀλλήλους.</em></span> <span class='ocrx_word' id='word_1_132' title='bbox 506 1270 653 1328; x_wconf 86' lang='grc' dir='ltr'><em>Ἀλλ’</em></span> <span class='ocrx_word' id='word_1_133' title='bbox 678 1281 835 1342; x_wconf 80' lang='grc' dir='ltr'><em>ἴσως,</em></span> <span class='ocrx_word' id='word_1_134' title='bbox 855 1266 929 1343; x_wconf 83' lang='grc' dir='ltr'><em>ἦν</em></span> <span class='ocrx_word' id='word_1_135' title='bbox 945 1270 998 1326; x_wconf 93' lang='grc' dir='ltr'><em>δ’</em></span> <span class='ocrx_word' id='word_1_136' title='bbox 1020 1270 1128 1342; x_wconf 76' lang='grc' dir='ltr'><em>ἐγώ</em></span> <span class='ocrx_word' id='word_1_137' title='bbox 1140 1313 1154 1339; x_wconf 94' lang='grc'><em>,</em></span> <span class='ocrx_word' id='word_1_138' title='bbox 1177 1276 1357 1335; x_wconf 76' lang='grc' dir='ltr'><em>καλαῖς</em></span> <span class='ocrx_word' id='word_1_139' title='bbox 1376 1271 1575 1340; x_wconf 81' lang='grc' dir='ltr'><em>λέγεις·</em></span> <span class='ocrx_word' id='word_1_140' title='bbox 1613 1271 1705 1326; x_wconf 86' lang='grc' dir='ltr'><em>καὶ</em></span> <span class='ocrx_word' id='word_1_141' title='bbox 1725 1287 1852 1325; x_wconf 86' lang='grc' dir='ltr'><em>σκε-</em></span> 
     </span>
     <span class='ocr_line' id='line_1_15' title="bbox 173 1344 1851 1424; baseline -0.002 -16"><span class='ocrx_word' id='word_1_142' title='bbox 173 1357 339 1410; x_wconf 88' lang='grc' dir='ltr'><em>πτέον</em></span> <span class='ocrx_word' id='word_1_143' title='bbox 366 1375 430 1423; x_wconf 78' lang='grc' dir='ltr'><em>γε</em></span> <span class='ocrx_word' id='word_1_144' title='bbox 458 1355 550 1409; x_wconf 83' lang='grc' dir='ltr'><em>καὶ</em></span> <span class='ocrx_word' id='word_1_145' title='bbox 581 1351 686 1409; x_wconf 82' lang='grc' dir='ltr'><em>οὐκ</em></span> <span class='ocrx_word' id='word_1_146' title='bbox 714 1350 1074 1424; x_wconf 79' lang='grc' dir='ltr'><em>ἀποκνητέον.</em></span> <span class='ocrx_word' id='word_1_147' title='bbox 1113 1357 1333 1422; x_wconf 76' lang='grc' dir='ltr'><em>πρῶτον</em></span> <span class='ocrx_word' id='word_1_148' title='bbox 1363 1344 1467 1406; x_wconf 84' lang='grc' dir='ltr'><em>οὖν</em></span> <span class='ocrx_word' id='word_1_149' title='bbox 1498 1351 1851 1421; x_wconf 77' lang='grc' dir='ltr'><em>σκεψώμεθα,</em></span> 
     </span>
     <span class='ocr_line' id='line_1_16' title="bbox 175 1431 1850 1506; baseline -0.002 -16"><span class='ocrx_word' id='word_1_150' title='bbox 175 1439 297 1490; x_wconf 90' lang='grc' dir='ltr'><em>τίνα</em></span> <span class='ocrx_word' id='word_1_151' title='bbox 317 1435 528 1506; x_wconf 77' lang='grc' dir='ltr'><em>τρόπον</em></span> <span class='ocrx_word' id='word_1_152' title='bbox 548 1434 919 1506; x_wconf 84' lang='grc' dir='ltr'><em>διαιτήσονται</em></span> <span class='ocrx_word' id='word_1_153' title='bbox 938 1437 995 1489; x_wconf 77' lang='grc' dir='ltr'><em>οἶ</em></span> <span class='ocrx_word' id='word_1_154' title='bbox 1007 1433 1155 1488; x_wconf 82' lang='grc' dir='ltr'><em>οὕτω</em></span> <span class='ocrx_word' id='word_1_155' title='bbox 1172 1433 1695 1502; x_wconf 81' lang='grc' dir='ltr'><em>παρεσκευασμένοι.</em></span> <span class='ocrx_word' id='word_1_156' title='bbox 1716 1431 1850 1487; x_wconf 77' lang='grc' dir='ltr'><em>ἄλλο</em></span> 
     </span>
     <span class='ocr_line' id='line_1_17' title="bbox 173 1509 1853 1585; baseline -0.002 -16"><span class='ocrx_word' id='word_1_157' title='bbox 173 1537 226 1569; x_wconf 90' lang='grc' dir='ltr'><em>τι</em></span> <span class='ocrx_word' id='word_1_158' title='bbox 252 1512 289 1585; x_wconf 74' lang='grc' dir='ltr'><strong><em>ἦ</em></strong></span> <span class='ocrx_word' id='word_1_159' title='bbox 318 1515 471 1571; x_wconf 80' lang='grc' dir='ltr'><em>σῖτόν</em></span> <span class='ocrx_word' id='word_1_160' title='bbox 501 1536 560 1570; x_wconf 92' lang='grc' dir='ltr'><em>τε</em></span> <span class='ocrx_word' id='word_1_161' title='bbox 588 1522 879 1579; x_wconf 85' lang='grc' dir='ltr'><em>ποιοῦντες</em></span> <span class='ocrx_word' id='word_1_162' title='bbox 906 1516 997 1571; x_wconf 85' lang='grc' dir='ltr'><em>καὶ</em></span> <span class='ocrx_word' id='word_1_163' title='bbox 1030 1513 1184 1570; x_wconf 88' lang='grc' dir='ltr'><em>οἶνον</em></span> <span class='ocrx_word' id='word_1_164' title='bbox 1214 1514 1305 1568; x_wconf 88' lang='grc' dir='ltr'><em>καὶ</em></span> <span class='ocrx_word' id='word_1_165' title='bbox 1325 1512 1510 1583; x_wconf 76' lang='grc' dir='ltr'><em>ἱμάτια</em></span> <span class='ocrx_word' id='word_1_166' title='bbox 1530 1513 1621 1567; x_wconf 87' lang='grc' dir='ltr'><em>καὶ</em></span> <span class='ocrx_word' id='word_1_167' title='bbox 1642 1509 1853 1583; x_wconf 82' lang='grc' dir='ltr'><em>ὑποδή-</em></span> 
     </span>
     <span class='ocr_line' id='line_1_18' title="bbox 175 1592 1853 1668; baseline -0.001 -17"><span class='ocrx_word' id='word_1_168' title='bbox 175 1617 346 1667; x_wconf 90' lang='grc' dir='ltr'><em>ματα,</em></span> <span class='ocrx_word' id='word_1_169' title='bbox 383 1597 473 1652; x_wconf 85' lang='grc' dir='ltr'><em>καὶ</em></span> <span class='ocrx_word' id='word_1_170' title='bbox 494 1597 991 1668; x_wconf 78' lang='grc' dir='ltr'><em>οἰκοδομησάμενοι</em></span> <span class='ocrx_word' id='word_1_171' title='bbox 1011 1601 1211 1666; x_wconf 82' lang='grc' dir='ltr'><em>οἰκίας,</em></span> <span class='ocrx_word' id='word_1_172' title='bbox 1243 1598 1450 1665; x_wconf 80' lang='grc' dir='ltr'><em>θέρους</em></span> <span class='ocrx_word' id='word_1_173' title='bbox 1470 1597 1570 1665; x_wconf 80' lang='grc' dir='ltr'><em>μὲν</em></span> <span class='ocrx_word' id='word_1_174' title='bbox 1589 1592 1655 1648; x_wconf 78' lang='grc' dir='ltr'><em>τοὶ</em></span> <span class='ocrx_word' id='word_1_175' title='bbox 1677 1592 1853 1649; x_wconf 78' lang='grc' dir='ltr'><em>πολλὰ</em></span> 
     </span>
     <span class='ocr_line' id='line_1_19' title="bbox 95 1675 1851 1749; baseline -0.002 -17"><span class='ocrx_word' id='word_1_176' title='bbox 95 1695 98 1702; x_wconf 90' lang='grc'><strong><em>·</em></strong></span> <span class='ocrx_word' id='word_1_177' title='bbox 174 1683 384 1748; x_wconf 75' lang='grc' dir='ltr'><em>γυμνοί</em></span> <span class='ocrx_word' id='word_1_178' title='bbox 405 1679 581 1734; x_wconf 81' lang='grc' dir='ltr'><em>τεκαὶ</em></span> <span class='ocrx_word' id='word_1_179' title='bbox 604 1675 945 1749; x_wconf 87' lang='grc' dir='ltr'><em>άνυπόδητοι</em></span> <span class='ocrx_word' id='word_1_180' title='bbox 974 1678 1330 1748; x_wconf 82' lang='grc' dir='ltr'><em>ἐργάσονται,</em></span> <span class='ocrx_word' id='word_1_181' title='bbox 1369 1681 1469 1731; x_wconf 85' lang='grc' dir='ltr'><em>τοῦ</em></span> <span class='ocrx_word' id='word_1_182' title='bbox 1501 1678 1560 1731; x_wconf 81' lang='grc' dir='ltr'><em>δὲ</em></span> <span class='ocrx_word' id='word_1_183' title='bbox 1587 1680 1851 1745; x_wconf 79' lang='grc' dir='ltr'><em>χειμῶνος</em></span> 
     </span>
     <span class='ocr_line' id='line_1_20' title="bbox 112 1755 1854 1830; baseline -0.003 -15"><span class='ocrx_word' id='word_1_184' title='bbox 112 1788 146 1829; x_wconf 91' lang='lat' dir='ltr'>B</span> <span class='ocrx_word' id='word_1_185' title='bbox 176 1758 540 1830; x_wconf 77' lang='grc' dir='ltr'><em>ἠμφιεσμένοι</em></span> <span class='ocrx_word' id='word_1_186' title='bbox 567 1782 625 1815; x_wconf 92' lang='grc' dir='ltr'><em>τε</em></span> <span class='ocrx_word' id='word_1_187' title='bbox 655 1761 746 1815; x_wconf 85' lang='grc' dir='ltr'><em>καὶ</em></span> <span class='ocrx_word' id='word_1_188' title='bbox 774 1758 1170 1830; x_wconf 83' lang='grc' dir='ltr'><em>ὑποδεδεμένοι</em></span> <span class='ocrx_word' id='word_1_189' title='bbox 1198 1762 1425 1822; x_wconf 78' lang='grc' dir='ltr'><em>ίκανῶς;</em></span> <span class='ocrx_word' id='word_1_190' title='bbox 1461 1759 1766 1826; x_wconf 83' lang='grc' dir='ltr'><em>θρέψονται</em></span> <span class='ocrx_word' id='word_1_191' title='bbox 1796 1755 1854 1811; x_wconf 74' lang='grc' dir='ltr'><em>δὲ</em></span> 
     </span>
     <span class='ocr_line' id='line_1_21' title="bbox 174 1838 1855 1913; baseline -0.003 -17"><span class='ocrx_word' id='word_1_192' title='bbox 174 1844 235 1897; x_wconf 88' lang='grc' dir='ltr'><em>ἐκ</em></span> <span class='ocrx_word' id='word_1_193' title='bbox 254 1843 355 1911; x_wconf 77' lang='grc' dir='ltr'><em>μὲν</em></span> <span class='ocrx_word' id='word_1_194' title='bbox 373 1847 487 1896; x_wconf 74' lang='grc' dir='ltr'><em>τῶν</em></span> <span class='ocrx_word' id='word_1_195' title='bbox 505 1847 724 1913; x_wconf 77' lang='grc' dir='ltr'><em>κριθῶν</em></span> <span class='ocrx_word' id='word_1_196' title='bbox 743 1841 944 1911; x_wconf 78' lang='grc' dir='ltr'><em>ἄλφιτα</em></span> <span class='ocrx_word' id='word_1_197' title='bbox 962 1840 1380 1910; x_wconf 81' lang='grc' dir='ltr'><em>σκευαζόμενοι,</em></span> <span class='ocrx_word' id='word_1_198' title='bbox 1425 1841 1483 1894; x_wconf 86' lang='grc' dir='ltr'><em>ἐκ</em></span> <span class='ocrx_word' id='word_1_199' title='bbox 1513 1838 1570 1894; x_wconf 78' lang='grc' dir='ltr'><em>δὲ</em></span> <span class='ocrx_word' id='word_1_200' title='bbox 1599 1845 1712 1893; x_wconf 77' lang='grc' dir='ltr'><em>τῶν</em></span> <span class='ocrx_word' id='word_1_201' title='bbox 1745 1858 1855 1891; x_wconf 88' lang='grc' dir='ltr'><em>πυ-</em></span> 
     </span>
     <span class='ocr_line' id='line_1_22' title="bbox 174 1919 1853 1994; baseline -0.004 -16"><span class='ocrx_word' id='word_1_202' title='bbox 174 1929 291 1994; x_wconf 78' lang='grc' dir='ltr'><em>ρῶν</em></span> <span class='ocrx_word' id='word_1_203' title='bbox 313 1921 538 1993; x_wconf 76' lang='grc' dir='ltr'><em>ἄλευρα,</em></span> <span class='ocrx_word' id='word_1_204' title='bbox 559 1919 624 1977; x_wconf 77' lang='grc' dir='ltr'><em>τὰ</em></span> <span class='ocrx_word' id='word_1_205' title='bbox 645 1922 746 1993; x_wconf 78' lang='grc' dir='ltr'><em>μὲν</em></span> <span class='ocrx_word' id='word_1_206' title='bbox 764 1926 1048 1991; x_wconf 82' lang='grc' dir='ltr'><em>πέψαντες,</em></span> <span class='ocrx_word' id='word_1_207' title='bbox 1069 1920 1135 1977; x_wconf 79' lang='grc' dir='ltr'><em>τὰ</em></span> <span class='ocrx_word' id='word_1_208' title='bbox 1154 1920 1212 1976; x_wconf 77' lang='grc' dir='ltr'><em>δὲ</em></span> <span class='ocrx_word' id='word_1_209' title='bbox 1228 1921 1511 1991; x_wconf 81' lang='grc' dir='ltr'><em>μάξαντες,</em></span> <span class='ocrx_word' id='word_1_210' title='bbox 1534 1920 1703 1990; x_wconf 81' lang='grc' dir='ltr'><em>μάζας</em></span> <span class='ocrx_word' id='word_1_211' title='bbox 1723 1940 1853 1988; x_wconf 84' lang='grc' dir='ltr'><em>γεν-</em></span> 
     </span>
     <span class='ocr_line' id='line_1_23' title="bbox 173 1995 1853 2074; baseline -0.005 -13"><span class='ocrx_word' id='word_1_212' title='bbox 173 2009 333 2069; x_wconf 88' lang='grc' dir='ltr'><em>ναίας</em></span> <span class='ocrx_word' id='word_1_213' title='bbox 361 2006 453 2059; x_wconf 88' lang='grc' dir='ltr'><em>καὶ</em></span> <span class='ocrx_word' id='word_1_214' title='bbox 481 2003 685 2073; x_wconf 76' lang='grc' dir='ltr'><em>ἄρτους</em></span> <span class='ocrx_word' id='word_1_215' title='bbox 721 2006 809 2059; x_wconf 89' lang='grc' dir='ltr'><em>ἐπὶ</em></span> <span class='ocrx_word' id='word_1_216' title='bbox 848 2004 1101 2074; x_wconf 87' lang='grc' dir='ltr'><em>κάλαμόν</em></span> <span class='ocrx_word' id='word_1_217' title='bbox 1136 2025 1262 2057; x_wconf 87' lang='grc' dir='ltr'><em>τινα</em></span> <span class='ocrx_word' id='word_1_218' title='bbox 1298 2001 1780 2072; x_wconf 87' lang='grc' dir='ltr'><em>παραβαλλόμενοι</em></span> <span class='ocrx_word' id='word_1_219' title='bbox 1818 1995 1853 2069; x_wconf 80' lang='grc' dir='ltr'><em>ἢ</em></span> 
     </span>
     <span class='ocr_line' id='line_1_24' title="bbox 179 2083 1854 2158; baseline -0.002 -18"><span class='ocrx_word' id='word_1_220' title='bbox 179 2087 367 2158; x_wconf 86' lang='grc' dir='ltr'><em>φύλλα</em></span> <span class='ocrx_word' id='word_1_221' title='bbox 385 2085 611 2156; x_wconf 88' lang='grc' dir='ltr'><em>καθαρά</em></span> <span class='ocrx_word' id='word_1_222' title='bbox 624 2127 638 2154; x_wconf 93' lang='grc'><em>,</em></span> <span class='ocrx_word' id='word_1_223' title='bbox 660 2088 1074 2149; x_wconf 88' lang='grc' dir='ltr'><em>κατακλινέντες</em></span> <span class='ocrx_word' id='word_1_224' title='bbox 1093 2084 1179 2139; x_wconf 86' lang='grc' dir='ltr'><em>ἐπὶ</em></span> <span class='ocrx_word' id='word_1_225' title='bbox 1198 2083 1477 2154; x_wconf 85' lang='grc' dir='ltr'><em>στιβάδων</em></span> <span class='ocrx_word' id='word_1_226' title='bbox 1497 2084 1854 2152; x_wconf 83' lang='grc' dir='ltr'><em>ἐστρωμένων</em></span> 
     </span>
     <span class='ocr_line' id='line_1_25' title="bbox 176 2161 1855 2238; baseline -0.004 -16"><span class='ocrx_word' id='word_1_227' title='bbox 176 2171 370 2238; x_wconf 87' lang='grc' dir='ltr'><em>μίλακί</em></span> <span class='ocrx_word' id='word_1_228' title='bbox 381 2188 439 2222; x_wconf 90' lang='grc' dir='ltr'><em>τε</em></span> <span class='ocrx_word' id='word_1_229' title='bbox 456 2168 547 2222; x_wconf 87' lang='grc' dir='ltr'><em>καὶ</em></span> <span class='ocrx_word' id='word_1_230' title='bbox 561 2172 868 2237; x_wconf 89' lang='grc' dir='ltr'><em>μυρρίναις,</em></span> <span class='ocrx_word' id='word_1_231' title='bbox 890 2164 1261 2236; x_wconf 81' lang='grc' dir='ltr'><em>εὐωχήσονται</em></span> <span class='ocrx_word' id='word_1_232' title='bbox 1281 2162 1445 2219; x_wconf 81' lang='grc' dir='ltr'><em>αὐτοί</em></span> <span class='ocrx_word' id='word_1_233' title='bbox 1459 2185 1515 2218; x_wconf 87' lang='grc' dir='ltr'><em>τε</em></span> <span class='ocrx_word' id='word_1_234' title='bbox 1535 2161 1704 2218; x_wconf 75' lang='grc' dir='ltr'><em>καὶτὰ</em></span> <span class='ocrx_word' id='word_1_235' title='bbox 1726 2184 1855 2217; x_wconf 92' lang='grc' dir='ltr'><em>παι-</em></span> 
     </span>
     <span class='ocr_line' id='line_1_26' title="bbox 178 2242 1856 2320; baseline -0.004 -16"><span class='ocrx_word' id='word_1_236' title='bbox 178 2252 285 2320; x_wconf 87' lang='grc' dir='ltr'><em>δία,</em></span> <span class='ocrx_word' id='word_1_237' title='bbox 307 2250 647 2312; x_wconf 84' lang='grc' dir='ltr'><em>ἐπιπίνοντες</em></span> <span class='ocrx_word' id='word_1_238' title='bbox 665 2253 766 2302; x_wconf 84' lang='grc' dir='ltr'><em>τοῦ</em></span> <span class='ocrx_word' id='word_1_239' title='bbox 788 2255 962 2319; x_wconf 78' lang='grc' dir='ltr'><em>οἴνου,</em></span> <span class='ocrx_word' id='word_1_240' title='bbox 984 2248 1424 2317; x_wconf 84' lang='grc' dir='ltr'><em>ἐστεφανωμένοι</em></span> <span class='ocrx_word' id='word_1_241' title='bbox 1441 2246 1532 2300; x_wconf 73' lang='grc' dir='ltr'><em>καὶ</em></span> <span class='ocrx_word' id='word_1_242' title='bbox 1551 2242 1856 2315; x_wconf 82' lang='grc' dir='ltr'><em>ὑμνοῦντες</em></span> 
     </span>
     <span class='ocr_line' id='line_1_27' title="bbox 177 2322 1857 2399; baseline -0.004 -15"><span class='ocrx_word' id='word_1_243' title='bbox 177 2329 309 2392; x_wconf 79' lang='grc' dir='ltr'><em>τούς</em></span> <span class='ocrx_word' id='word_1_244' title='bbox 327 2327 524 2398; x_wconf 88' lang='grc' dir='ltr'><em>θεούς,</em></span> <span class='ocrx_word' id='word_1_245' title='bbox 561 2325 735 2399; x_wconf 81' lang='grc' dir='ltr'><em>ἡδέως</em></span> <span class='ocrx_word' id='word_1_246' title='bbox 756 2327 1013 2395; x_wconf 84' lang='grc' dir='ltr'><em>ξυνόντες</em></span> <span class='ocrx_word' id='word_1_247' title='bbox 1034 2325 1316 2399; x_wconf 82' lang='grc' dir='ltr'><em>ἀλλήλοις,</em></span> <span class='ocrx_word' id='word_1_248' title='bbox 1354 2323 1454 2395; x_wconf 81' lang='grc' dir='ltr'><em>οὐχ</em></span> <span class='ocrx_word' id='word_1_249' title='bbox 1474 2323 1611 2392; x_wconf 74' lang='grc' dir='ltr'><em>ὑπὲρ</em></span> <span class='ocrx_word' id='word_1_250' title='bbox 1630 2323 1734 2395; x_wconf 79' lang='grc' dir='ltr'><em>τήν</em></span> <span class='ocrx_word' id='word_1_251' title='bbox 1755 2322 1857 2379; x_wconf 84' lang='grc' dir='ltr'><em>οὐ-</em></span> 
     </span>
     <span class='ocr_line' id='line_1_28' title="bbox 116 2401 1856 2480; baseline -0.003 -14"><span class='ocrx_word' id='word_1_252' title='bbox 116 2430 150 2474; x_wconf 82' lang='lat' dir='ltr'>c</span> <span class='ocrx_word' id='word_1_253' title='bbox 181 2414 307 2466; x_wconf 89' lang='grc' dir='ltr'><em>σίαν</em></span> <span class='ocrx_word' id='word_1_254' title='bbox 330 2409 655 2480; x_wconf 84' lang='grc' dir='ltr'><em>ποιούμενοι</em></span> <span class='ocrx_word' id='word_1_255' title='bbox 673 2407 803 2474; x_wconf 82' lang='grc' dir='ltr'><em>τούς</em></span> <span class='ocrx_word' id='word_1_256' title='bbox 822 2414 1036 2480; x_wconf 82' lang='grc' dir='ltr'><em>παῖδας,</em></span> <span class='ocrx_word' id='word_1_257' title='bbox 1059 2407 1461 2480; x_wconf 57' lang='grc' dir='ltr'><em>εὐλαβούμενοι</em></span> <span class='ocrx_word' id='word_1_258' title='bbox 1481 2401 1732 2476; x_wconf 85' lang='grc' dir='ltr'><em>πενίανῆ</em></span> <span class='ocrx_word' id='word_1_259' title='bbox 1752 2403 1856 2461; x_wconf 91' lang='grc' dir='ltr'><em>πό-</em></span> 
     </span>
     <span class='ocr_line' id='line_1_29' title="bbox 178 2499 374 2562; baseline 0 -15"><span class='ocrx_word' id='word_1_260' title='bbox 178 2499 374 2562; x_wconf 82' lang='grc' dir='ltr'><em>λεμον;</em></span> 
     </span>
     <span class='ocr_line' id='line_1_30' title="bbox 319 2570 1852 2645; baseline -0.003 -16"><span class='ocrx_word' id='word_1_261' title='bbox 319 2578 450 2629; x_wconf 90' lang='grc' dir='ltr'><em>ΧΙΙΙ.</em></span> <span class='ocrx_word' id='word_1_262' title='bbox 486 2575 597 2631; x_wconf 88' lang='grc' dir='ltr'><em>Καὶ</em></span> <span class='ocrx_word' id='word_1_263' title='bbox 625 2573 652 2630; x_wconf 90' lang='grc' dir='ltr'>ὁ</span> <span class='ocrx_word' id='word_1_264' title='bbox 686 2574 960 2631; x_wconf 89' lang='grc' dir='ltr'><em>Γλαύκων</em></span> <span class='ocrx_word' id='word_1_265' title='bbox 979 2572 1310 2645; x_wconf 77' lang='grc' dir='ltr'><em>ὑπολαβών,</em></span> <span class='ocrx_word' id='word_1_266' title='bbox 1334 2571 1505 2627; x_wconf 76' lang='grc' dir='ltr'><em>’Ἄνευ</em></span> <span class='ocrx_word' id='word_1_267' title='bbox 1523 2570 1696 2640; x_wconf 80' lang='grc' dir='ltr'><em>ὄψου,</em></span> <span class='ocrx_word' id='word_1_268' title='bbox 1730 2574 1852 2640; x_wconf 83' lang='grc' dir='ltr'><em>ἔφη,</em></span> 
     </span>
     <span class='ocr_line' id='line_1_31' title="bbox 181 2649 1848 2727; baseline -0.003 -18"><span class='ocrx_word' id='word_1_269' title='bbox 181 2677 255 2719; x_wconf 88' lang='grc' dir='ltr'><em>ως</em></span> <span class='ocrx_word' id='word_1_270' title='bbox 273 2660 470 2727; x_wconf 82' lang='grc' dir='ltr'><em>ἔοικας,</em></span> <span class='ocrx_word' id='word_1_271' title='bbox 492 2666 662 2721; x_wconf 76' lang='grc' dir='ltr'><em>ποιεῖς</em></span> <span class='ocrx_word' id='word_1_272' title='bbox 676 2678 805 2720; x_wconf 88' lang='grc' dir='ltr'><em>τους</em></span> <span class='ocrx_word' id='word_1_273' title='bbox 824 2656 1030 2724; x_wconf 78' lang='grc' dir='ltr'><em>ἄνδρας</em></span> <span class='ocrx_word' id='word_1_274' title='bbox 1053 2656 1426 2726; x_wconf 83' lang='grc' dir='ltr'><em>ἑστιωμένους.</em></span> <span class='ocrx_word' id='word_1_275' title='bbox 1461 2651 1685 2723; x_wconf 85' lang='grc' dir='ltr'><em>Ἀληθῆ,</em></span> <span class='ocrx_word' id='word_1_276' title='bbox 1708 2655 1779 2721; x_wconf 82' lang='grc' dir='ltr'><em>ἦν</em></span> <span class='ocrx_word' id='word_1_277' title='bbox 1800 2649 1848 2705; x_wconf 88' lang='grc' dir='ltr'><em>δ’</em></span> 
     </span>
     <span class='ocr_line' id='line_1_32' title="bbox 180 2732 1854 2810; baseline -0.005 -17"><span class='ocrx_word' id='word_1_278' title='bbox 180 2735 314 2804; x_wconf 78' lang='grc' dir='ltr'><em>ἐγώ,</em></span> <span class='ocrx_word' id='word_1_279' title='bbox 354 2740 539 2805; x_wconf 78' lang='grc' dir='ltr'><em>λέγεις.</em></span> <span class='ocrx_word' id='word_1_280' title='bbox 578 2738 933 2810; x_wconf 84' lang='grc' dir='ltr'><em>ἐπελαθόμην</em></span> <span class='ocrx_word' id='word_1_281' title='bbox 962 2737 1047 2793; x_wconf 82' lang='grc' dir='ltr'><em>ὅτι</em></span> <span class='ocrx_word' id='word_1_282' title='bbox 1075 2739 1167 2794; x_wconf 88' lang='grc' dir='ltr'><em>καὶ</em></span> <span class='ocrx_word' id='word_1_283' title='bbox 1198 2735 1341 2802; x_wconf 77' lang='grc' dir='ltr'><em>ὄψον</em></span> <span class='ocrx_word' id='word_1_284' title='bbox 1360 2738 1603 2801; x_wconf 84' lang='grc' dir='ltr'><em>ε’ξουσιν·</em></span> <span class='ocrx_word' id='word_1_285' title='bbox 1645 2732 1778 2795; x_wconf 87' lang='grc' dir='ltr'><em>αλας</em></span> <span class='ocrx_word' id='word_1_286' title='bbox 1797 2753 1854 2786; x_wconf 92' lang='grc' dir='ltr'><em>τε</em></span> 
     </span>
     <span class='ocr_line' id='line_1_33' title="bbox 181 2813 1853 2890; baseline 0.008 -20"><span class='ocrx_word' id='word_1_287' title='bbox 181 2819 355 2885; x_wconf 80' lang='grc' dir='ltr'><em>δῆλον</em></span> <span class='ocrx_word' id='word_1_288' title='bbox 383 2815 468 2872; x_wconf 84' lang='grc' dir='ltr'><em>ὅτι</em></span> <span class='ocrx_word' id='word_1_289' title='bbox 494 2820 585 2874; x_wconf 89' lang='grc' dir='ltr'><em>καὶ</em></span> <span class='ocrx_word' id='word_1_290' title='bbox 617 2819 778 2885; x_wconf 87' lang='grc' dir='ltr'><em>ἐλάας</em></span> <span class='ocrx_word' id='word_1_291' title='bbox 806 2821 897 2876; x_wconf 84' lang='grc' dir='ltr'><em>καὶ</em></span> <span class='ocrx_word' id='word_1_292' title='bbox 917 2819 1116 2890; x_wconf 87' lang='grc' dir='ltr'><em>τυρόν,</em></span> <span class='ocrx_word' id='word_1_293' title='bbox 1153 2820 1243 2874; x_wconf 86' lang='grc' dir='ltr'><em>καὶ</em></span> <span class='ocrx_word' id='word_1_294' title='bbox 1262 2816 1499 2889; x_wconf 73' lang='grc' dir='ltr'><em>βολβοὺς</em></span> <span class='ocrx_word' id='word_1_295' title='bbox 1517 2817 1607 2870; x_wconf 74' lang='grc' dir='ltr'><em>καὶ</em></span> <span class='ocrx_word' id='word_1_296' title='bbox 1626 2813 1853 2884; x_wconf 66' lang='grc' dir='ltr'><em>λάχανα,</em></span> 
     </span>
    </p>
   </div>
  </div>
 </body>
</html>
