1962 3236
273 178 342 228 44
871 182 1347 230 ΠΛΑΤΩΝΟΣ

275 311 530 384 τήσασιν,
554 310 618 379 ἃς
637 312 704 384 δὴ
727 310 946 376 τελετὰς
964 317 1252 383 καλοῦσιν,
1275 318 1337 368 αἳ
1350 319 1464 369 τῶν
1484 317 1599 371 ἐκεῖ
1611 323 1800 371 κακῶν
1816 314 1959 372 ἀπο-

275 393 513 448 λύουσιν
529 391 697 465 ἡμᾶς,
718 392 790 464 μὴ
817 393 1105 457 θύσαντας
1123 393 1182 449 δὲ
1202 392 1356 449 δεινοὶ
1376 398 1669 467 περιμένει.

416 477 543 528 vm.
586 479 772 529 Ταῦτα
792 472 974 527 πάντα
989 514 1005 544 ,
1026 477 1160 545 ἔφη,
1183 467 1230 529 ὦ
1250 481 1375 545 φίλε
1393 475 1706 549 Σώκρατες,
1731 482 1959 534 τοιαῦτα

278 557 368 612 καὶ
388 561 629 610 τοσαῦτα
644 554 914 625 λεγόμενα
935 553 1130 627 ἀρετῆς
1145 558 1270 628 πέρι
1289 561 1380 612 καὶ
1399 565 1611 630 κακίας,
1634 556 1707 624 ὥς
1727 557 1959 627 ἄνθρω-

279 656 372 691 ποι
395 636 487 690 καὶ
516 635 643 690 θεοὶ
662 635 787 704 περὶ
806 632 946 689 αὐτὰ
967 640 1153 705 ἔχουσι
1170 643 1355 708 τιμῆς,
1386 643 1443 693 τί
1457 638 1693 709 οἰόμεθα
1712 637 1956 696 ἀκουού-

278 733 376 780 σας
394 718 538 770 νέων
556 713 734 785 ψυχὰς
752 726 947 785 ποιεῖν,
969 713 1092 771 ὅσοι
1113 715 1340 787 εὐφυεῖς
1358 720 1450 774 καὶ
1470 721 1651 775 ἱκανοὶ
1673 721 1760 776 ἐπὶ
1778 720 1959 776 πάντα

276 793 342 851 τὰ
363 796 636 866 λεγόμενα
655 794 839 865 ὥσπερ
856 797 1205 867 ἐπιπτόμενοι
1224 804 1661 869 συλλογίσασθαι
1680 803 1734 865 ἐξ
1751 799 1956 873 αὐτῶν,

215 891 246 929 Β
278 877 433 942 ποῖός
452 900 533 942 τις
551 873 623 932 ἂν
643 873 722 933 ὢν
742 878 831 932 καὶ
851 884 929 950 πῇ
943 880 1238 948 πορευθεὶς
1251 877 1352 934 τὸν
1369 884 1495 950 βίον
1512 878 1586 945 ὦς
1601 880 1795 950 ἄριστα
1812 884 1959 938 διέλ-

277 966 401 1024 θοι;
440 963 591 1028 λέγοι
611 956 719 1029 γὰρ
742 955 817 1013 ἂν
836 960 896 1013 ἐκ
920 963 1035 1013 τῶν
1056 959 1288 1015 εἰκότων
1311 957 1451 1030 πρὸς
1469 957 1642 1016 αὑτὸν
1657 959 1795 1017 κατὰ
1816 968 1958 1018 Πίν-

278 1042 452 1108 δαρον
470 1041 648 1094 ἐκεῖνο
675 1037 734 1093 τό

415 1119 653 1190 πότερον
673 1123 800 1193 δίκᾳ
821 1131 994 1191 τεῖχος
1009 1118 1180 1187 ὕψιον

414 1197 451 1270 ἢ
469 1208 714 1266 σκολιαῖς
734 1200 968 1266 ἀπάταις

273 1280 486 1354 ἀναβὰς
520 1285 612 1339 καὶ
641 1283 886 1354 ἐμαυτὸν
921 1282 1070 1339 οὕτω
1106 1284 1445 1355 περιφράξας
1485 1288 1681 1357 διαβιῶ
1692 1309 1705 1350 ;
1751 1284 1818 1341 τὰ
1855 1287 1958 1358 μὲν

270 1361 378 1434 γὰρ
398 1361 668 1434 λεγόμενα
700 1367 891 1437 δικαίῳ
911 1365 1012 1436 μὲν
1028 1363 1149 1421 ὄντι
1170 1387 1280 1436 μοι,
1303 1363 1401 1422 ἐὰν
1421 1364 1493 1437 μὴ
1516 1368 1607 1422 καὶ
1634 1370 1798 1438 δοκῶ,
1820 1365 1958 1439 ὄφε-

270 1451 365 1509 λος
404 1442 572 1499 οὐδέν
615 1461 788 1515 φασιν
833 1445 973 1502 εἶναι
992 1489 1008 1517 ,
1067 1447 1277 1512 πόνους
1321 1451 1380 1503 δὲ
1413 1449 1505 1504 καὶ
1549 1453 1735 1521 ζημίας
1783 1471 1958 1519 φανε-

273 1525 396 1596 ράς·
421 1523 592 1600 ἀδίκῳ
615 1527 674 1583 δὲ
704 1527 875 1594 δόξαν
905 1529 1262 1600 δικαιοσύνης
1288 1534 1833 1604 παρασκευασαμένου
1851 1539 1956 1587 θε-

212 1625 242 1668 c
275 1609 498 1674 σπέσιος
516 1614 636 1681 βίος
658 1611 887 1681 λέγεται.
910 1608 1150 1680 οὐκοῦν,
1190 1609 1374 1683 ἐπειδὴ
1410 1610 1472 1667 τὸ
1506 1616 1719 1682 δοκεῖν,
1763 1610 1835 1678 ὦς
1856 1616 1957 1684 δη-

273 1695 439 1746 λοῦσί
469 1712 566 1762 μοι
596 1695 653 1747 οἰ
679 1697 877 1763 σοφοί,
915 1696 1005 1748 καὶ
1024 1691 1129 1748 τάν
1148 1691 1423 1750 ἀλάθειαν
1443 1700 1626 1766 βιᾶται
1646 1696 1738 1751 καὶ
1757 1695 1956 1767 κύριον

271 1769 653 1844 εὐδαιμονίας,
698 1775 784 1829 ἐπὶ
805 1780 971 1829 τοῦτο
993 1772 1057 1846 δὴ
1079 1779 1342 1847 τρεπτέον
1362 1774 1505 1840 ὅλως
1519 1797 1530 1807 ·
1571 1776 1836 1847 πρόθυρα
1854 1778 1955 1848 μὲν

269 1855 362 1910 καὶ
383 1861 560 1925 σχῆμα
579 1854 768 1928 κύκλῳ
791 1858 915 1927 περὶ
932 1855 1172 1927 ἐμαυτὸν
1187 1863 1564 1928 σκιαγραφίαν
1584 1856 1780 1930 ἀρετῆς
1798 1879 1957 1930 περι-

270 1939 547 2006 γραπτέον
562 1978 575 2004 ,
613 1935 718 2008 τὴν
754 1937 813 1993 δὲ
850 1943 950 1993 τοῦ
988 1938 1317 2008 σοφωτάτου
1344 1937 1658 2011 Ἀρχιλόχου
1696 1938 1954 1997 ἀλώπεκα

271 2017 492 2073 ἑλκτέον
529 2018 826 2083 ἐξόπισθεν
861 2021 1166 2089 κερδαλέαν
1202 2021 1292 2075 καὶ
1330 2025 1598 2090 ποικίλην.
1649 2018 1789 2076 ἀλλά
1825 2022 1953 2093 γάρ,

270 2105 410 2168 φησί
426 2120 532 2168 τις,
573 2097 642 2154 οὐ
663 2098 860 2171 ῥᾴδιον
881 2098 962 2154 ἀεὶ
983 2099 1292 2156 λανθάνειν
1311 2099 1487 2156 κακὸν
1505 2099 1658 2157 ὅντα.
1697 2099 1952 2173 οὐδὲγὰρ

271 2179 405 2236 ἄλλο
427 2177 596 2236 οὐδὲν
615 2178 856 2252 εὐπετές,
879 2182 1159 2253 φήσομεν,
1196 2187 1310 2237 τῶν
1331 2183 1612 2253 μεγάλων·
1639 2182 1763 2241 ἀλλ’
1786 2183 1953 2256 ὅμως,

206 2279 241 2319 D
274 2267 322 2318 εἰ
340 2263 613 2332 μέλλομεν
633 2260 1086 2335 εὐδαιμονήσειν,
1118 2263 1292 2335 ταύτῃ
1312 2267 1483 2336 ἰτέον,
1516 2262 1589 2329 ὡς
1607 2263 1673 2320 τά
1694 2273 1817 2336 ἴχνη
1839 2272 1954 2321 τῶν

269 2343 458 2414 λόγων
487 2344 656 2413 φέρει.
690 2346 776 2400 ἐπὶ
808 2345 915 2415 γάρ
946 2344 1008 2401 τὸ
1042 2347 1348 2401 λανθάνειν
1387 2349 1727 2416 ξυνωμοσίας
1764 2369 1822 2402 τε
1862 2349 1954 2403 καὶ

270 2427 533 2493 ἑταιρείας
562 2425 903 2496 συνάξομεν,
944 2431 1054 2482 εἰσί
1071 2449 1128 2482 τε
1150 2432 1383 2491 πειθοῦς
1404 2427 1727 2482 διδάσκαλοι
1747 2432 1953 2497 σοφίαν

271 2507 651 2578 δημηγορικήν
667 2528 727 2562 τε
745 2509 836 2564 καὶ
856 2505 1147 2579 δικανικὴν
1169 2508 1430 2578 διδόντες,
1452 2511 1506 2574 ἐξ
1527 2501 1609 2563 ὦν
1626 2506 1692 2564 τά
1712 2510 1814 2580 μὲν
1834 2512 1953 2563 πεί-

269 2604 456 2658 σομεν,
489 2586 554 2643 τὰ
578 2588 637 2645 δὲ
656 2590 995 2661 βιασόμεθα,
1029 2588 1101 2655 (ὃς
1119 2596 1577 2655 πλεονεκτοῦντες
1596 2594 1756 2661 δίκην
1774 2587 1847 2660 μὴ
1869 2592 1953 2642 δι-

270 2670 446 2724 δόναι.
489 2668 628 2726 ἀλλά
659 2668 726 2742 δὴ
757 2669 931 2736 θεοὺς
963 2670 1093 2726 οὔτε
1134 2670 1444 2726 λανθάνειν
1484 2669 1611 2725 οὔτε
1645 2670 1951 2741 βιάσασθαι

271 2751 530 2808 δυνατόν.
554 2753 795 2826 οὔκουν,
828 2759 879 2810 εἰ
894 2755 997 2826 μὲν
1014 2753 1086 2826 μη
1110 2756 1248 2810 εἰσὶν
1269 2750 1304 2825 ἦ
1322 2754 1496 2825 μηδὲν
1514 2750 1701 2816 αὐτοῖς
1720 2759 1832 2807 τῶν
1850 2751 1951 2807 ἀν-

207 2848 241 2889 Ε
271 2840 578 2903 θρωπίνων
595 2837 763 2905 μέλει,
788 2839 879 2891 καὶ
898 2834 1029 2907 ἡμῖν
1048 2838 1314 2906 μελητέον
1332 2841 1434 2889 τοῦ
1451 2832 1783 2889 λανθάνειν·
1825 2837 1874 2888 εἰ
1892 2833 1950 2889 δὲ
