1962 3236
214 142 315 193 180
660 107 663 109 ’
881 144 1353 191 ΠΛΑΤΩΝοΣ

213 297 312 345 τοι,
334 277 422 330 καὶ
448 279 672 329 ε”σεσθαι
692 280 975 338 τοιοῦτον;
1006 274 1210 343 Πολλή,
1237 268 1273 343 ἦ
1300 273 1351 328 δ’
1384 274 1462 343 ὅς,
1497 271 1538 330 ὦ
1573 277 1883 348 Σώκρατες,

212 354 441 427 ἀνάγκη.

351 442 453 492 Vll.
489 439 596 491 Καὶ
614 436 741 507 μήν,
774 430 846 505 ἦν
878 434 928 490 δ’
963 436 1086 505 ἐγώ,
1111 434 1266 489 οὔπω
1296 434 1400 506 τὴν
1425 431 1887 508 μεγίστηνῆἱνάγ-

210 541 317 590 κην
336 520 645 589 εἰρήκαμεν.
669 522 875 581 Ποίαν;
901 522 1022 588 ἔφη.
1048 514 1154 570 “Ην
1175 522 1316 586 ε”ργω
1338 521 1715 588 προστιθέασι,
1736 519 1881 590 λόγῳ

209 599 282 670 μὴ
304 605 608 668 πείθοντες,
637 591 792 653 οὗτοι
817 601 871 652 οἰ
888 601 1181 654 παιδευταί
1207 619 1264 652 τε
1295 600 1384 653 καὶ
1407 606 1675 669 σοφισταί.
1715 596 1750 671 ἢ
1783 599 1885 655 οὐκ

211 680 395 749 οἶσθα,
419 679 504 735 ὅτι
527 679 587 735 τὸ
609 678 682 751 μὴ
705 679 1043 750 πειθόμενον
1062 678 1299 750 ἀτιμίαις
1323 703 1379 736 τε
1411 683 1502 737 καὶ
1530 683 1768 752 χρήμασι
1797 685 1886 738 καὶ

209 760 477 825 θανάτοις
493 761 849 827 κολάζουσιν;
890 763 996 815 Καὶ
1019 762 1181 831 μάλα,
1205 766 1327 832 ἔφη,
1350 764 1585 833 σφόδρα.
1625 769 1760 818 Τίνα
1781 758 1886 819 οὖν

210 839 379 897 άλλον
399 839 671 912 σοφιστὴν
691 849 792 897 οἰέι
809 838 846 911 ἠ
869 847 1060 905 ποιόυς
1090 842 1399 906 ἰδιωτικοὺς
1432 843 1634 912 λόγους
1663 846 1883 900 ἐναντία

148 952 182 992 Ε
215 923 431 987 τούτοις
455 928 736 987 τείνοντας
756 922 1079 992 κρατήσειν·
1067 964 1079 987 ,
1121 922 1284 992 Οἶμαι
1304 946 1406 993 μεν
1429 923 1697 994 ούδένα,’
1668 920 1702 995 ἦ
1727 925 1778 979 δ’
1806 924 1880 989 ὅς.

212 1001 298 1059 Οὐ
316 1003 442 1073 γάρ,
467 1005 539 1073 ἠν
561 1002 612 1056 δ’
650 1003 773 1071 ἐγώ,
802 1001 940 1057 άλλα
972 1005 1062 1057 καὶ
1091 1001 1151 1057 τὸ
1184 1006 1471 1072 ἐπιχειρεῖν
1501 1004 1673 1075 πολλὴ
1706 1004 1882 1060 άνοια.

210 1082 337 1139 οὔτε
380 1105 486 1154 γαρ
506 1090 748 1152 γίγνεται
792 1082 918 1138 οὔτε
956 1085 1186 1154 γέγονεν
1226 1081 1356 1139 οὐδε
1403 1087 1506 1139 οὐν
1543 1085 1614 1156 μὴ
1666 1089 1885 1157 γένηται

209 1165 382 1220 *ἄλλο
408 1162 481 1235 ἦ*
519 1163 743 1220 άλλοῖον
779 1160 919 1235 ἦθος
954 1164 1091 1234 πρὸς
1131 1163 1331 1236 άρετὴν
1362 1163 1510 1235 παρὰ
1536 1165 1636 1236 τὴν
1669 1167 1886 1223 τούτων

210 1251 461 1301 παιδείαν
499 1249 955 1317 πεπαιδευμένον,
994 1245 1367 1317 ἀνθρώπειον,
1413 1243 1456 1302 ὦ
1493 1250 1691 1318 ἑταῖρε·
1723 1259 1884 1305 θεῖον

212 1331 398 1398 μέντοι
419 1326 555 1382 κατὰ
573 1325 675 1398 τὴν
693 1335 993 1398 παροιμίαν
1007 1332 1303 1432 ἐξαιρῶμεν
1333 1330 1517 1400 λόγου.
1559 1326 1622 1386 εὖ
1647 1331 1754 1401 γὰρ
1779 1331 1880 1403 χρὴ

210 1405 471 1478 εἰδέναι,
450 1406 482 1461 o‘
501 1416 553 1462 τί
570 1427 670 1479 περ
690 1405 762 1462 οἰν
790 1415 950 1480 σωθῇ
971 1431 1029 1464 τε
1054 1412 1141 1464 καὶ
1170 1412 1390 1481 γένηται
1421 1407 1540 1466 οἷον
1570 1416 1655 1467 δεῖ
1678 1415 1740 1468 ἐν
1767 1435 1885 1468 τοι-

95 1507 177 1553 493
212 1490 351 1561 αύτῃ
370 1488 695 1544 καταστάσει
715 1496 1021 1560 πολιτειῶν,
1044 1497 1184 1546 θεοῦ
1210 1504 1410 1561 μοῖραν
1439 1489 1572 1549 αὐτὸ
1595 1499 1769 1549 σῶσαι
1792 1496 1884 1550 λε’-

207 1594 325 1643 γων
351 1569 418 1625 οὐ
439 1577 620 1634 κακῶς
652 1574 804 1642 ἐρεῖς.
846 1570 986 1627 Οὐδ’
1019 1575 1137 1642 ἐμοὶ
1172 1572 1364 1644 άλλως,
1400 1579 1524 1646 ἔφη,
1559 1579 1720 1631 δοκεῖ.
1769 1575 1885 1631 ”Eu

207 1660 400 1708 τοίνυν
421 1668 525 1721 σοι,
544 1653 613 1720 ἠν
635 1649 685 1705 δ’
716 1651 840 1721 ἐγώ,
861 1651 997 1720 πρὸς
1015 1654 1230 1719 τούτοις
1248 1658 1338 1709 καὶ
1366 1655 1492 1711 τόδε
1522 1656 1743 1722 δοξάτω
1806 1654 1878 1714 Τὸ

207 1745 395 1798 ποῖον;
438 1730 700 1806 Ἐκαστος
734 1740 846 1788 τῶν
882 1737 1352 1806 μισθαρνούντων
1387 1742 1638 1807 ἰδιωτῶν,
1680 1739 1777 1803 οὓς
1815 1739 1880 1810 δὴ

166 1877 169 1880 ,
212 1808 367 1870 οὗτοι
405 1812 671 1883 σοφιστάς
707 1821 939 1871 καλοῦσι
975 1820 1064 1872 καὶ
1101 1816 1448 1888 ἀντιτέχνους
1484 1818 1767 1891 ἡγοῦνται,
1807 1819 1879 1891 μὴ

212 1894 362 1954 άλλα
373 1893 702 1951 παιδεύειν
677 1919 710 1966 η
730 1904 903 1952 ταῦτα
923 1919 989 1952 τα
1009 1905 1122 1953 τῶν
1141 1906 1363 1954 πολλῶν
1384 1899 1688 1971 δόγματα,
1665 1924 1698 1955 α
1720 1905 1882 1966 δοξά-

212 1981 401 2040 ζουσιν
421 1975 555 2030 ὅταν
576 1975 945 2048 άθροισθῶσι,
980 1981 1068 2034 καὶ
1091 1985 1296 2049 σοφίαν
1322 1981 1530 2050 ταύτην
1560 1989 1763 2050 καλεῖν,
1798 1978 1880 2035 οἶ-

211 2057 382 2126 όνπερ
404 2054 476 2112 ὀίν
495 2063 544 2124 εί
560 2060 873 2129 θρέμματος
892 2060 1135 2129 μεγάλου
1164 2061 1253 2114 καὶ
1284 2065 1515 2128 ἰσχυροῦ
1534 2065 1879 2130 τρεφομένου

153 2161 184 2200 B
209 2135 302 2200 τὰς
321 2135 490 2205 ὀργάς
513 2160 594 2202 τις
616 2142 704 2193 καὶ
724 2141 1019 2209 ἐπιθυμίας
1040 2139 1518 2210 κατεμάνθανεν,
1499 2140 1607 2212 όπῃ
1626 2162 1683 2195 τε
1713 2162 1881 2213 προς-

210 2224 396 2272 ελθεῐν
426 2217 526 2289 χρὴ
560 2222 650 2273 καὶ
681 2218 790 2292 ὅπῃ
815 2218 1067 2286 άψασθαι
1099 2219 1290 2291 αὐτοῦ,
1317 2222 1405 2276 καὶ
1435 2219 1598 2276 ὁπότε
1629 2224 1879 2291 χαλεπῶ-

206 2320 373 2354 τατον
391 2295 426 2369 ἢ
455 2300 766 2368 πραότατον
790 2303 880 2356 καὶ
900 2304 958 2356 ἐκ
980 2308 1147 2356 τίνων
1175 2308 1436 2371 γίγνεται,
1470 2304 1559 2358 καὶ
1591 2302 1781 2372 φωνάς
1809 2302 1875 2374 δὴ

207 2377 297 2450 ἐφ’
340 2375 419 2443 οἷς
455 2380 683 2446 ἑκάστας
722 2390 887 2437 εἴωθε
925 2387 1291 2453 φθέγγεσθαι,
1323 2385 1412 2439 καὶ
1455 2388 1570 2448 οἵας
1598 2407 1668 2439 av
1705 2385 1879 2442 ἄλλον

209 2466 600 2533 φθεγγομένου
625 2462 927 2535 ἡμεροῦταί
950 2488 1008 2520 τε
1036 2469 1126 2522 καὶ
1148 2465 1437 2536 ἀγριαίνει,
1458 2467 1798 2537 καταμαθών
1818 2471 1877 2525 δὲ

207 2549 378 2598 ταῦτα
397 2543 577 2598 πάντα
597 2550 863 2620 ξυνουσία
883 2569 940 2602 τε
961 2551 1050 2603 καὶ
1069 2549 1275 2617 χρόνου
1293 2554 1456 2619 τριβῇ
1475 2554 1679 2618 σοφίαν
1698 2572 1753 2604 τε
1774 2573 1877 2605 κα-

208 2628 413 2680 λέσειεν
432 2629 522 2682 καὶ
543 2623 614 2691 ὡς
633 2629 827 2698 τέχνην
847 2631 1258 2700 συστησάμενος
1277 2632 1361 2684 ἐπὶ
1381 2633 1875 2697 διδασκαλίαντρέ-

207 2725 380 2775 ποιτο,
400 2710 573 2778 μηδὲν
593 2707 750 2773 εἰδώς
770 2716 836 2780 τῇ
864 2709 1097 2783 ἀληθείᾳ
1123 2711 1337 2766 τούτων
1366 2718 1476 2765 τῶν
1506 2711 1793 2780 δογμάτων
1816 2733 1874 2766 τε

152 2849 154 2852 y
208 2787 297 2838 καὶ
318 2787 650 2858 ἐπιθυμιῶν,
672 2788 704 2844 ὅ
724 2812 774 2844 τι
793 2790 968 2846 καλὸν
986 2788 1022 2862 ἦ
1042 2791 1269 2862 αἰσχρὸν
1288 2788 1322 2861 ἢ
1342 2790 1563 2860 άγαθὸν
1584 2789 1620 2861 ἢ
1644 2791 1819 2847 κακὸν
1840 2790 1874 2862 ἢ

1959 213 1962 217 ,
1958 198 1962 205 Δ
1944 107 1962 185 wem-1:535·
1929 0 1962 103 &¹355ss
