1962 3236
4 125 24 130 ·’
54 185 113 231 59
725 168 1108 220 ΤΙΜΑΙΟΣ.
1633 163 1734 219 377

57 311 243 375 πάθος
261 314 650 377 προσείπομεν,
669 302 731 360 τό
751 304 812 359 δὲ
830 308 995 358 τοῦτο
1013 298 1460 372 ἀπεργαζόμενον
1481 301 1738 370 λαμπρόν

58 415 116 449 τε
136 394 227 447 καὶ
255 396 477 461 στίλβον
506 386 956 456 ἐπωνομάσαμεν.
1007 381 1067 439 τὸ
1100 383 1160 439 δὲ
1190 382 1406 438 τούτων
1433 403 1506 437 αυ
1536 382 1739 452 μεταξύ

62 472 238 542 πυρὸς
254 474 442 542 γένος,
473 467 611 538 πρὸς
626 468 728 538 μὲν
751 463 812 520 τό
838 470 951 519 τῶν
971 463 1234 535 ὀμμάτων
1253 462 1431 534 ὑγρὸν
1461 462 1740 534 ἅφικνού-
1764 474 1799 514 Β

59 577 233 628 μενον
251 557 340 610 καὶ
361 552 778 623 κεραννύμενον
799 546 969 619 αύτῷ,
1010 554 1233 619 στίλβον
1262 548 1321 604 δὲ
1347 546 1434 615 οὔ,
1472 554 1538 620 τῇ
1569 545 1628 602 δε
1648 543 1738 601 διὰ

59 642 158 708 τῆς
175 640 392 700 νοτίδος
418 633 565 704 αύγῇ
591 636 694 686 τοῦ
728 627 906 698 πυρὸς
943 632 1254 699 μιγνυμένη
1281 650 1474 699 χρωμα
1514 632 1742 698 ἔναιμον

60 718 474 787 παρασχομένη,
522 713 769 782 τοῦνομα
815 708 1063 781 ἐρυθρὸν
1100 713 1345 779 λέγομεν.
1392 707 1648 779 λαμπρόν
1684 727 1743 762 τε

65 802 294 871 ἐρυθρῷ
312 802 492 869 λευκῷ
512 817 568 850 τε
588 793 931 864 μιγνύμενον
952 788 1166 856 ξανθὸν
1185 792 1404 860 γέγονε
1435 787 1496 845 τὸ
1520 789 1578 845 δε
1607 788 1744 844 ὅσον

61 883 264 951 μέτρον
295 879 472 946 ὅσοις,
515 874 636 931 οὐδ’
663 882 716 930 εἴ
740 895 821 937 τις
849 875 1014 942 εἰδείη
1046 878 1188 927 νοῦν
1207 877 1312 941 ἔχει
1340 869 1400 926 τὸ
1423 872 1620 940 λέγειν,
1661 892 1744 925 ων
1799 882 1810 891 ’

62 962 197 1031 μήτε
216 959 336 1015 τινὰ
366 958 619 1028 ἀνάγκην
648 955 782 1026 μήτε
818 951 919 1008 τὸν
954 953 1139 1008 εἰκότα
1177 952 1349 1022 λόγον
1386 953 1478 1007 καὶ
1514 955 1746 1022 μετρίως

64 1043 140 1098 ἄν
158 1065 238 1107 τις
266 1048 438 1098 εἰπεῖν
468 1050 551 1111 εἴη
577 1037 827 1101 δυνατός.
862 1034 1111 1104 ἐρυθρὸν
1146 1034 1207 1090 δε
1247 1033 1314 1104 δὴ
1351 1037 1546 1105 μέλανι
1564 1038 1746 1107 λευκω

68 1144 127 1178 τε
145 1122 357 1191 κραθὲν
382 1120 683 1190 ἁλουργόν·
723 1116 998 1186 ὄρφνινον
1020 1117 1108 1182 δέ,
1147 1136 1283 1170 οταν
1310 1112 1525 1178 τούτοις
1550 1135 1747 1185 μεμνγ-
1777 1136 1813 1178 0

65 1207 252 1276 μένοις
280 1207 542 1258 καυθεῑσί
558 1221 615 1254 τε
648 1205 860 1269 μᾶλλον
889 1204 1186 1266 συγκραθῇ
1214 1201 1400 1265 με’λαν.
1438 1195 1659 1264 πυρρὸν
1687 1195 1747 1251 δὲ

65 1289 281 1352 ξανθοῦ
305 1306 363 1339 τε
396 1285 484 1337 καὶ
509 1285 684 1351 φαιοῦ
714 1280 906 1347 κράσει
934 1283 1205 1348 γίγνεται,
1244 1275 1415 1347 φαιὸν
1451 1277 1509 1332 δὲ
1541 1283 1749 1332 λευκοῦ

64 1387 124 1421 τε
151 1366 242 1420 καὶ
271 1368 530 1436 μέλανος,
566 1362 627 1417 τὸ
660 1363 719 1415 δε
748 1356 928 1429 ωχρόν
946 1365 1152 1413 λευκοῦ
1172 1362 1364 1430 ξανθῷ
1382 1362 1743 1427 μιγνυμένου.

67 1453 297 1519 λαμπρῷ
318 1446 375 1501 δὲ
395 1442 598 1501 λευκὸν
617 1440 894 1508 ξυνελθὸν
913 1441 1003 1496 καὶ
1024 1444 1100 1504 εἰς
1125 1442 1298 1509 μέλαν
1325 1440 1626 1506 κατακορὲς
1655 1442 1753 1510 ἐμ-

71 1527 246 1583 πεσὸν
265 1532 514 1582 κυανοῦν
536 1531 727 1596 χρῶμα
747 1522 1083 1579 ἀποτελεῖται
1097 1564 1112 1591 ,
1134 1527 1350 1577 κυανοῦ
1374 1519 1434 1575 δὲ
1452 1527 1632 1595 λευκῷ
1657 1543 1751 1577 κε-

70 1610 426 1679 ραννυμένου
454 1608 719 1678 γλαυκόν,
750 1612 970 1674 πυρροῦ
1000 1604 1058 1660 δὲ
1090 1606 1283 1675 μέλανι
1312 1602 1565 1670 πράσιον.
1603 1600 1669 1657 τὰ
1690 1604 1750 1658 δὲ

69 1690 206 1745 ἄλλα
225 1689 333 1744 α’πὸ
355 1690 569 1745 τούτων
588 1685 787 1758 σχεδὸν
807 1691 971 1756 δῆλα,
1003 1681 1088 1750 αἷς
1114 1681 1187 1740 ἄν
1207 1682 1628 1755 α’φομοιούμενα
1657 1688 1749 1754 μί-
1771 1695 1807 1737 D

70 1777 183 1837 ξεσι
204 1771 457 1838 διασώζοι
486 1770 587 1827 τὸν
606 1770 788 1826 εἰκότα
818 1775 1023 1840 μῦθον.
1081 1772 1132 1823 εί
1169 1771 1231 1822 δέ
1255 1788 1334 1830 τις
1363 1765 1578 1822 τούτων
1605 1771 1748 1840 ἔργω

70 1853 451 1923 σκοπούμενος
469 1853 717 1925 βάσανον
738 1850 1028 1922 λαμβάνοι,
1062 1847 1123 1904 τὸ
1146 1854 1241 1919 τῆς
1268 1846 1628 1918 ἀνθρωπίνης
1655 1850 1748 1904 καὶ

68 1941 227 1999 θείας
246 1936 469 2004 φύσεως
486 1933 772 2005 ἠγνοηκώς
790 1929 861 1987 ἂν
880 1941 962 2003 εἴη
981 1931 1271 1999 διάφορον.
1302 1928 1387 1984 ὅτι
1410 1929 1545 1994 θεὸς
1563 1930 1667 2000 μὲν
1683 1930 1750 1985 τὰ

69 2013 246 2071 πολλὰ
266 2019 340 2079 είς
361 2019 423 2070 ἓν
446 2014 888 2084 ξυγκεραννύναι
917 2016 1006 2069 καὶ
1038 2013 1207 2067 πάλιν
1235 2014 1289 2077 ἐξ
1317 2009 1441 2076 ἑνὸς
1469 2015 1545 2076 είς
1575 2009 1751 2067 πολλὰ

70 2097 316 2152 διαλύειν
341 2098 544 2160 ἱκανῶς
572 2096 931 2165 ἐπιστάμενος
960 2093 1073 2165 ἅμα
1102 2094 1191 2149 καὶ
1220 2092 1484 2162 δυνατός,
1522 2090 1754 2161 ἀνθρω-

70 2197 194 2231 πων
229 2177 287 2233 δὲ
323 2175 504 2242 οὐδεὶς
539 2176 801 2244 οὐδέτερα
847 2176 1065 2231 τούτων
1102 2175 1292 2239 ίκανός
1327 2173 1455 2229 οὔτε
1493 2179 1607 2230 ἔστι
1645 2177 1754 2228 νῦν

71 2255 195 2311 οὔτ’
234 2262 483 2322 εἰσαῦθίς
517 2256 642 2313 ποτ’
673 2264 836 2313 ἔσται.
887 2265 1060 2312 ταῦτα
1098 2255 1164 2328 δή
1202 2256 1382 2311 πάντα
1420 2256 1544 2311 τότε
1581 2257 1754 2327 ταύτῃ
1786 2273 1821 2314 R

72 2341 361 2408 πεφυκότα
382 2344 435 2405 ἐξ
458 2340 703 2412 ἀνάγκης
722 2339 750 2396 ὁ
772 2346 872 2395 τοῦ
892 2346 1188 2396 καλλίστου
1206 2361 1264 2395 τε
1290 2341 1380 2395 καὶ
1402 2338 1634 2410 ἀρίστου
1654 2344 1751 2411 δη-

72 2418 339 2490 μιουργὸς
368 2423 431 2476 ἐν
458 2433 570 2486 τοῖς
598 2422 944 2491 γιγνομένοις
981 2421 1426 2491 παρελάμβανεν,
1456 2418 1618 2491 ἡνίκα
1655 2418 1754 2476 τὸν

74 2501 322 2572 αὐτάρκη
351 2523 407 2556 τε
438 2505 525 2556 καὶ
559 2501 661 2556 τὸν
687 2502 1022 2556 τελειότατον
1050 2500 1191 2556 θεὸν
1221 2503 1433 2571 ἐγέννα,
1475 2500 1757 2571 χρώμενος

74 2586 174 2652 μὲν
195 2594 308 2646 ταῖς
327 2584 448 2651 περὶ
468 2588 639 2637 ταῦτα
654 2587 846 2645 αἰτίαις
863 2580 1279 2652 ὑπηρετούσαις.
1301 2580 1361 2636 τὸ
1382 2580 1439 2636 δὲ
1460 2575 1523 2635 εὖ
1542 2602 1757 2636 τεκται-

73 2665 307 2732 νόμενος
326 2667 385 2718 ἐν
406 2670 537 2719 πᾶσι
565 2676 677 2727 τοῖς
707 2665 1050 2733 γιγνομένοις
1079 2661 1258 2727 αὐτός.
1311 2660 1396 2717 διὸ
1428 2661 1493 2733 δὴ
1530 2661 1630 2733 χρὴ
1662 2659 1751 2717 δύ’

73 2751 246 2809 αἰτίας
266 2750 383 2815 εῐδη
422 2750 782 2813 διορίζεσθαι,
822 2745 882 2800 τό
903 2746 1003 2814 μὲν
1032 2742 1353 2813 ἀναγκαῖον.
1402 2742 1464 2798 τὸ
1495 2746 1553 2799 δὲ
1578 2752 1755 2814 θεῖον,

72 2828 162 2882 καὶ
183 2826 243 2881 τὰ
264 2830 364 2897 μὲν
381 2836 541 2882 θεῖον
557 2830 616 2881 ἐν
646 2825 814 2881 ἅπασι
836 2831 1011 2896 ζητεῖν
1042 2826 1280 2896 κτήσεως
1304 2826 1464 2880 ἕνεκα
1496 2822 1753 2896 εὐδαίμο-
