<?xml version="1.0" encoding="UTF-8"?>
<!DOCTYPE html PUBLIC "-//W3C//DTD XHTML 1.0 Transitional//EN"
    "http://www.w3.org/TR/xhtml1/DTD/xhtml1-transitional.dtd">
<html xmlns="http://www.w3.org/1999/xhtml" xml:lang="en" lang="en">
 <head>
  <title>
</title>
<meta http-equiv="Content-Type" content="text/html;charset=utf-8" />
  <meta name='ocr-system' content='tesseract 3.04.00' />
  <meta name='ocr-capabilities' content='ocr_page ocr_carea ocr_par ocr_line ocrx_word'/>
</head>
<body>
  <div class='ocr_page' id='page_1' title='image "./dialogisecumdumt04platuoft_0198.png"; bbox 0 0 1962 3236; ppageno 0'>
   <div class='ocr_carea' id='block_1_1' title="bbox 267 159 1355 212">
    <p class='ocr_par' dir='ltr' id='par_1_1' title="bbox 267 159 1355 212">
     <span class='ocr_line' id='line_1_1' title="bbox 267 159 1355 212; baseline 0.002 -2"><span class='ocrx_word' id='word_1_1' title='bbox 267 159 369 210; x_wconf 77' lang='lat'><em>162</em></span> <span class='ocrx_word' id='word_1_2' title='bbox 880 164 1355 212; x_wconf 74' lang='grc' dir='ltr'><em>ΠΛΑΤΩΝΟΣ</em></span> 
     </span>
    </p>
   </div>
   <div class='ocr_carea' id='block_1_2' title="bbox 159 291 1951 2889">
    <p class='ocr_par' dir='ltr' id='par_1_2' title="bbox 159 291 1951 2889">
     <span class='ocr_line' id='line_1_2' title="bbox 268 291 1931 365; baseline 0.002 -15"><span class='ocrx_word' id='word_1_3' title='bbox 268 299 444 364; x_wconf 75' lang='grc' dir='ltr'><em>ζητεῖν</em></span> <span class='ocrx_word' id='word_1_4' title='bbox 463 315 521 348; x_wconf 91' lang='grc' dir='ltr'><em>τε</em></span> <span class='ocrx_word' id='word_1_5' title='bbox 541 295 632 350; x_wconf 84' lang='grc' dir='ltr'><em>καὶ</em></span> <span class='ocrx_word' id='word_1_6' title='bbox 650 291 1067 365; x_wconf 80' lang='grc' dir='ltr'><em>άποδεικνύναι,</em></span> <span class='ocrx_word' id='word_1_7' title='bbox 1090 301 1145 349; x_wconf 90' lang='grc' dir='ltr'><em>τί</em></span> <span class='ocrx_word' id='word_1_8' title='bbox 1159 315 1289 349; x_wconf 92' lang='grc' dir='ltr'><em>ποτε</em></span> <span class='ocrx_word' id='word_1_9' title='bbox 1311 302 1419 351; x_wconf 91' lang='grc' dir='ltr'><em>νῦν</em></span> <span class='ocrx_word' id='word_1_10' title='bbox 1431 304 1614 362; x_wconf 75' lang='grc' dir='ltr'><em>κακῶς</em></span> <span class='ocrx_word' id='word_1_11' title='bbox 1634 301 1693 353; x_wconf 87' lang='grc' dir='ltr'><em>ἐν</em></span> <span class='ocrx_word' id='word_1_12' title='bbox 1706 310 1821 363; x_wconf 90' lang='grc' dir='ltr'><em>ταῖς</em></span> <span class='ocrx_word' id='word_1_13' title='bbox 1841 300 1931 354; x_wconf 90' lang='grc' dir='ltr'><em>πό-</em></span> 
     </span>
     <span class='ocr_line' id='line_1_3' title="bbox 270 372 1948 448; baseline 0.002 -18"><span class='ocrx_word' id='word_1_14' title='bbox 270 381 387 430; x_wconf 87' lang='grc' dir='ltr'><em>λεσι</em></span> <span class='ocrx_word' id='word_1_15' title='bbox 411 375 723 444; x_wconf 86' lang='grc' dir='ltr'><em>πράττεται,</em></span> <span class='ocrx_word' id='word_1_16' title='bbox 747 373 822 429; x_wconf 83' lang='grc' dir='ltr'><em>δι’</em></span> <span class='ocrx_word' id='word_1_17' title='bbox 857 373 889 430; x_wconf 81' lang='grc' dir='ltr'>ὃ</span> <span class='ocrx_word' id='word_1_18' title='bbox 925 372 1025 445; x_wconf 83' lang='grc' dir='ltr'><em>οὐχ</em></span> <span class='ocrx_word' id='word_1_19' title='bbox 1050 374 1226 440; x_wconf 83' lang='grc' dir='ltr'><em>οὕτως</em></span> <span class='ocrx_word' id='word_1_20' title='bbox 1246 381 1547 448; x_wconf 77' lang='grc' dir='ltr'><em>οἰκοῦνται,</em></span> <span class='ocrx_word' id='word_1_21' title='bbox 1579 380 1669 434; x_wconf 86' lang='grc' dir='ltr'><em>καὶ</em></span> <span class='ocrx_word' id='word_1_22' title='bbox 1700 384 1846 443; x_wconf 90' lang='grc' dir='ltr'><em>τίνος</em></span> <span class='ocrx_word' id='word_1_23' title='bbox 1876 376 1948 434; x_wconf 74' lang='grc' dir='ltr'><em>ἂν</em></span> 
     </span>
     <span class='ocr_line' id='line_1_4' title="bbox 268 456 1948 530; baseline 0.003 -19"><span class='ocrx_word' id='word_1_24' title='bbox 268 457 636 528; x_wconf 80' lang='grc' dir='ltr'><em>σμικροτάτου</em></span> <span class='ocrx_word' id='word_1_25' title='bbox 666 456 1068 527; x_wconf 80' lang='grc' dir='ltr'><em>μεταβαλόντος</em></span> <span class='ocrx_word' id='word_1_26' title='bbox 1097 462 1255 513; x_wconf 83' lang='grc' dir='ltr'><em>ἔλθοι</em></span> <span class='ocrx_word' id='word_1_27' title='bbox 1285 463 1360 524; x_wconf 80' lang='grc' dir='ltr'><em>εἰς</em></span> <span class='ocrx_word' id='word_1_28' title='bbox 1386 466 1587 515; x_wconf 91' lang='grc' dir='ltr'><em>τοῦτον</em></span> <span class='ocrx_word' id='word_1_29' title='bbox 1619 457 1720 515; x_wconf 80' lang='grc' dir='ltr'><em>τὸν</em></span> <span class='ocrx_word' id='word_1_30' title='bbox 1739 460 1948 530; x_wconf 78' lang='grc' dir='ltr'><em>τρόπον</em></span> 
     </span>
     <span class='ocr_line' id='line_1_5' title="bbox 266 537 1951 612; baseline 0.002 -19"><span class='ocrx_word' id='word_1_31' title='bbox 266 545 361 609; x_wconf 86' lang='grc' dir='ltr'><em>τῆς</em></span> <span class='ocrx_word' id='word_1_32' title='bbox 380 542 655 602; x_wconf 82' lang='grc' dir='ltr'><em>πολιτείας</em></span> <span class='ocrx_word' id='word_1_33' title='bbox 673 539 846 609; x_wconf 81' lang='grc' dir='ltr'><em>πόλις,</em></span> <span class='ocrx_word' id='word_1_34' title='bbox 868 537 1101 609; x_wconf 89' lang='grc' dir='ltr'><em>μάλιστα</em></span> <span class='ocrx_word' id='word_1_35' title='bbox 1120 541 1221 608; x_wconf 80' lang='grc' dir='ltr'><em>μὲν</em></span> <span class='ocrx_word' id='word_1_36' title='bbox 1241 539 1381 610; x_wconf 80' lang='grc' dir='ltr'><em>ἑνός,</em></span> <span class='ocrx_word' id='word_1_37' title='bbox 1405 545 1455 596; x_wconf 85' lang='grc' dir='ltr'><em>εἰ</em></span> <span class='ocrx_word' id='word_1_38' title='bbox 1481 542 1540 597; x_wconf 75' lang='grc' dir='ltr'><em>δὲ</em></span> <span class='ocrx_word' id='word_1_39' title='bbox 1569 541 1664 612; x_wconf 85' lang='grc' dir='ltr'><em>μή,</em></span> <span class='ocrx_word' id='word_1_40' title='bbox 1693 545 1868 612; x_wconf 89' lang='grc' dir='ltr'><em>δυοῖν,</em></span> <span class='ocrx_word' id='word_1_41' title='bbox 1903 545 1951 597; x_wconf 80' lang='grc' dir='ltr'><em>εἰ</em></span> 
     </span>
     <span class='ocr_line' id='line_1_6' title="bbox 271 616 1949 725; baseline 0.001 -51"><span class='ocrx_word' id='word_1_42' title='bbox 271 621 330 674; x_wconf 76' lang='grc' dir='ltr'><em>δὲ</em></span> <span class='ocrx_word' id='word_1_43' title='bbox 349 619 442 689; x_wconf 86' lang='grc' dir='ltr'><em>μή,</em></span> <span class='ocrx_word' id='word_1_44' title='bbox 467 616 499 674; x_wconf 79' lang='grc' dir='ltr'><em>δ’</em></span> <span class='ocrx_word' id='word_1_45' title='bbox 518 641 569 673; x_wconf 93' lang='grc' dir='ltr'><em>τι</em></span> <span class='ocrx_word' id='word_1_46' title='bbox 590 616 885 689; x_wconf 74' lang='grc' dir='ltr'><em>ὀλιγίστων</em></span> <span class='ocrx_word' id='word_1_47' title='bbox 914 618 1016 674; x_wconf 84' lang='grc' dir='ltr'><em>τὸν</em></span> <span class='ocrx_word' id='word_1_48' title='bbox 1042 618 1291 725; x_wconf 79' lang='grc' dir='ltr'><em>ἀριθμὸν</em></span> <span class='ocrx_word' id='word_1_49' title='bbox 1319 623 1409 677; x_wconf 84' lang='grc' dir='ltr'><em>καὶ</em></span> <span class='ocrx_word' id='word_1_50' title='bbox 1439 621 1818 694; x_wconf 81' lang='grc' dir='ltr'><em>σμικροτάτων</em></span> <span class='ocrx_word' id='word_1_51' title='bbox 1847 621 1949 692; x_wconf 86' lang='grc' dir='ltr'><em>τὴν</em></span> 
     </span>
     <span class='ocr_line' id='line_1_7' title="bbox 209 699 1948 775; baseline 0.002 -19"><span class='ocrx_word' id='word_1_52' title='bbox 209 706 238 747; x_wconf 87' lang='lat' dir='ltr'>C</span> <span class='ocrx_word' id='word_1_53' title='bbox 274 702 530 772; x_wconf 91' lang='grc' dir='ltr'><em>δύναμιν.</em></span> <span class='ocrx_word' id='word_1_54' title='bbox 571 702 901 758; x_wconf 89' lang='grc' dir='ltr'><em>Παντάπασι</em></span> <span class='ocrx_word' id='word_1_55' title='bbox 921 725 1022 774; x_wconf 90' lang='grc' dir='ltr'><em>μεν</em></span> <span class='ocrx_word' id='word_1_56' title='bbox 1042 706 1164 774; x_wconf 82' lang='grc' dir='ltr'><em>οῦν,</em></span> <span class='ocrx_word' id='word_1_57' title='bbox 1196 708 1316 775; x_wconf 82' lang='grc' dir='ltr'><em>ἔφη.</em></span> <span class='ocrx_word' id='word_1_58' title='bbox 1350 702 1505 769; x_wconf 87' lang='grc' dir='ltr'><em>Ἑνὸς</em></span> <span class='ocrx_word' id='word_1_59' title='bbox 1523 727 1626 775; x_wconf 85' lang='grc' dir='ltr'><em>μεν</em></span> <span class='ocrx_word' id='word_1_60' title='bbox 1642 711 1850 774; x_wconf 87' lang='grc' dir='ltr'><em>τοίνυν,</em></span> <span class='ocrx_word' id='word_1_61' title='bbox 1877 699 1948 775; x_wconf 81' lang='grc' dir='ltr'><em>ἧν</em></span> 
     </span>
     <span class='ocr_line' id='line_1_8' title="bbox 270 781 1948 857; baseline 0.002 -19"><span class='ocrx_word' id='word_1_62' title='bbox 270 781 322 838; x_wconf 86' lang='grc' dir='ltr'><em>δ’</em></span> <span class='ocrx_word' id='word_1_63' title='bbox 344 781 468 853; x_wconf 84' lang='grc' dir='ltr'><em>ε’γω’,</em></span> <span class='ocrx_word' id='word_1_64' title='bbox 490 783 892 855; x_wconf 86' lang='grc' dir='ltr'><em>μεταβαλόντος</em></span> <span class='ocrx_word' id='word_1_65' title='bbox 913 788 1188 855; x_wconf 89' lang='grc' dir='ltr'><em>δοκοῦμέν</em></span> <span class='ocrx_word' id='word_1_66' title='bbox 1207 807 1300 855; x_wconf 91' lang='grc' dir='ltr'><em>μοι</em></span> <span class='ocrx_word' id='word_1_67' title='bbox 1320 790 1461 856; x_wconf 81' lang='grc' dir='ltr'><em>ἔχειν</em></span> <span class='ocrx_word' id='word_1_68' title='bbox 1481 785 1692 851; x_wconf 85' lang='grc' dir='ltr'><em>δεῖξαι</em></span> <span class='ocrx_word' id='word_1_69' title='bbox 1670 785 1754 842; x_wconf 92' lang='grc' dir='ltr'><em>ότι</em></span> <span class='ocrx_word' id='word_1_70' title='bbox 1782 808 1948 857; x_wconf 87' lang='grc' dir='ltr'><em>μετα-</em></span> 
     </span>
     <span class='ocr_line' id='line_1_9' title="bbox 268 863 1934 967; baseline 0.002 -48"><span class='ocrx_word' id='word_1_71' title='bbox 268 868 427 920; x_wconf 82' lang='grc' dir='ltr'><em>πέσοι</em></span> <span class='ocrx_word' id='word_1_72' title='bbox 443 863 531 935; x_wconf 77' lang='grc' dir='ltr'><em>ἄν,</em></span> <span class='ocrx_word' id='word_1_73' title='bbox 552 864 621 920; x_wconf 87' lang='grc' dir='ltr'><em>ού</em></span> <span class='ocrx_word' id='word_1_74' title='bbox 640 868 744 936; x_wconf 87' lang='grc' dir='ltr'><em>μέν</em></span> <span class='ocrx_word' id='word_1_75' title='bbox 762 887 847 921; x_wconf 88' lang='grc' dir='ltr'><em>τοι</em></span> <span class='ocrx_word' id='word_1_76' title='bbox 866 872 1105 937; x_wconf 90' lang='grc' dir='ltr'><em>σμικρου</em></span> <span class='ocrx_word' id='word_1_77' title='bbox 1119 887 1181 935; x_wconf 90' lang='grc' dir='ltr'><em>γε</em></span> <span class='ocrx_word' id='word_1_78' title='bbox 1210 865 1339 921; x_wconf 74' lang='grc' dir='ltr'><em>οὐδὲ</em></span> <span class='ocrx_word' id='word_1_79' title='bbox 1359 869 1597 967; x_wconf 79' lang='grc' dir='ltr'><em>ρᾳδίου,</em></span> <span class='ocrx_word' id='word_1_80' title='bbox 1606 873 1853 923; x_wconf 80' lang='grc' dir='ltr'><em>δυνατοῦ</em></span> <span class='ocrx_word' id='word_1_81' title='bbox 1872 870 1934 922; x_wconf 87' lang='grc' dir='ltr'><em>δέ</em></span> 
     </span>
     <span class='ocr_line' id='line_1_10' title="bbox 273 945 1946 1023; baseline 0.001 -22"><span class='ocrx_word' id='word_1_82' title='bbox 273 951 460 1012; x_wconf 83' lang='grc' dir='ltr'><em>Τίνος;</em></span> <span class='ocrx_word' id='word_1_83' title='bbox 498 951 620 1018; x_wconf 83' lang='grc' dir='ltr'><em>ἔφη</em></span> <span class='ocrx_word' id='word_1_84' title='bbox 655 945 771 1002; x_wconf 83' lang='grc' dir='ltr'><em>”Επ</em></span> <span class='ocrx_word' id='word_1_85' title='bbox 794 946 928 1002; x_wconf 80' lang='grc' dir='ltr'><em>αὐτὸ</em></span> <span class='ocrx_word' id='word_1_86' title='bbox 957 948 1043 1019; x_wconf 85' lang='grc' dir='ltr'><em>δή,</em></span> <span class='ocrx_word' id='word_1_87' title='bbox 1075 950 1147 1018; x_wconf 76' lang='grc' dir='ltr'><em>ἦν</em></span> <span class='ocrx_word' id='word_1_88' title='bbox 1176 947 1231 1002; x_wconf 89' lang='grc' dir='ltr'><em>δ’</em></span> <span class='ocrx_word' id='word_1_89' title='bbox 1268 948 1390 1019; x_wconf 76' lang='grc' dir='ltr'><em>ἐγώ,</em></span> <span class='ocrx_word' id='word_1_90' title='bbox 1414 948 1535 1020; x_wconf 81' lang='grc' dir='ltr'><em>εἶμι,</em></span> <span class='ocrx_word' id='word_1_91' title='bbox 1567 947 1597 1003; x_wconf 79' lang='grc' dir='ltr'>ὃ</span> <span class='ocrx_word' id='word_1_92' title='bbox 1617 955 1694 1023; x_wconf 79' lang='grc' dir='ltr'><em>τῷ</em></span> <span class='ocrx_word' id='word_1_93' title='bbox 1714 957 1946 1021; x_wconf 79' lang='grc' dir='ltr'><em>μεγίστῳ</em></span> 
     </span>
     <span class='ocr_line' id='line_1_11' title="bbox 268 1027 1948 1100; baseline 0.002 -18"><span class='ocrx_word' id='word_1_94' title='bbox 268 1027 663 1099; x_wconf 81' lang='grc' dir='ltr'><em>προεικάζομεν</em></span> <span class='ocrx_word' id='word_1_95' title='bbox 680 1027 906 1099; x_wconf 84' lang='grc' dir='ltr'><em>κύματι·</em></span> <span class='ocrx_word' id='word_1_96' title='bbox 946 1029 1217 1100; x_wconf 84' lang='grc' dir='ltr'><em>εἰρήσεται</em></span> <span class='ocrx_word' id='word_1_97' title='bbox 1236 1027 1292 1083; x_wconf 86' lang='grc' dir='ltr'><em>δ’</em></span> <span class='ocrx_word' id='word_1_98' title='bbox 1313 1033 1434 1099; x_wconf 87' lang='grc' dir='ltr'><em>ούν,</em></span> <span class='ocrx_word' id='word_1_99' title='bbox 1468 1034 1518 1085; x_wconf 85' lang='grc' dir='ltr'><em>εἰ</em></span> <span class='ocrx_word' id='word_1_100' title='bbox 1545 1031 1636 1086; x_wconf 82' lang='grc' dir='ltr'><em>καὶ</em></span> <span class='ocrx_word' id='word_1_101' title='bbox 1653 1032 1835 1100; x_wconf 86' lang='grc' dir='ltr'><em>μέλλει</em></span> <span class='ocrx_word' id='word_1_102' title='bbox 1853 1034 1948 1100; x_wconf 74' lang='grc' dir='ltr'><em>γέ·-</em></span> 
     </span>
     <span class='ocr_line' id='line_1_12' title="bbox 269 1106 1947 1185; baseline 0.003 -23"><span class='ocrx_word' id='word_1_103' title='bbox 269 1114 405 1163; x_wconf 91' lang='grc' dir='ltr'><em>λωτί</em></span> <span class='ocrx_word' id='word_1_104' title='bbox 427 1130 484 1163; x_wconf 90' lang='grc' dir='ltr'><em>τε</em></span> <span class='ocrx_word' id='word_1_105' title='bbox 519 1106 759 1180; x_wconf 81' lang='grc' dir='ltr'><em>άτεχνῶς</em></span> <span class='ocrx_word' id='word_1_106' title='bbox 788 1108 973 1181; x_wconf 71' lang='grc' dir='ltr'><em>ὥσπερ</em></span> <span class='ocrx_word' id='word_1_107' title='bbox 1003 1117 1152 1181; x_wconf 86' lang='grc' dir='ltr'><em>κῦμα</em></span> <span class='ocrx_word' id='word_1_108' title='bbox 1182 1114 1422 1181; x_wconf 80' lang='grc' dir='ltr'><em>ἐκγελῶν</em></span> <span class='ocrx_word' id='word_1_109' title='bbox 1450 1113 1540 1167; x_wconf 82' lang='grc' dir='ltr'><em>καὶ</em></span> <span class='ocrx_word' id='word_1_110' title='bbox 1570 1110 1760 1185; x_wconf 81' lang='grc' dir='ltr'><em>άδοξίᾳ</em></span> <span class='ocrx_word' id='word_1_111' title='bbox 1779 1134 1947 1167; x_wconf 89' lang='grc' dir='ltr'><em>κατα-</em></span> 
     </span>
     <span class='ocr_line' id='line_1_13' title="bbox 268 1189 1946 1264; baseline 0.002 -20"><span class='ocrx_word' id='word_1_112' title='bbox 268 1191 511 1246; x_wconf 88' lang='grc' dir='ltr'><em>κλύσειν.</em></span> <span class='ocrx_word' id='word_1_113' title='bbox 553 1191 747 1247; x_wconf 90' lang='grc' dir='ltr'><em>σκόπει</em></span> <span class='ocrx_word' id='word_1_114' title='bbox 767 1192 826 1247; x_wconf 74' lang='grc' dir='ltr'><em>δὲ</em></span> <span class='ocrx_word' id='word_1_115' title='bbox 858 1189 890 1247; x_wconf 81' lang='grc' dir='ltr'>ὃ</span> <span class='ocrx_word' id='word_1_116' title='bbox 918 1196 1096 1263; x_wconf 84' lang='grc' dir='ltr'><em>μέλλω</em></span> <span class='ocrx_word' id='word_1_117' title='bbox 1124 1195 1315 1262; x_wconf 90' lang='grc' dir='ltr'><em>λέγειν.</em></span> <span class='ocrx_word' id='word_1_118' title='bbox 1356 1196 1512 1263; x_wconf 85' lang='grc' dir='ltr'><em>Λέγε,</em></span> <span class='ocrx_word' id='word_1_119' title='bbox 1546 1198 1665 1264; x_wconf 82' lang='grc' dir='ltr'><em>ἔφη.</em></span> <span class='ocrx_word' id='word_1_120' title='bbox 1702 1190 1826 1247; x_wconf 75' lang='grc' dir='ltr'><em>Ἐὰν</em></span> <span class='ocrx_word' id='word_1_121' title='bbox 1855 1193 1946 1263; x_wconf 81' lang='grc' dir='ltr'><em>μή,</em></span> 
     </span>
     <span class='ocr_line' id='line_1_14' title="bbox 206 1267 1948 1345; baseline 0 -18"><span class='ocrx_word' id='word_1_122' title='bbox 206 1279 238 1319; x_wconf 94' lang='lat' dir='ltr'>D</span> <span class='ocrx_word' id='word_1_123' title='bbox 270 1267 342 1343; x_wconf 82' lang='grc' dir='ltr'><em>ἦν</em></span> <span class='ocrx_word' id='word_1_124' title='bbox 375 1270 426 1327; x_wconf 87' lang='grc' dir='ltr'><em>δ’</em></span> <span class='ocrx_word' id='word_1_125' title='bbox 462 1272 585 1344; x_wconf 76' lang='grc' dir='ltr'><em>ἐγώ,</em></span> <span class='ocrx_word' id='word_1_126' title='bbox 615 1269 651 1343; x_wconf 76' lang='grc' dir='ltr'><em>ἢ</em></span> <span class='ocrx_word' id='word_1_127' title='bbox 682 1277 737 1328; x_wconf 78' lang='grc' dir='ltr'><em>οἱ</em></span> <span class='ocrx_word' id='word_1_128' title='bbox 764 1275 1065 1345; x_wconf 89' lang='grc' dir='ltr'><em>φιλόσοφοι</em></span> <span class='ocrx_word' id='word_1_129' title='bbox 1086 1274 1490 1345; x_wconf 83' lang='grc' dir='ltr'><em>βασιλεύσωσιν</em></span> <span class='ocrx_word' id='word_1_130' title='bbox 1508 1277 1568 1328; x_wconf 85' lang='grc' dir='ltr'><em>ἐν</em></span> <span class='ocrx_word' id='word_1_131' title='bbox 1587 1287 1700 1339; x_wconf 81' lang='grc' dir='ltr'><em>ταῖς</em></span> <span class='ocrx_word' id='word_1_132' title='bbox 1720 1275 1948 1330; x_wconf 86' lang='grc' dir='ltr'><em>πόλεσιν</em></span> 
     </span>
     <span class='ocr_line' id='line_1_15' title="bbox 268 1349 1948 1426; baseline 0.001 -17"><span class='ocrx_word' id='word_1_133' title='bbox 268 1349 304 1423; x_wconf 78' lang='grc' dir='ltr'><em>ἢ</em></span> <span class='ocrx_word' id='word_1_134' title='bbox 326 1356 383 1410; x_wconf 76' lang='grc' dir='ltr'><em>οἱ</em></span> <span class='ocrx_word' id='word_1_135' title='bbox 396 1358 636 1424; x_wconf 80' lang='grc' dir='ltr'><em>βασιλεῖς</em></span> <span class='ocrx_word' id='word_1_136' title='bbox 665 1375 722 1408; x_wconf 94' lang='grc' dir='ltr'><em>τε</em></span> <span class='ocrx_word' id='word_1_137' title='bbox 757 1359 868 1409; x_wconf 89' lang='grc' dir='ltr'><em>νῦν</em></span> <span class='ocrx_word' id='word_1_138' title='bbox 894 1355 1182 1425; x_wconf 88' lang='grc' dir='ltr'><em>λεγόμενοι</em></span> <span class='ocrx_word' id='word_1_139' title='bbox 1211 1356 1302 1410; x_wconf 89' lang='grc' dir='ltr'><em>καὶ</em></span> <span class='ocrx_word' id='word_1_140' title='bbox 1338 1355 1606 1409; x_wconf 80' lang='grc' dir='ltr'><em>δυνάσται</em></span> <span class='ocrx_word' id='word_1_141' title='bbox 1635 1355 1948 1426; x_wconf 87' lang='grc' dir='ltr'><em>φιλοσοφή-</em></span> 
     </span>
     <span class='ocr_line' id='line_1_16' title="bbox 270 1433 1946 1508; baseline 0.001 -19"><span class='ocrx_word' id='word_1_142' title='bbox 270 1450 406 1489; x_wconf 93' lang='grc' dir='ltr'><em>σωσι</em></span> <span class='ocrx_word' id='word_1_143' title='bbox 425 1440 663 1506; x_wconf 84' lang='grc' dir='ltr'><em>γνησίως</em></span> <span class='ocrx_word' id='word_1_144' title='bbox 680 1455 738 1489; x_wconf 90' lang='grc' dir='ltr'><em>τε</em></span> <span class='ocrx_word' id='word_1_145' title='bbox 757 1437 849 1490; x_wconf 89' lang='grc' dir='ltr'><em>καὶ</em></span> <span class='ocrx_word' id='word_1_146' title='bbox 869 1439 1071 1500; x_wconf 72' lang='grc' dir='ltr'><em>ἱκανῶς</em></span> <span class='ocrx_word' id='word_1_147' title='bbox 1091 1438 1181 1491; x_wconf 88' lang='grc' dir='ltr'><em>καὶ</em></span> <span class='ocrx_word' id='word_1_148' title='bbox 1197 1442 1362 1491; x_wconf 91' lang='grc' dir='ltr'><em>τοῦτο</em></span> <span class='ocrx_word' id='word_1_149' title='bbox 1381 1439 1454 1499; x_wconf 83' lang='grc' dir='ltr'><em>εἰς</em></span> <span class='ocrx_word' id='word_1_150' title='bbox 1468 1433 1672 1490; x_wconf 85' lang='grc' dir='ltr'><em>ταύτόν</em></span> <span class='ocrx_word' id='word_1_151' title='bbox 1685 1441 1946 1508; x_wconf 80' lang='grc' dir='ltr'><em>ξυμπέσῃ,</em></span> 
     </span>
     <span class='ocr_line' id='line_1_17' title="bbox 270 1515 1948 1587; baseline 0 -16"><span class='ocrx_word' id='word_1_152' title='bbox 270 1516 504 1587; x_wconf 89' lang='grc' dir='ltr'><em>δύναμίς</em></span> <span class='ocrx_word' id='word_1_153' title='bbox 523 1537 581 1570; x_wconf 90' lang='grc' dir='ltr'><em>τε</em></span> <span class='ocrx_word' id='word_1_154' title='bbox 601 1515 851 1586; x_wconf 85' lang='grc' dir='ltr'><em>πολιτικὴ</em></span> <span class='ocrx_word' id='word_1_155' title='bbox 884 1519 975 1572; x_wconf 84' lang='grc' dir='ltr'><em>καὶ</em></span> <span class='ocrx_word' id='word_1_156' title='bbox 1002 1521 1320 1587; x_wconf 79' lang='grc' dir='ltr'><em>φιλοσοφία,</em></span> <span class='ocrx_word' id='word_1_157' title='bbox 1350 1522 1463 1571; x_wconf 73' lang='grc' dir='ltr'><em>τῶν</em></span> <span class='ocrx_word' id='word_1_158' title='bbox 1494 1518 1552 1571; x_wconf 78' lang='grc' dir='ltr'><em>δὲ</em></span> <span class='ocrx_word' id='word_1_159' title='bbox 1581 1523 1690 1572; x_wconf 90' lang='grc' dir='ltr'><em>νῦν</em></span> <span class='ocrx_word' id='word_1_160' title='bbox 1709 1537 1948 1586; x_wconf 90' lang='grc' dir='ltr'><em>πορευο-</em></span> 
     </span>
     <span class='ocr_line' id='line_1_18' title="bbox 271 1596 1948 1669; baseline 0.001 -17"><span class='ocrx_word' id='word_1_161' title='bbox 271 1602 455 1669; x_wconf 88' lang='grc' dir='ltr'><em>μένων</em></span> <span class='ocrx_word' id='word_1_162' title='bbox 490 1599 653 1668; x_wconf 84' lang='grc' dir='ltr'><em>χωρὶς</em></span> <span class='ocrx_word' id='word_1_163' title='bbox 681 1596 772 1668; x_wconf 82' lang='grc' dir='ltr'><em>ἐφ’</em></span> <span class='ocrx_word' id='word_1_164' title='bbox 809 1599 1071 1669; x_wconf 81' lang='grc' dir='ltr'><em>ἑκάτερον</em></span> <span class='ocrx_word' id='word_1_165' title='bbox 1099 1603 1159 1655; x_wconf 79' lang='grc' dir='ltr'><em>αἱ</em></span> <span class='ocrx_word' id='word_1_166' title='bbox 1182 1601 1379 1654; x_wconf 86' lang='grc' dir='ltr'><em>πολλαὶ</em></span> <span class='ocrx_word' id='word_1_167' title='bbox 1409 1598 1606 1668; x_wconf 89' lang='grc' dir='ltr'><em>φύσεις</em></span> <span class='ocrx_word' id='word_1_168' title='bbox 1629 1601 1680 1663; x_wconf 82' lang='grc' dir='ltr'><em>ἐξ</em></span> <span class='ocrx_word' id='word_1_169' title='bbox 1703 1598 1948 1669; x_wconf 79' lang='grc' dir='ltr'><em>ἀνάγκης</em></span> 
     </span>
     <span class='ocr_line' id='line_1_19' title="bbox 270 1672 1945 1750; baseline 0.001 -17"><span class='ocrx_word' id='word_1_170' title='bbox 270 1677 734 1749; x_wconf 75' lang='grc' dir='ltr'><em>ἀποκλεισθῶσιν,</em></span> <span class='ocrx_word' id='word_1_171' title='bbox 756 1677 860 1735; x_wconf 87' lang='grc' dir='ltr'><em>ούκ</em></span> <span class='ocrx_word' id='word_1_172' title='bbox 881 1684 994 1735; x_wconf 81' lang='grc' dir='ltr'><em>ἔστι</em></span> <span class='ocrx_word' id='word_1_173' title='bbox 1011 1686 1200 1735; x_wconf 72' lang='grc' dir='ltr'><em>κακῶν</em></span> <span class='ocrx_word' id='word_1_174' title='bbox 1219 1686 1418 1747; x_wconf 84' lang='grc' dir='ltr'><em>παῦλα,</em></span> <span class='ocrx_word' id='word_1_175' title='bbox 1452 1672 1497 1735; x_wconf 77' lang='grc' dir='ltr'><em>ὦ</em></span> <span class='ocrx_word' id='word_1_176' title='bbox 1516 1684 1639 1750; x_wconf 85' lang='grc' dir='ltr'><em>φίλε</em></span> <span class='ocrx_word' id='word_1_177' title='bbox 1657 1679 1945 1750; x_wconf 88' lang='grc' dir='ltr'><em>Γλαύκων,</em></span> 
     </span>
     <span class='ocr_line' id='line_1_20' title="bbox 271 1757 1944 1835; baseline 0 -20"><span class='ocrx_word' id='word_1_178' title='bbox 271 1771 385 1824; x_wconf 88' lang='grc' dir='ltr'><em>ταῖς</em></span> <span class='ocrx_word' id='word_1_179' title='bbox 410 1757 617 1829; x_wconf 86' lang='grc' dir='ltr'><em>πόλεσι,</em></span> <span class='ocrx_word' id='word_1_180' title='bbox 640 1764 789 1815; x_wconf 76' lang='grc' dir='ltr'><em>δοκι-5</em></span> <span class='ocrx_word' id='word_1_181' title='bbox 809 1758 859 1814; x_wconf 88' lang='grc' dir='ltr'><em>δ’</em></span> <span class='ocrx_word' id='word_1_182' title='bbox 885 1758 1013 1816; x_wconf 78' lang='grc' dir='ltr'><em>οὐδὲ</em></span> <span class='ocrx_word' id='word_1_183' title='bbox 1031 1767 1107 1835; x_wconf 76' lang='grc' dir='ltr'><em>τῷ</em></span> <span class='ocrx_word' id='word_1_184' title='bbox 1131 1760 1468 1832; x_wconf 75' lang='grc' dir='ltr'><em>ἀνθρωπίνῳ</em></span> <span class='ocrx_word' id='word_1_185' title='bbox 1487 1761 1648 1830; x_wconf 82' lang='grc' dir='ltr'><em>γένει,</em></span> <span class='ocrx_word' id='word_1_186' title='bbox 1664 1758 1793 1815; x_wconf 81' lang='grc' dir='ltr'><em>οὐδὲ</em></span> <span class='ocrx_word' id='word_1_187' title='bbox 1805 1759 1944 1830; x_wconf 80' lang='grc' dir='ltr'><em>αὕτη</em></span> 
     </span>
     <span class='ocr_line' id='line_1_21' title="bbox 205 1839 1948 1914; baseline 0.001 -19"><span class='ocrx_word' id='word_1_188' title='bbox 205 1856 237 1895; x_wconf 82' lang='grc' dir='ltr'>Ε</span> <span class='ocrx_word' id='word_1_189' title='bbox 276 1840 308 1913; x_wconf 84' lang='grc' dir='ltr'>ἡ</span> <span class='ocrx_word' id='word_1_190' title='bbox 337 1847 580 1897; x_wconf 89' lang='grc' dir='ltr'><em>πολιτεία</em></span> <span class='ocrx_word' id='word_1_191' title='bbox 596 1841 671 1914; x_wconf 85' lang='grc' dir='ltr'><em>μή</em></span> <span class='ocrx_word' id='word_1_192' title='bbox 699 1863 830 1898; x_wconf 88' lang='grc' dir='ltr'><em>ποτε</em></span> <span class='ocrx_word' id='word_1_193' title='bbox 849 1841 1123 1913; x_wconf 89' lang='grc' dir='ltr'><em>πρότερον</em></span> <span class='ocrx_word' id='word_1_194' title='bbox 1154 1848 1271 1914; x_wconf 80' lang='grc' dir='ltr'><em>φυῇ</em></span> <span class='ocrx_word' id='word_1_195' title='bbox 1300 1864 1357 1898; x_wconf 90' lang='grc' dir='ltr'><em>τε</em></span> <span class='ocrx_word' id='word_1_196' title='bbox 1386 1847 1460 1907; x_wconf 84' lang='grc' dir='ltr'><em>εἰς</em></span> <span class='ocrx_word' id='word_1_197' title='bbox 1489 1839 1549 1897; x_wconf 87' lang='grc' dir='ltr'><em>τὸ</em></span> <span class='ocrx_word' id='word_1_198' title='bbox 1585 1839 1827 1897; x_wconf 84' lang='grc' dir='ltr'><em>δυνατὸν</em></span> <span class='ocrx_word' id='word_1_199' title='bbox 1856 1843 1948 1896; x_wconf 85' lang='grc' dir='ltr'><em>καὶ</em></span> 
     </span>
     <span class='ocr_line' id='line_1_22' title="bbox 271 1920 1944 1999; baseline -0.002 -19"><span class='ocrx_word' id='word_1_200' title='bbox 271 1929 391 1994; x_wconf 73' lang='grc' dir='ltr'><em>φῶς</em></span> <span class='ocrx_word' id='word_1_201' title='bbox 408 1920 571 1995; x_wconf 80' lang='grc' dir='ltr'><em>ἡλίου</em></span> <span class='ocrx_word' id='word_1_202' title='bbox 601 1928 708 1997; x_wconf 79' lang='grc' dir='ltr'><em>ἴδῃ,</em></span> <span class='ocrx_word' id='word_1_203' title='bbox 739 1922 809 1995; x_wconf 78' lang='grc' dir='ltr'><em>ἢν</em></span> <span class='ocrx_word' id='word_1_204' title='bbox 836 1932 945 1980; x_wconf 88' lang='grc' dir='ltr'><em>νῦν</em></span> <span class='ocrx_word' id='word_1_205' title='bbox 972 1926 1119 1999; x_wconf 79' lang='grc' dir='ltr'><em>λόγῳ</em></span> <span class='ocrx_word' id='word_1_206' title='bbox 1150 1922 1570 1995; x_wconf 82' lang='grc' dir='ltr'><em>διεληλύθαμεν.</em></span> <span class='ocrx_word' id='word_1_207' title='bbox 1613 1920 1750 1978; x_wconf 74' lang='grc' dir='ltr'><em>ἀλλὰ</em></span> <span class='ocrx_word' id='word_1_208' title='bbox 1781 1922 1944 1977; x_wconf 86' lang='grc' dir='ltr'><em>τοῦτό</em></span> 
     </span>
     <span class='ocr_line' id='line_1_23' title="bbox 271 2001 1945 2076; baseline -0.001 -17"><span class='ocrx_word' id='word_1_209' title='bbox 271 2007 436 2074; x_wconf 82' lang='grc' dir='ltr'><em>ἐστιν,</em></span> <span class='ocrx_word' id='word_1_210' title='bbox 473 2003 504 2060; x_wconf 80' lang='grc' dir='ltr'><em>ὂ</em></span> <span class='ocrx_word' id='word_1_211' title='bbox 542 2007 658 2076; x_wconf 79' lang='grc' dir='ltr'><em>ἐμοὶ</em></span> <span class='ocrx_word' id='word_1_212' title='bbox 698 2005 868 2062; x_wconf 85' lang='grc' dir='ltr'><em>πάλαι</em></span> <span class='ocrx_word' id='word_1_213' title='bbox 902 2005 1074 2062; x_wconf 79' lang='grc' dir='ltr'><em>ὄκνον</em></span> <span class='ocrx_word' id='word_1_214' title='bbox 1109 2010 1358 2075; x_wconf 83' lang='grc' dir='ltr'><em>ἐντίθησι</em></span> <span class='ocrx_word' id='word_1_215' title='bbox 1399 2008 1594 2074; x_wconf 85' lang='grc' dir='ltr'><em>λέγειν,</em></span> <span class='ocrx_word' id='word_1_216' title='bbox 1629 2001 1834 2075; x_wconf 70' lang='grc' dir='ltr'><em>ὁρῶντι</em></span> <span class='ocrx_word' id='word_1_217' title='bbox 1874 2003 1945 2069; x_wconf 79' lang='grc' dir='ltr'><em>ὦς</em></span> 
     </span>
     <span class='ocr_line' id='line_1_24' title="bbox 273 2083 1945 2162; baseline 0 -21"><span class='ocrx_word' id='word_1_218' title='bbox 273 2084 418 2141; x_wconf 79' lang='grc' dir='ltr'><em>πολὺ</em></span> <span class='ocrx_word' id='word_1_219' title='bbox 438 2085 586 2158; x_wconf 80' lang='grc' dir='ltr'><em>παρὰ</em></span> <span class='ocrx_word' id='word_1_220' title='bbox 608 2087 776 2153; x_wconf 84' lang='grc' dir='ltr'><em>δόξαν</em></span> <span class='ocrx_word' id='word_1_221' title='bbox 797 2088 1124 2160; x_wconf 82' lang='grc' dir='ltr'><em>ῥηθήσεται·</em></span> <span class='ocrx_word' id='word_1_222' title='bbox 1162 2084 1401 2162; x_wconf 78' lang='grc' dir='ltr'><em>χαλεπᾲν</em></span> <span class='ocrx_word' id='word_1_223' title='bbox 1419 2085 1525 2156; x_wconf 81' lang='grc' dir='ltr'><em>γὰρ</em></span> <span class='ocrx_word' id='word_1_224' title='bbox 1546 2088 1700 2155; x_wconf 85' lang='grc' dir='ltr'><em>ἰδεῖν,</em></span> <span class='ocrx_word' id='word_1_225' title='bbox 1729 2083 1811 2140; x_wconf 82' lang='grc' dir='ltr'><em>ὅτι</em></span> <span class='ocrx_word' id='word_1_226' title='bbox 1842 2084 1945 2141; x_wconf 85' lang='grc' dir='ltr'><em>ούκ</em></span> 
     </span>
     <span class='ocr_line' id='line_1_25' title="bbox 271 2164 1944 2241; baseline -0.002 -17"><span class='ocrx_word' id='word_1_227' title='bbox 271 2166 342 2224; x_wconf 77' lang='grc' dir='ltr'><em>ὄὶν</em></span> <span class='ocrx_word' id='word_1_228' title='bbox 371 2167 511 2241; x_wconf 76' lang='grc' dir='ltr'><em>ἄλλῃ</em></span> <span class='ocrx_word' id='word_1_229' title='bbox 531 2191 610 2234; x_wconf 90' lang='grc' dir='ltr'><em>τις</em></span> <span class='ocrx_word' id='word_1_230' title='bbox 639 2167 1088 2240; x_wconf 80' lang='grc' dir='ltr'><em>εὐδαιμονήσειεν</em></span> <span class='ocrx_word' id='word_1_231' title='bbox 1118 2167 1243 2223; x_wconf 80' lang='grc' dir='ltr'><em>οὕτε</em></span> <span class='ocrx_word' id='word_1_232' title='bbox 1263 2171 1372 2239; x_wconf 80' lang='grc' dir='ltr'><em>ἰδίᾳ</em></span> <span class='ocrx_word' id='word_1_233' title='bbox 1403 2164 1529 2222; x_wconf 75' lang='grc' dir='ltr'><em>οὔτε</em></span> <span class='ocrx_word' id='word_1_234' title='bbox 1549 2170 1799 2240; x_wconf 82' lang='grc' dir='ltr'><em>δημοσία.</em></span> <span class='ocrx_word' id='word_1_235' title='bbox 1855 2171 1944 2222; x_wconf 86' lang='grc' dir='ltr'><em>καὶ</em></span> 
     </span>
     <span class='ocr_line' id='line_1_26' title="bbox 271 2245 1946 2322; baseline -0.003 -13"><span class='ocrx_word' id='word_1_236' title='bbox 271 2250 350 2320; x_wconf 74' lang='grc' dir='ltr'><em>ὅς,</em></span> <span class='ocrx_word' id='word_1_237' title='bbox 375 2245 769 2321; x_wconf 78' lang='grc' dir='ltr'><em>ὮΣώκρατες,</em></span> <span class='ocrx_word' id='word_1_238' title='bbox 801 2255 924 2322; x_wconf 81' lang='grc' dir='ltr'><em>ἔφη,</em></span> <span class='ocrx_word' id='word_1_239' title='bbox 957 2256 1213 2307; x_wconf 86' lang='grc' dir='ltr'><em>τοιοῦτον</em></span> <span class='ocrx_word' id='word_1_240' title='bbox 1242 2252 1570 2321; x_wconf 83' lang='grc' dir='ltr'><em>ἐκβέβληκας</em></span> <span class='ocrx_word' id='word_1_241' title='bbox 1595 2248 1741 2320; x_wconf 80' lang='grc' dir='ltr'><em>ῥῆμά</em></span> <span class='ocrx_word' id='word_1_242' title='bbox 1771 2270 1827 2303; x_wconf 92' lang='grc' dir='ltr'><em>τε</em></span> <span class='ocrx_word' id='word_1_243' title='bbox 1857 2251 1946 2304; x_wconf 88' lang='grc' dir='ltr'><em>καὶ</em></span> 
     </span>
     <span class='ocr_line' id='line_1_27' title="bbox 274 2328 1945 2403; baseline -0.002 -16"><span class='ocrx_word' id='word_1_244' title='bbox 274 2331 460 2403; x_wconf 92' lang='grc' dir='ltr'><em>λόγον,</em></span> <span class='ocrx_word' id='word_1_245' title='bbox 499 2330 566 2387; x_wconf 80' lang='grc' dir='ltr'><em>ὃν</em></span> <span class='ocrx_word' id='word_1_246' title='bbox 604 2332 774 2388; x_wconf 75' lang='grc' dir='ltr'><em>εἰπών</em></span> <span class='ocrx_word' id='word_1_247' title='bbox 803 2330 945 2403; x_wconf 83' lang='grc' dir='ltr'><em>ἡγοῦ</em></span> <span class='ocrx_word' id='word_1_248' title='bbox 982 2334 1068 2388; x_wconf 86' lang='grc' dir='ltr'><em>ἐπὶ</em></span> <span class='ocrx_word' id='word_1_249' title='bbox 1108 2331 1166 2386; x_wconf 79' lang='grc' dir='ltr'><em>σὲ</em></span> <span class='ocrx_word' id='word_1_250' title='bbox 1204 2331 1354 2386; x_wconf 91' lang='grc' dir='ltr'><em>πάνυ</em></span> <span class='ocrx_word' id='word_1_251' title='bbox 1392 2329 1631 2394; x_wconf 86' lang='grc' dir='ltr'><em>πολλούς</em></span> <span class='ocrx_word' id='word_1_252' title='bbox 1667 2351 1725 2385; x_wconf 88' lang='grc' dir='ltr'><em>τε</em></span> <span class='ocrx_word' id='word_1_253' title='bbox 1757 2333 1847 2385; x_wconf 90' lang='grc' dir='ltr'><em>καὶ</em></span> <span class='ocrx_word' id='word_1_254' title='bbox 1879 2328 1945 2385; x_wconf 87' lang='grc' dir='ltr'><em>ού</em></span> 
     </span>
     <span class='ocr_line' id='line_1_28' title="bbox 159 2410 1943 2485; baseline -0.003 -14"><span class='ocrx_word' id='word_1_255' title='bbox 159 2430 245 2476; x_wconf 80' lang='lat'><em>474</em></span> <span class='ocrx_word' id='word_1_256' title='bbox 276 2414 528 2485; x_wconf 88' lang='grc' dir='ltr'><em>φαύλους</em></span> <span class='ocrx_word' id='word_1_257' title='bbox 548 2420 657 2469; x_wconf 88' lang='grc' dir='ltr'><em>νῦν</em></span> <span class='ocrx_word' id='word_1_258' title='bbox 677 2414 853 2478; x_wconf 84' lang='grc' dir='ltr'><em>οὕτως</em></span> <span class='ocrx_word' id='word_1_259' title='bbox 873 2410 992 2469; x_wconf 82' lang='grc' dir='ltr'><em>οἷον</em></span> <span class='ocrx_word' id='word_1_260' title='bbox 1011 2416 1276 2485; x_wconf 79' lang='grc' dir='ltr'><em>ῥίψαντας</em></span> <span class='ocrx_word' id='word_1_261' title='bbox 1294 2410 1360 2467; x_wconf 75' lang='grc' dir='ltr'><em>τά</em></span> <span class='ocrx_word' id='word_1_262' title='bbox 1379 2412 1562 2482; x_wconf 74' lang='grc' dir='ltr'><em>ἱμάτια</em></span> <span class='ocrx_word' id='word_1_263' title='bbox 1573 2412 1839 2482; x_wconf 88' lang='grc' dir='ltr'><em>γυμνούς,</em></span> <span class='ocrx_word' id='word_1_264' title='bbox 1855 2419 1943 2468; x_wconf 89' lang='grc' dir='ltr'><em>λα-</em></span> 
     </span>
     <span class='ocr_line' id='line_1_29' title="bbox 273 2492 1947 2568; baseline -0.002 -17"><span class='ocrx_word' id='word_1_265' title='bbox 273 2496 478 2568; x_wconf 90' lang='grc' dir='ltr'><em>βόντας</em></span> <span class='ocrx_word' id='word_1_266' title='bbox 497 2494 529 2550; x_wconf 84' lang='grc' dir='ltr'>ὅ</span> <span class='ocrx_word' id='word_1_267' title='bbox 549 2517 599 2550; x_wconf 91' lang='grc' dir='ltr'><em>τι</em></span> <span class='ocrx_word' id='word_1_268' title='bbox 619 2495 827 2567; x_wconf 79' lang='grc' dir='ltr'><em>ἑκάστῳ</em></span> <span class='ocrx_word' id='word_1_269' title='bbox 850 2497 1153 2566; x_wconf 87' lang='grc' dir='ltr'><em>παρέτυχεν</em></span> <span class='ocrx_word' id='word_1_270' title='bbox 1174 2492 1364 2565; x_wconf 80' lang='grc' dir='ltr'><em>ὅπλον,</em></span> <span class='ocrx_word' id='word_1_271' title='bbox 1388 2502 1515 2549; x_wconf 92' lang='grc' dir='ltr'><em>θεῖν</em></span> <span class='ocrx_word' id='word_1_272' title='bbox 1528 2495 1947 2566; x_wconf 85' lang='grc' dir='ltr'><em>διατεταμένους</em></span> 
     </span>
     <span class='ocr_line' id='line_1_30' title="bbox 279 2573 1944 2649; baseline -0.003 -16"><span class='ocrx_word' id='word_1_273' title='bbox 279 2578 351 2644; x_wconf 77' lang='grc' dir='ltr'><em>ὡς</em></span> <span class='ocrx_word' id='word_1_274' title='bbox 381 2578 669 2649; x_wconf 88' lang='grc' dir='ltr'><em>θαυμάσια</em></span> <span class='ocrx_word' id='word_1_275' title='bbox 701 2579 1127 2648; x_wconf 83' lang='grc' dir='ltr'><em>ἐργασομένους·</em></span> <span class='ocrx_word' id='word_1_276' title='bbox 1168 2573 1266 2640; x_wconf 74' lang='grc' dir='ltr'><em>οὓς</em></span> <span class='ocrx_word' id='word_1_277' title='bbox 1300 2580 1349 2631; x_wconf 81' lang='grc' dir='ltr'><em>εἰ</em></span> <span class='ocrx_word' id='word_1_278' title='bbox 1376 2574 1448 2646; x_wconf 83' lang='grc' dir='ltr'><em>μὴ</em></span> <span class='ocrx_word' id='word_1_279' title='bbox 1479 2573 1768 2648; x_wconf 79' lang='grc' dir='ltr'><em>άμυνεῖτῷ</em></span> <span class='ocrx_word' id='word_1_280' title='bbox 1798 2574 1944 2645; x_wconf 78' lang='grc' dir='ltr'><em>λόγῳ</em></span> 
     </span>
     <span class='ocr_line' id='line_1_31' title="bbox 277 2652 1944 2759; baseline -0.005 -43"><span class='ocrx_word' id='word_1_281' title='bbox 277 2662 367 2716; x_wconf 86' lang='grc' dir='ltr'><em>καὶ</em></span> <span class='ocrx_word' id='word_1_282' title='bbox 387 2658 655 2759; x_wconf 83' lang='grc' dir='ltr'><em>ἐκφεύξει,</em></span> <span class='ocrx_word' id='word_1_283' title='bbox 691 2680 766 2713; x_wconf 90' lang='grc' dir='ltr'><em>τω</em></span> <span class='ocrx_word' id='word_1_284' title='bbox 790 2658 909 2715; x_wconf 80' lang='grc' dir='ltr'><em>ὄντι</em></span> <span class='ocrx_word' id='word_1_285' title='bbox 931 2657 1315 2728; x_wconf 83' lang='grc' dir='ltr'><em>τωθαζόμενος</em></span> <span class='ocrx_word' id='word_1_286' title='bbox 1342 2655 1533 2719; x_wconf 80' lang='grc' dir='ltr'><em>δώσεις</em></span> <span class='ocrx_word' id='word_1_287' title='bbox 1561 2659 1733 2725; x_wconf 85' lang='grc' dir='ltr'><em>δίκην.</em></span> <span class='ocrx_word' id='word_1_288' title='bbox 1794 2652 1944 2709; x_wconf 83' lang='grc' dir='ltr'><em>Ούκ-</em></span> 
     </span>
     <span class='ocr_line' id='line_1_32' title="bbox 279 2732 1946 2812; baseline -0.005 -16"><span class='ocrx_word' id='word_1_289' title='bbox 279 2748 382 2796; x_wconf 92' lang='grc' dir='ltr'><em>οῦν</em></span> <span class='ocrx_word' id='word_1_290' title='bbox 399 2741 471 2795; x_wconf 92' lang='grc' dir='ltr'><em>σύ</em></span> <span class='ocrx_word' id='word_1_291' title='bbox 490 2763 598 2811; x_wconf 89' lang='grc' dir='ltr'><em>μοι,</em></span> <span class='ocrx_word' id='word_1_292' title='bbox 618 2744 690 2812; x_wconf 76' lang='grc' dir='ltr'><em>ἠν</em></span> <span class='ocrx_word' id='word_1_293' title='bbox 712 2739 763 2796; x_wconf 84' lang='grc' dir='ltr'><em>δ’</em></span> <span class='ocrx_word' id='word_1_294' title='bbox 787 2739 911 2811; x_wconf 71' lang='grc' dir='ltr'><em>ἐγώ,</em></span> <span class='ocrx_word' id='word_1_295' title='bbox 932 2740 1145 2795; x_wconf 90' lang='grc' dir='ltr'><em>τούτων</em></span> <span class='ocrx_word' id='word_1_296' title='bbox 1166 2746 1360 2804; x_wconf 73' lang='grc' dir='ltr'><em>αἴτιοςς</em></span> <span class='ocrx_word' id='word_1_297' title='bbox 1388 2741 1583 2799; x_wconf 87' lang='grc' dir='ltr'><em>Καλως</em></span> <span class='ocrx_word' id='word_1_298' title='bbox 1600 2732 1673 2804; x_wconf 88' lang='grc' dir='ltr'><em>γ’,</em></span> <span class='ocrx_word' id='word_1_299' title='bbox 1695 2739 1817 2805; x_wconf 83' lang='grc' dir='ltr'><em>ἔφη,</em></span> <span class='ocrx_word' id='word_1_300' title='bbox 1841 2735 1946 2805; x_wconf 77' lang='grc' dir='ltr'><em>ἐγώ</em></span> 
     </span>
     <span class='ocr_line' id='line_1_33' title="bbox 279 2814 1947 2889; baseline -0.004 -12"><span class='ocrx_word' id='word_1_301' title='bbox 279 2841 482 2877; x_wconf 90' lang='grc' dir='ltr'><em>ποιων·</em></span> <span class='ocrx_word' id='word_1_302' title='bbox 527 2820 667 2877; x_wconf 77' lang='grc' dir='ltr'><em>ἄλλά</em></span> <span class='ocrx_word' id='word_1_303' title='bbox 695 2826 783 2878; x_wconf 90' lang='grc' dir='ltr'><em>τοί</em></span> <span class='ocrx_word' id='word_1_304' title='bbox 807 2838 866 2876; x_wconf 87' lang='grc' dir='ltr'><em>σε</em></span> <span class='ocrx_word' id='word_1_305' title='bbox 899 2818 968 2875; x_wconf 87' lang='grc' dir='ltr'><em>ού</em></span> <span class='ocrx_word' id='word_1_306' title='bbox 994 2819 1280 2889; x_wconf 76' lang='grc' dir='ltr'><em>προδώσω,</em></span> <span class='ocrx_word' id='word_1_307' title='bbox 1302 2814 1423 2873; x_wconf 75' lang='grc' dir='ltr'><em>ἄλλ’</em></span> <span class='ocrx_word' id='word_1_308' title='bbox 1461 2814 1653 2886; x_wconf 82' lang='grc' dir='ltr'><em>ἀμυνω</em></span> <span class='ocrx_word' id='word_1_309' title='bbox 1675 2822 1754 2880; x_wconf 87' lang='grc' dir='ltr'><em>οἱς</em></span> <span class='ocrx_word' id='word_1_310' title='bbox 1776 2816 1947 2870; x_wconf 56' lang='grc' dir='ltr'><em>δύναυ</em></span> 
     </span>
    </p>
   </div>
  </div>
 </body>
</html>
