1962 3236
21 142 107 187 109
698 133 749 181 K
758 134 841 181 ΡΙ
853 133 933 181 TI
938 133 989 180 A
997 134 1058 180 Σ.
1603 131 1705 185 427

38 266 190 339 ’ρχᾶς
213 266 528 339 ἀφορισθὲν
546 265 677 341 ᾤκει
700 269 880 336 χωρίς,
901 266 1083 322 πάντα
1107 270 1184 332 εἰς
1208 263 1427 338 τροφὴν
1455 267 1547 321 καὶ
1575 273 1704 323 παί-

19 354 212 407 δευσιν
230 346 298 403 τὰ
318 347 674 419 προσήκοντα
693 350 837 417 ἔχον,
869 349 1015 402 ἴδιον
1043 349 1146 419 μὲν
1175 345 1365 404 αὐτῶν
1395 344 1577 413 οὐδεὶς
1604 345 1706 403 οὐ-

52 432 115 490 ἑν
130 434 479 502 κεκτημένος,
499 429 715 485 ἅπαντα
736 430 796 484 δὲ
818 428 1046 485 πάντων
1065 428 1226 486 κοινὰ
1255 433 1568 501 νομίζοντες
1596 426 1703 484 αὖ-
1729 438 1765 478 D

50 520 148 582 ῶν,
179 515 319 582 πέρα
349 512 408 567 δὲ
445 514 641 582 ἱκανῆς
668 517 880 582 τροφῆς
910 510 1077 567 οὐδὲν
1105 510 1387 578 ἀξιοῦντες
1416 509 1564 582 παρὰ
1594 517 1709 567 τῶν

17 594 207 651 ἄλλων
234 598 492 664 δέχεσθαι
518 597 779 661 πολιτῶν,
800 594 891 648 καὶ
910 593 1091 648 πάντα
1112 594 1178 665 δὴ
1198 592 1265 649 τά
1287 594 1421 665 χθὲς
1440 595 1708 664 λεχθέντα

14 675 422 747 ἐπιτηδεύματα
438 673 871 745 ἐπιτηδεύοντες,
899 673 1005 729 ὅσα
1024 678 1148 746 περὶ
1168 681 1283 731 τῶν
1310 673 1707 731 ὑποτεθέντων

0 758 230 848 Ὲιέρρήθη
250 755 536 827 φυλάκων.
576 757 668 811 καὶ
688 753 754 826 δὴ
781 757 871 810 καὶ
890 753 952 810 τὸ
977 759 1099 826 περὶ
1121 762 1218 827 τῆς
1234 755 1415 827 χώρας
1433 756 1595 827 ἡμῶν
1613 775 1707 811 πι-

0 838 203 896 ῑὶθανόν
224 839 317 895 καὶ
334 836 540 908 α’ληθὲς
560 839 791 907 ἐλέγετο,
812 842 1037 908 πρῶτον
1062 839 1164 908 μὲν
1181 836 1314 903 τούς
1341 835 1511 906 ὅρους
1531 835 1710 909 αὐτὴν

0 909 78 978 *bv
95 926 171 991 τῷ
202 917 316 975 τότ’
349 925 492 989 ἔχειν
517 917 945 989 άφωρισμένους
969 917 1107 988 πρὸς
1134 918 1237 974 τὸν
1264 917 1488 990 Ἰσθμὸν
1518 919 1611 974 καὶ
1642 916 1704 974 τὸ

16 1001 156 1059 κατὰ
177 999 280 1072 τὴν
299 1000 472 1071 ἄλλην
491 999 724 1070 ἤπειρον
740 1004 895 1072 μέχρι
913 1007 1017 1056 τοῦ
1035 1007 1396 1070 Κιθαιρῶνος
1425 1002 1518 1057 καὶ
1545 998 1706 1070 Πάρ-

12 1092 192 1156 νηθος
208 1090 320 1139 τῶν
345 1082 552 1154 ἄκρων,
566 1088 922 1153 καταβαίνειν
940 1086 1000 1139 δὲ
1016 1082 1149 1148 τοὺς
1168 1083 1336 1155 ὅρους
1356 1086 1418 1140 ἐν
1436 1087 1587 1156 δεξιᾷ
1602 1080 1707 1154 τὴν
1739 1097 1775 1139 Ε

13 1166 293 1236 Ὠρωπίαν
312 1170 552 1235 ἔχοντας,
573 1168 635 1220 έν
654 1164 920 1238 ἀριστερᾷ
942 1168 1002 1221 δὲ
1023 1165 1164 1235 πρὸς
1192 1164 1472 1237 θαλάττης
1502 1163 1707 1236 ἀφορί-

11 1253 206 1317 ζοντας
223 1247 323 1303 τὸν
338 1246 604 1315 Ἀσωπόν,
637 1246 807 1319 άρετῇ
827 1249 886 1303 δὲ
905 1255 1093 1303 πᾶσαν
1110 1256 1218 1319 γῆν
1236 1246 1347 1303 ὑπὸ
1375 1254 1472 1319 τῆς
1499 1247 1707 1303 ἐνθάδε

12 1326 482 1400 ὑπερβάλλεσθαι,
514 1326 599 1384 διὸ
630 1330 722 1383 καὶ
753 1328 1000 1400 δυνατὴν
1029 1328 1170 1384 εἶναι
1198 1328 1322 1384 τότε
1350 1332 1575 1399 τρέφειν
1601 1327 1706 1399 τὴν

13 1410 204 1483 χῶραν
223 1410 600 1478 στρατόπεδον
619 1410 765 1465 πολὺ
783 1417 898 1465 τῶν
918 1416 1231 1480 περιοίκων.
1270 1412 1409 1480 μέγα
1431 1411 1491 1466 δὲ
1510 1409 1703 1481 τεκμή-

13 1515 142 1564 ριον
162 1491 387 1564 ἀρετῆς·
426 1490 488 1548 τὸ
507 1490 615 1562 γὰρ
635 1497 745 1547 νῦν
773 1492 943 1564 αὐτῆς
973 1498 1239 1558 λείψανον
1267 1492 1565 1563 ἐνάμιλλόν
1594 1495 1707 1548 ἐστι

13 1573 157 1643 πρὸς
178 1572 449 1645 ἡντινοῦν
468 1579 547 1647 τῷ
568 1573 868 1644 πάμφορον
904 1572 1188 1643 εὕκαρπόν
1217 1595 1276 1629 τε
1311 1573 1452 1630 εἶναι
1480 1576 1707 1639 καὶτοῖς

12 1654 171 1724 ζώοις
189 1663 362 1711 πᾶσιν
387 1655 648 1727 εὔβοτον·
688 1656 810 1712 τότε
843 1656 902 1711 δὲ
931 1657 1070 1726 πρὸς
1100 1664 1178 1730 τῷ
1210 1657 1402 1712 κάλλει
1430 1659 1522 1712 καὶ
1555 1676 1704 1727 παμ-
1736 1667 1817 1714 111

13 1737 203 1808 πλήθη
230 1743 404 1792 ταῦτα
424 1741 600 1807 ἔφερε.
641 1744 758 1802 πῶς
778 1731 884 1792 οὖν
905 1737 972 1807 δὴ
1003 1745 1168 1793 τοῦτο
1192 1737 1408 1807 πιστόν,
1441 1739 1533 1793 καὶ
1562 1737 1701 1794 κατὰ

16 1824 68 1874 τί
99 1825 367 1884 λείψανον
395 1826 491 1890 τῆς
518 1820 642 1875 τότε
673 1827 773 1891 γῆς
805 1818 992 1889 ὀρθῶς
1019 1818 1092 1874 ἂν
1127 1823 1364 1891 λέγοιτο;
1403 1827 1552 1876 πᾶσα
1590 1819 1700 1877 άπὸ

0 1907 108 1992 ’τῆς
143 1901 312 1973 ἄλλης
346 1900 581 1974 ἠπείρου
615 1901 798 1973 μακρὰ
835 1908 1204 1970 προτείνουσα
1243 1907 1318 1968 είς
1364 1901 1426 1959 τὸ
1466 1906 1704 1974 πέλαγος

0 1978 135 2042 >elev
157 1982 301 2053 ἄκρα
319 1995 516 2039 κεῖται·
539 1984 601 2040 τὸ
629 1984 696 2056 δὴ
718 1992 814 2056 τῆς
835 1986 1114 2057 θαλάττης
1135 1984 1361 2056 ἀγγεῖον
1380 1989 1504 2057 περὶ
1523 1983 1703 2057 αὐτὴν

0 2065 268 2136 ῐτυγχάνει
287 2071 400 2121 πᾶν
428 2064 726 2139 ἀγχιβαθὲς
754 2067 838 2123 ὄν.
878 2075 1102 2124 πολλῶν
1131 2063 1238 2124 οὖν
1267 2069 1584 2140 γεγονότων
1611 2070 1704 2124 καὶ

0 2145 271 2218 ψεγάλων
308 2155 714 2220 κατακλυσμῶν
750 2152 812 2205 ἐν
846 2164 959 2216 τοῖς
995 2154 1379 2222 ἐνακισχιλίοις
1409 2155 1570 2222 ἔτεσι,
1607 2172 1703 2206 το·-

0 2235 193 2284 εσαῦτα
214 2229 323 2301 γὰρ
343 2232 483 2299 πρὸς
501 2229 601 2287 τὸν
618 2237 728 2287 νῦν
755 2231 847 2287 ἀπ’
885 2234 1103 2288 ἐκείνου
1122 2239 1224 2288 τοῦ
1240 2233 1451 2303 χρόνου
1469 2235 1703 2304 γέγονεν

0 2314 121 2379 ἔτη,
141 2313 203 2365 τό
223 2318 319 2382 τῆς
334 2319 434 2382 γῆς
455 2314 516 2367 ἐν
536 2313 750 2377 τούτοις
767 2325 880 2379 τοῖς
898 2316 1120 2385 χρόνοις
1134 2317 1224 2371 καὶ
1245 2316 1489 2372 πάθεσιν
1510 2319 1570 2373 έκ
1589 2322 1703 2372 τῶν
1731 2320 1766 2362 Β

14 2388 252 2462 ὑψηλῶν
281 2391 560 2463 ἀπορρέον
579 2394 708 2450 οὔτε
729 2401 902 2466 χῶμα,
933 2395 1007 2461 ῶς
1027 2400 1087 2452 ἐν
1104 2397 1293 2462 ἄλλοις
1321 2398 1529 2467 τόποις,
1561 2419 1703 2466 προ-

0 2485 101 2546 ,χοῖ
118 2474 291 2544 λόγου
309 2473 466 2542 ἄξιον
485 2476 575 2532 ἀεί
597 2499 652 2532 τε
671 2478 858 2552 κύκλῳ
890 2482 1183 2548 περιρρέον
1202 2484 1278 2543 είς
1295 2479 1477 2551 βάθος
1495 2477 1703 2550 ἀφανί-

0 2559 170 2624 ῑζεται.
204 2560 475 2614 λέλειπται
498 2558 584 2630 δή,
605 2559 862 2630 καθάπερ
883 2563 944 2615 ἐν
963 2572 1078 2625 ταῖς
1097 2572 1317 2630 μικραῖς
1336 2560 1545 2632 νήσοις,
1562 2561 1701 2632 πρὸς

0 2636 77 2694 ’τά
102 2639 225 2693 τότε
245 2639 310 2694 τὰ
333 2647 442 2695 νῦν
462 2636 583 2696 οἷον
603 2642 946 2712 νοσήσαντος
965 2643 1218 2713 σώματος
1235 2641 1390 2712 ὀστᾶ,
1412 2663 1699 2714 περιερρυ·

11 2725 207 2791 ηκυίας
227 2727 323 2792 τῆς
342 2729 458 2792 γῆς,
489 2720 590 2793 ὅση
621 2728 802 2791 πίειρα
833 2725 922 2779 καὶ
952 2725 1187 2795 μαλακή,
1219 2731 1322 2780 τοῦ
1349 2731 1556 2781 λεπτοῦ
1586 2725 1701 2782 σῶ-

0 2822 182 2875 ,ματος
215 2810 312 2875 τῆς
355 2805 534 2875 χώρας
568 2805 750 2877 μόνου
786 2810 1140 2877 λειφθέντος·
1183 2807 1307 2863 τότε
1348 2809 1408 2863 δὲ
1441 2805 1700 2882 ἀκέραιος
