1962 3236
647 156 1131 206 HDAITEIAS
1161 147 1221 202 α’.
1701 151 1769 202 23

87 297 259 367 λόγον
278 298 340 351 ἐν
358 300 439 368 νῷ
459 298 596 365 ἔχεις
613 290 858 360 ἀπιέναι,
898 290 1030 359 πρὶν
1051 287 1266 353 διδάξαι
1285 283 1534 352 ἱκανῶς
1508 285 1544 359 η’
1564 295 1770 358 μαθεῖν

87 388 192 436 εἴτε
229 378 405 443 οὕτως
442 385 550 433 εἴτε
590 375 771 440 άλλως
806 378 940 444 ἔχεις
987 366 1025 443 ἦ
1063 370 1302 441 σμικρὸν
1339 378 1442 426 οἴει
1442 373 1767 471 Ηέπιχειρειν

85 470 311 531 πρᾶγμα
335 464 697 528 διοριζεσθαι,
718 454 841 511 αλλ’
866 453 936 510 οὐ
955 460 1084 526 βίου
1103 453 1401 524 διαγωγήν,
1427 446 1464 526 ᾗ
1483 450 1556 509 ἂν
1577 451 1834 522 &ard-E

86 564 251 612 μενος
267 543 495 604 ἕκαστος
511 539 672 608 ἡμων
694 537 1152 607 λυσιτελεστάτην
1174 536 1317 607 ζωὴν
1337 535 1472 610 ζῴη·
1459 578 1473 602 ,
1507 532 1640 605 Ἐγώ
1660 557 1765 606 γαρ

85 622 251 692 οἶμαι,
274 618 428 691 ἔφηὸ
452 618 845 689 Θρασύμαχος,
865 618 1017 673 τουτὶ
1036 615 1214 682 άλλως
1234 622 1404 688 ἔχειν·
1390 658 1404 683 ,
1429 615 1675 685 ”Εοικας,
1696 619 1769 688 ἠν

86 702 137 757 δ’
163 702 296 772 ἐγώ,
317 701 438 771 ἤτοι
459 697 618 770 ἡμων
636 720 699 768 γε
719 697 888 752 οὐδὲν
907 696 1205 767 κήδεσθαι,
1232 696 1370 754 οὐδέ
1386 721 1436 753 τι
1455 703 1769 769 φροντίζειν

84 792 191 840 εἴτε
218 794 403 853 χεῖρον
433 788 539 837 εἴτε
569 781 786 852 βέλτιον
817 779 1138 850 βιωσόμεθα
1159 777 1495 849 ἀγνοοῦντες
1516 776 1546 834 ὃ
1567 779 1639 834 σύ
1659 777 1769 851 φῂς

86 867 305 922 εἰδέναι.
329 861 474 931 ἀλλ’,
514 855 560 917 ὦ
578 859 744 932 ’γαθέ
753 903 767 931 ,
807 867 1113 932 προθυμοῦ
1133 864 1222 916 καὶ
1240 858 1371 932 ἡμῖν
1391 864 1768 927 ἐνδείξασθαι·

86 946 240 1002 οὔτοι
270 951 454 1009 κακῶς
485 962 573 999 σοι
603 948 870 1014 κείσεται,
910 940 943 998 ὅ
962 966 1012 997 τι
1042 939 1115 998 ἂν
1142 941 1285 1014 ἡμᾶς
1312 943 1585 999 τοσούσδε
1604 941 1768 1009 ὄντας
1794 955 1883 1000 345

86 1027 462 1099 εὐεργετήσῃς.
494 1023 600 1096 ἐγώ
619 1023 727 1095 γὰρ
750 1025 818 1095 δή
841 1043 928 1080 σοι
949 1029 1088 1094 λέγω
1109 1025 1172 1080 τό
1191 1023 1244 1095 γ’
1271 1025 1434 1096 ε’μόν,
1456 1024 1539 1082 ὅτι
1559 1023 1626 1080 οὐ
1649 1030 1770 1081 πεί-

84 1119 258 1179 θομαι
304 1105 430 1163 οὐδ’
472 1105 621 1177 οἶμαι
662 1104 884 1161 ἀδικίαν
931 1106 1289 1178 δικαιοσύνης
1326 1106 1769 1179 κερδαλεώτερον

85 1191 250 1259 εἶναι,
291 1186 417 1244 οὐδ’
446 1187 547 1243 ἐὰν
578 1191 642 1259 ἐᾷ
672 1210 752 1251 τις
782 1186 961 1258 αὐτὴν
987 1191 1077 1243 καὶ
1106 1186 1179 1259 μὴ
1203 1189 1485 1262 διακωλύῃ
1507 1189 1770 1258 πράττειν

84 1270 118 1326 ὁὶ
137 1271 396 1343 βούλεται
412 1290 423 1300 ·
454 1265 599 1339 ἀλλ’,
623 1262 669 1322 ὦ
682 1266 873 1339 ’γαθέ,
895 1273 1032 1323 ἔστω
1052 1271 1154 1339 μὲν
1172 1268 1391 1342 ἄδικος,
1416 1269 1686 1326 δυνάσθω
1708 1273 1767 1326 δὲ

82 1352 294 1409 άδικεῖν
327 1347 363 1422 ἦ
393 1356 468 1420 τῷ
500 1350 810 1406 λανθάνειν
838 1346 876 1420 ἢ
894 1356 972 1423 τῷ
992 1350 1386 1421 διαμάχεσθαι,
1425 1349 1574 1421 ὅμως
1595 1353 1690 1422 ἐμέ
1703 1374 1766 1422 γε

83 1435 152 1490 οὐ
180 1440 362 1489 πείθει
391 1455 464 1497 ως
486 1437 599 1488 ἔστι
626 1439 724 1504 τῆς
753 1432 1108 1503 δικαιοσύνης
1125 1431 1584 1503 κερδαλεώτερον.
1604 1431 1764 1488 ταῦτ’

84 1511 191 1571 οὖν
218 1517 308 1571 καὶ
337 1517 520 1585 ἕτερος
550 1522 682 1579 ἴσως
701 1537 782 1580 τις
810 1512 972 1585 ἡμων
989 1517 1300 1585 πέπονθεν,
1340 1512 1410 1569 οὐ
1439 1513 1610 1585 μόνος
1638 1515 1760 1586 ἐγώ.
1795 1526 1828 1566 Β

82 1609 275 1652 πεῖσον
295 1597 427 1664 οὐν,
450 1619 493 1651 ω
514 1595 766 1667 μακάριε,
789 1594 1039 1661 ίκανως
1010 1602 1171 1667 ημᾶς,
1192 1594 1275 1651 ὅτι
1295 1593 1399 1652 οὐκ
1418 1593 1608 1665 ὀρθως
1626 1603 1766 1669 βον-

81 1686 138 1734 λε
147 1679 361 1748 υόμεθα
382 1678 743 1748 δικαιοσύνην
762 1675 976 1742 ἀδικίας
996 1680 1119 1745 περὶ
1150 1683 1405 1744 πλείονος
1425 1680 1764 1750 ποιούμενοι.

84 1762 190 1815 Καὶ
210 1766 350 1828 πῶς,
371 1764 505 1830 ἔφη,
526 1762 588 1814 σε
605 1764 803 1826 πείσω;
843 1764 892 1814 εἰ
908 1757 1016 1829 γὰρ
1037 1754 1120 1823 οἷς
1138 1765 1246 1814 νῦν
1267 1758 1334 1830 δὴ
1355 1764 1547 1830 ἔλεγον
1567 1759 1639 1831 μὴ
1664 1766 1765 1816 πέ-

82 1859 290 1911 πεισαι,
324 1846 380 1896 τί
406 1857 494 1895 σοι
524 1846 601 1896 ἔτι
631 1842 873 1911 ποιήσω;
909 1835 945 1911 ἢ
975 1844 1048 1904 εἰς
1078 1838 1179 1910 τὴν
1197 1839 1382 1910 ψυχὴν
1402 1843 1592 1910 φέρων
1612 1843 1764 1897 ἐνθῶ

81 1922 183 1977 τὸν
210 1923 404 1992 λόγονς
443 1922 545 1977 Μὰ
568 1922 683 1992 Δί’,
727 1916 799 1992 ἦν
819 1918 869 1976 δ’
894 1921 1029 1990 ἐγώ,
1069 1920 1141 1992 μή
1164 1922 1235 1976 σύ
1258 1943 1344 1991 γε·
1383 1919 1522 1977 ἀλλὰ
1544 1930 1766 1990 πρῶτον

83 2008 214 2075 μέν,
243 2002 281 2059 ὁὶ
299 2000 371 2059 ἄν
392 2011 573 2076 εἴπῃς,
606 2009 803 2074 ἔμμενε
823 2002 1064 2070 τούτοις,
1096 1999 1133 2073 ἦ
1152 2002 1252 2058 ἐὰν
1271 2011 1538 2077 μετατιθῇ
1553 2047 1565 2070 ,
1589 2026 1766 2074 φανε-

83 2091 195 2154 ραῖς
229 2091 556 2156 μετατίθεσο
594 2086 685 2140 καὶ
719 2082 862 2155 ἡμᾶς
893 2082 966 2154 μὴ
996 2084 1251 2149 ἐξαπάτα.
1291 2090 1400 2140 νῦν
1430 2085 1490 2140 δὲ
1518 2082 1678 2158 ὁρᾷς,
1720 2079 1765 2141 03

81 2166 429 2236 Θρασύμαχε,
450 2169 527 2221 ἔτι
545 2164 654 2236 γὰρ
670 2165 736 2221 τὰ
756 2169 1074 2236 ἔμπροσθεν
1095 2166 1538 2237 ἐπισκεψώμεθα,
1559 2165 1645 2223 ὅτι
1663 2165 1764 2222 τὸν
1792 2180 1823 2222 G

79 2244 152 2312 ὥς
181 2245 408 2318 άληθῶς
437 2246 631 2320 ἰατρὸν
658 2247 719 2303 τὸ
749 2254 972 2318 πρῶτον
991 2245 1312 2318 ὁριζόμενος
1326 2246 1426 2304 τὸν
1446 2246 1518 2313 ὡς
1538 2246 1763 2319 ἀληθῶς

78 2332 310 2398 ποιμένα
330 2327 515 2385 οὐκέτι
535 2328 652 2404 ᾆίου
674 2333 790 2385 δεῖν
810 2328 1049 2400 ὕστερον
1068 2327 1313 2401 ἀκριβῶς
1333 2329 1598 2399 φυλάξαι,
1620 2328 1760 2386 ἀλλὰ

77 2414 316 2465 πιαίνειν
346 2419 446 2467 οἴει
466 2410 643 2467 αὐτὸν
661 2410 727 2467 τὰ
750 2412 1002 2484 πρόβατα
1015 2454 1030 2481 ,
1051 2409 1184 2467 καθ’
1210 2410 1347 2467 ὅσον
1366 2411 1574 2483 ποιμήν
1593 2415 1759 2483 ἐστιν,

78 2487 147 2545 οὐ
186 2490 325 2558 πρὸς
359 2491 420 2546 τὸ
459 2499 574 2548 τῶν
609 2494 907 2565 προβάτων
955 2496 1241 2566 βέλτιστον
1286 2494 1591 2565 βλέποντα,
1636 2492 1759 2550 ἀλλ’

78 2571 264 2640 ὥσπερ
297 2574 604 2643 δαιτυμόνα
638 2576 763 2630 τινὰ
794 2579 883 2631 καὶ
920 2580 1191 2646 μέλλοντα
1232 2575 1584 2630 ἑστιάσεσθαι
1620 2574 1759 2647 πρὸς

71 2652 175 2724 τὴν
213 2651 477 2725 εὐωχίαν,
515 2651 552 2726 ἢ
589 2649 662 2710 αὖ
700 2655 839 2725 πρὸς
865 2656 926 2712 τό
961 2657 1302 2726 ἀποδόσθαι,
1337 2655 1522 2725 ὥσπερ
1542 2678 1759 2728 χρημα-

70 2735 262 2805 τιστὴν
292 2735 415 2790 ἀλλ’
438 2734 508 2790 οὐ
526 2739 774 2806 ποιμένα.
813 2743 879 2810 τῇ
900 2739 958 2794 δὲ
979 2745 1272 2810 ποιμενικῇ
1291 2735 1359 2793 οὐ
1379 2738 1560 2809 δήπου
1579 2736 1752 2793 ἄλλου
1781 2753 1818 2794 D

71 2835 171 2870 του
201 2820 350 2885 μέλει
379 2815 439 2887 ἤ,
480 2814 562 2887 ἐφ’
598 2810 645 2891 ᾦ
671 2822 947 2889 τέτακται,
988 2818 1139 2884 ὅπως
1167 2820 1346 2893 τούτῳ
1374 2816 1434 2875 τὸ
1468 2823 1756 2891 βέλτιστον
