1962 3236
724 169 1121 216 PRAEFATIO.
1778 179 1826 208 tx

29 284 256 345 ἀργύριον
284 290 432 338 ποιεῖ,
462 288 630 341 aliaque
651 285 846 340 exempla
872 286 990 342 apud
1018 284 1166 328 Stallb.
1192 285 1247 326 ad
1269 284 1398 340 Gorg.
1418 299 1457 330 c.
1481 284 1553 328 36.
1581 306 1640 314 -
1667 286 1714 326 Ρ.
1738 285 1825 326 412

8 354 67 393 ,Α
98 347 181 390 τοῦ
208 341 423 389 τοιούτου
450 347 483 388 P
514 353 555 387 et
585 343 895 390 Schneiderus‚
925 337 1139 385 τοιούτου
1167 341 1308 383 VBST
1338 351 1511 397 propter
1542 354 1723 394 sequens
1755 354 1822 381 τι·

31 401 137 455 νός,
171 415 216 447 ut
242 406 408 447 videtur
426 403 603 444 articulo
629 405 814 449 omisso,
838 414 961 453 quem
985 408 1124 443 tamen
1153 401 1278 442 etiam
1306 412 1536 454 pronomen
1561 399 1825 441 indefinitum

30 467 254 508 admittere
276 462 459 505 ostendit
490 453 516 499 ὁ
540 452 695 511 τυχόν
715 470 785 504 τις
810 449 952 511 ὅρκος
971 458 1186 500 Demosth.
1214 458 1419 503 Aristocr.
1443 459 1486 510 §.
1513 457 1583 506 68,
1615 451 1640 496 ὁ
1665 450 1828 508 κύριός

29 537 100 570 τις
132 521 262 576 Soph.
295 519 399 563 Oed.
430 516 519 559 cot.
550 515 636 558 288
667 524 748 558 etc.
780 539 840 548 —
866 519 911 559 P.
943 518 1029 559 412
1059 516 1096 558 D
1125 506 1242 558 ὅταν
1272 510 1470 567 μάλιστα
1497 517 1598 568 quia
1631 516 1824 566 sequenti

29 582 218 635 optativo
242 589 324 619 non
346 575 566 622 convenit,
592 575 953 623 circumscribere,
981 587 1108 627 quam
1135 587 1230 615 cum
1250 571 1354 613 VBS
1376 571 1534 626 οἴηται
1555 571 1822 614 manifestam

31 648 262 693 paucorum
292 634 484 676 codicum
509 633 808 673 correctionem
829 635 936 674 tueri
962 634 1113 680 malni;
1148 631 1418 684 interpolatio
1447 639 1510 672 est
1529 629 1663 678 scioli,
1697 643 1825 682 quem

30 693 407 737 demonstrativum
443 683 625 730 ἐκείνου
654 697 751 743 post
781 680 1072 745 relativum-135
1103 690 1303 736 offendit,
1334 689 1429 730 licet
1460 689 1567 730 haec
1601 688 1718 741 ipsa,
1753 689 1826 730 ubi

29 753 187 795 diversi
208 762 332 792 casus
354 750 625 800 requiruntur
640 778 651 797 ,
686 748 875 801 legitima
901 748 1155 788 constructio
1179 749 1256 792 sit;
1286 747 1342 788 cf.
1367 759 1464 801 sup.
1489 760 1524 788 c.
1558 745 1587 787 8
1610 751 1651 787 et
1673 743 1819 790 Stallb.

28 810 85 853 ad
114 809 244 863 Gorg.
277 821 314 852 c.
348 808 390 851 7.
423 826 483 835 -
511 807 557 849 P.
590 804 675 847 413
709 804 740 846 C
771 812 867 858 post
898 799 1021 845 εἶναι
1057 805 1203 846 addidi
1243 797 1413 852 αὐτοὺς
1450 804 1633 848 ποιεῖν,
1674 803 1823 844 leviter

29 876 188 909 tantum
220 871 381 907 mutata
411 864 688 918 plurimorum
723 863 913 904 codicum
949 863 1128 904 lectione
1156 854 1318 907 αὐτοῖς
1349 863 1529 911 ποιεῖν,
1562 873 1671 912 quae
1701 867 1822 913 post-

29 939 157 974 quam
188 932 294 965 teste
326 921 461 977 praef.
493 921 631 963 Turic.
669 921 794 962 etiam
827 921 867 960 in
900 920 1031 961 Paris.
1069 920 1239 960 inventa
1267 927 1353 967 est,
1385 919 1724 973 interpolamenti
1755 931 1827 958 su-

28 985 215 1038 spicione
236 983 279 1022 in
300 986 518 1035 posterum
544 979 715 1023 carebit.
749 977 947 1019 nativum
974 977 1124 1025 modo,
1154 990 1278 1030 quem
1301 977 1462 1019 librarii
1486 976 1551 1018 vel
1575 977 1629 1017 ad
1654 971 1826 1016 δοκῶσι

31 1042 95 1083 vel
126 1042 179 1081 ad
208 1034 441 1095 βέλτιστον
470 1037 664 1078 retulisse
697 1036 911 1085 videntur,
945 1037 1185 1077 accusativo
1212 1036 1364 1076 mutari
1389 1036 1495 1076 ratio
1522 1035 1674 1088 jussit;
1709 1035 1825 1074 verbi

26 1101 166 1153 ipsius
196 1098 388 1150 repetitio
422 1095 655 1135 sententiae
688 1094 881 1147 apprime
918 1095 1126 1137 convenit.
1164 1114 1223 1124 —
1261 1094 1306 1134 P.
1340 1092 1427 1134 414
1458 1092 1492 1132 E
1533 1086 1597 1139 ὡς
1627 1084 1657 1144 ἡ
1686 1089 1746 1144 γῆ
1774 1091 1824 1141 Η,

27 1152 109 1198 aaut
140 1148 168 1208 ἦ
196 1153 254 1207 γῆ
286 1154 405 1203 libri,
439 1153 509 1192 ubi
538 1159 675 1192 tamen
707 1164 790 1203 quo
822 1151 1071 1205 particulam
1099 1150 1285 1200 referas,
1317 1162 1444 1204 aegre
1471 1150 1680 1203 reperias3
1714 1161 1825 1190 nunc

28 1215 222 1256 iteratur.
258 1212 368 1252 unde
398 1218 486 1250 tota
512 1216 723 1251 structura
752 1209 985 1262 pependit,
1019 1200 1081 1254 ὥς
1111 1201 1228 1259 ἄρας
1259 1206 1314 1249 cf.
1343 1206 1547 1248 Ritschel.
1580 1208 1689 1248 Mus.
1713 1206 1825 1247 Rhe-

0 1300 2 1302 -
27 1284 125 1314 nau.
153 1270 202 1311 T.
234 1270 304 1310 IV.
339 1282 384 1323 p.
406 1267 507 1311 441.
540 1289 598 1296 -
627 1268 673 1309 Ρ.
698 1266 784 1309 416
814 1265 845 1307 C
876 1258 1327 1317 παρασκευάσασθαι
1359 1267 1412 1314 Ρ,
1444 1258 1827 1316 παρεσκευάσθαι·

27 1327 194 1378 VEST,
225 1340 307 1379 quo
337 1326 463 1369 solita
493 1339 581 1367 acc.
614 1339 651 1366 c.
688 1325 764 1369 inf.
789 1325 1045 1365 constructio
1079 1324 1196 1377 apud
1222 1319 1325 1363 δεῖν
1356 1330 1571 1369 servatur:
1604 1330 1645 1362 at
1678 1322 1823 1364 dativo

28 1399 194 1440 quoque
224 1384 364 1426 locum
396 1384 582 1425 vindicat
611 1382 803 1437 Xenoph.
834 1383 968 1424 Anab.
995 1382 1064 1422 ΙΙΙ.
1096 1383 1138 1422 4.
1165 1380 1243 1422 35:
1278 1377 1355 1420 δεῖ
1380 1373 1600 1430 ἐπισάξαι
1629 1372 1713 1421 τὸν
1746 1377 1825 1420 ἴαν

25 1455 121 1485 πον
140 1437 296 1496 Πέρσῃ
324 1435 490 1494 άνδρί,
516 1454 728 1493 quumque
753 1441 950 1482 custodes
975 1446 1099 1480 antea
1126 1430 1264 1485 εὐνὰς
1286 1430 1583 1492 ποιήσασθαι
1604 1438 1690 1490 ipsi
1713 1437 1826 1491 jussi

25 1503 132 1549 siut,
172 1500 286 1542 haud
324 1501 413 1541 scio
452 1512 504 1539 au
543 1512 652 1539 nunc
690 1511 858 1551 quoqne
886 1497 1072 1540 medium
1110 1498 1379 1551 aptissimum
1409 1497 1488 1549 sit;
1531 1495 1682 1537 melior
1713 1502 1824 1536 certe

26 1562 120 1610 qius
151 1570 279 1600 causa
307 1565 371 1599 est
400 1569 524 1610 quam
553 1569 672 1608 sequ.
708 1556 966 1609 conjunctivi
996 1546 1172 1610 ἐπάρῃ,
1206 1568 1331 1606 quem
1359 1567 1412 1596 ne
1441 1551 1698 1595 Schneidero
1731 1553 1825 1605 qui-

26 1617 124 1659 dem
154 1617 212 1657 ita
238 1616 466 1658 defendere
494 1616 694 1668 contigit,
724 1622 769 1655 ut
798 1614 1107 1667 paratissimam
1138 1613 1287 1655 Stallb.
1320 1611 1529 1654 medelam
1558 1602 1727 1665 ἕπαροῑ
1759 1623 1824 1651 re-

26 1674 204 1730 pudiare
235 1674 451 1716 auderem.

146 1789 268 1840 Reip.
300 1787 328 1828 Ι.
359 1788 430 1831 tv,
465 1800 507 1840 p.
537 1790 622 1828 1122
657 1787 687 1827 C
720 1782 885 1832 πλέους
916 1788 967 1832 Ρ,
996 1784 1183 1832 πλείους
1213 1785 1378 1834 VBST;
1410 1784 1467 1826 cf.
1499 1798 1544 1838 p.
1577 1783 1664 1827 330
1694 1785 1746 1824 Α.
1766 1806 1823 1815 -

23 1846 72 1887 P.
104 1847 189 1886 425
214 1845 246 1885 C
266 1837 378 1885 τάδε
406 1854 503 1886 unte
531 1837 588 1884 τὰ
613 1837 816 1896 άγοραῖα
845 1856 939 1884 cum
971 1846 997 1885 P
1030 1844 1211 1894 aliisque
1245 1842 1389 1883 multis
1418 1843 1541 1883 omisi
1572 1842 1826 1883 eorundem-

25 1915 108 1955 que
148 1903 329 1956 vestigia
368 1911 538 1942 secutus
581 1916 678 1942 mox
720 1901 773 1941 ad
806 1901 919 1955 vulg.
957 1901 1049 1944 lect.
1084 1894 1237 1952 λήξεις
1274 1908 1315 1940 et
1347 1893 1657 1946 ’καταστάσεις
1697 1899 1822 1950 redii,

21 1961 179 2013 quibus
205 1960 319 2011 qnod
344 1959 444 2000 BST
478 1968 519 1999 et
546 1959 826 2000 Schneiderus
857 1972 891 1997 c.
925 1959 1043 1999 Astio
1071 1959 1379 1999 substituerunt
1409 1949 1584 2010 λήξεως
1615 1964 1655 1998 et
1685 1967 1825 1996 κατα-

23 2010 242 2066 στάσεως,
274 2019 315 2058 in
345 2019 581 2071 posteriore
613 2024 775 2057 tantum
810 2029 912 2057 voce
947 2018 1107 2067 majore
1141 2016 1333 2056 codicum
1356 2027 1532 2056 numero
1555 2014 1824 2056 commenda-

22 2082 107 2122 tur,
142 2075 183 2115 iu
215 2076 356 2127 priore
386 2074 663 2127 interpolatos
696 2074 836 2126 potius
864 2082 1127 2113 correctosve
1160 2081 1289 2113 testes
1318 2072 1460 2113 habet.
1495 2073 1692 2113 Veterem
1723 2084 1823 2113 con-

22 2128 232 2175 tusionem
265 2144 359 2173 csse
390 2140 430 2172 et
460 2132 568 2173 illud
599 2132 773 2185 probat,
807 2131 921 2182 quod
948 2131 1045 2174 Vat.
1078 2127 1118 2172 Θ
1146 2126 1226 2170 καὶ
1258 2127 1404 2170 δικῶν
1435 2123 1591 2183 λήξεις
1617 2135 1716 2184 post
1744 2141 1823 2170 κα-

18 2180 281 2236 ταστάσεως
312 2190 454 2243 ponit,
488 2189 599 2230 Mon.
633 2189 689 2241 B,
721 2189 794 2240 qui
824 2201 920 2228 cum
947 2189 1096 2242 paucis
1129 2183 1304 2240 λήξεως
1337 2188 1475 2238 offert,
1509 2197 1647 2229 tamen
1682 2198 1822 2227 κατα-

21 2239 202 2293 ’στάσεις
221 2248 425 2295 servavit3
453 2248 608 2299 quibus
631 2247 672 2287 iu
690 2248 821 2287 turbis
848 2246 891 2286 id
914 2245 1137 2299 amplexus
1159 2259 1267 2295 sum,
1287 2246 1401 2299 quod
1424 2245 1592 2287 facilius
1609 2246 1821 2298 corrumpi

82 2304 213 2345 tuisse
238 2305 474 2353 videretur,
503 2306 541 2345 si
568 2304 738 2355 quidem
771 2303 931 2344 librarii
961 2299 1040 2344 καὶ
1058 2300 1213 2344 -καὶ
1246 2305 1354 2345 inter
1385 2317 1430 2344 se
1460 2302 1717 2358 respondere
1750 2303 1823 2342 ob-

54 2362 84 2401 ti
113 2357 259 2402 esav
289 2354 444 2414 λήξεις
486 2370 527 2403 et
572 2359 804 2401 δικαστῶν
842 2354 1165 2409 καταστάσεις,
1210 2362 1322 2402 unde
1363 2362 1543 2416 genitivi
1573 2357 1824 2410 λοιδοριῶν

21 2413 104 2459 καὶ
125 2411 283 2466 αἰκίας
305 2420 510 2472 pendent,
539 2418 604 2459 his
632 2420 736 2473 ipsis
763 2419 1059 2461 assimilandas
1087 2432 1181 2460 esse
1212 2420 1430 2472 putabant.
1462 2419 1687 2460 Praeterea
1716 2411 1823 2468 πέρι

21 2482 119 2516 ante
150 2472 443 2530 ξυμβολαίων
473 2478 515 2517 in
543 2474 650 2527 περὶ
683 2479 832 2517 mutari
857 2478 966 2518 ratio
992 2478 1135 2530 jussit.
1167 2498 1227 2506 ·—
1258 2477 1304 2521 P.
1333 2476 1419 2519 428
1447 2476 1478 2517 C
1503 2464 1533 2531 ᾗ
1565 2469 1648 2528 οὐχ
1681 2487 1758 2528 pro
1791 2466 1823 2527 ἢ

21 2524 108 2584 οὔχ
142 2533 172 2572 ΙΙ
206 2546 301 2574 cum
334 2535 482 2586 paucis
521 2536 693 2584 quidem
728 2534 868 2580 libris.
910 2535 987 2576 sed
1018 2535 1234 2587 flagitante
1268 2546 1366 2575 mox
1408 2525 1598 2585 ἑαυτῆς,
1641 2533 1755 2585 qnod
1797 2545 1822 2573 n

15 2588 53 2632 Ῥ
87 2598 128 2630 ct
161 2590 199 2629 V
231 2590 427 2631 traditum
458 2592 501 2630 in
533 2583 678 2643 αὐτῆς
711 2599 872 2632 mutare
911 2605 1008 2632 cum
1041 2593 1159 2633 Astio
1191 2589 1290 2632 BST
1320 2604 1402 2631 non
1425 2591 1678 2632 debuerant:
1717 2589 1818 2630 mihi

0 2644 101 2690 »lue
129 2656 291 2689 tantum
324 2649 495 2702 optione
535 2648 703 2697 relicta,
745 2655 881 2689 utrum
914 2641 1081 2702 ἑαυτῆς
1118 2661 1362 2703 spernerem
1394 2660 1445 2689 an
1477 2637 1508 2700 ἢ
1541 2647 1607 2689 vel
1639 2660 1692 2689 ex
1723 2659 1821 2688 cou-

0 2728 1 2731 =
90 2714 181 2745 turn
224 2705 267 2745 in
305 2693 336 2760 ᾖ
376 2713 604 2750 mutarem.
648 2706 751 2746 liam·
794 2706 928 2746 lenior
959 2706 1123 2747 medela
1156 2707 1246 2746 visa
1278 2712 1367 2754 est,
1405 2705 1659 2759 praesertim
1691 2716 1819 2756 quum

106 2754 284 2803 letinae
318 2763 374 2803 ad
411 2754 673 2815 ἐπιστήμην
714 2762 889 2803 rolatum
923 2765 1047 2804 etiam
1081 2770 1203 2804 antea
1230 2759 1571 2818 βουλευομένην
1605 2774 1682 2816 pro
1712 2758 1819 2817 βου-

0 2831 37 2884 ῑ,
124 2817 242 2874 mn
267 2821 394 2862 scribi
415 2820 645 2874 postularet
661 2852 671 2870 ,
695 2822 734 2861 in
761 2833 844 2872 quo
862 2834 970 2862 nunc
988 2819 1315 2863 Stnllbaumium
1333 2822 1455 2872 sequi
1478 2831 1585 2874 opus
1606 2832 1687 2861 nou
1712 2826 1816 2861 erat.

11 2899 31 2916 e

11 2932 35 2971 sl

7 3097 35 3111 Ᾰ

23 3121 42 3137 ἢ

27 3210 37 3229 0
