1962 3236
139 174 200 205 xx
836 157 1224 199 PRAEFATIO.

139 275 203 317 ST
238 280 279 316 ct
307 274 587 316 Schneiderus
621 286 716 314 cum
747 273 896 314 ceteris
928 271 1048 312 libris
1082 270 1169 311 fere
1200 271 1420 318 omnibus,
1461 269 1538 309 sed
1568 272 1767 311 correctis
1800 278 1844 311 ut
1872 273 1933 312 vi·

141 334 263 375 detur
288 345 313 373 a
339 332 638 387 grammaticis,
665 331 738 382 qui
758 322 893 380 ἄξιον
918 328 1154 382 elegantius
1179 325 1516 380 impersonaliter
1537 328 1642 368 strui
1666 329 1931 381 ignorarent3

140 391 195 436 cf.
223 390 335 432 VIII.
371 389 427 430 14
451 379 587 440 ἄξιον
616 381 778 437 οἰκεῖν,
809 387 968 428 Phaed.
1003 398 1040 425 c.
1069 383 1124 425 58
1156 375 1292 435 ἄξιον
1322 375 1543 432 οἰκοῦσαι,
1575 383 1785 436 pluraque
1817 386 1932 439 apud

141 448 302 488 Sinten.
334 447 388 488 ad
418 447 527 490 Plut.
563 447 713 490 Them.
747 457 789 498 p.
823 444 924 486 204.
952 465 1007 472 -
1038 443 1085 486 P.
1121 441 1206 484 607
1238 442 1272 483 Β
1302 432 1654 492 ἄπολελογίσθω
1686 443 1734 491 Ρ,
1767 433 1933 484 ἀπολε-

139 498 359 558 λογήσθω
383 503 523 544 VBST
552 510 592 544 et
621 502 920 554 Schneiderus,
954 500 1026 551 qui
1056 506 1196 540 tamen
1227 498 1337 540 illud
1365 504 1404 539 et
1431 497 1619 551 Sophist.
1646 511 1688 551 p.
1717 498 1799 540 261
1830 499 1866 540 D
1894 508 1934 540 et

139 562 358 603 Demosth.
387 562 569 606 Timocr.
597 562 638 612 S.
677 559 758 602 108
785 558 1014 607 concessit,
1047 557 1160 598 unde
1189 557 1382 599 videmus
1410 567 1505 596 esse
1536 558 1770 610 sinyulatim
1799 560 1932 599 racio-

139 633 229 661 nem
258 619 439 660 reddere
466 619 533 658 vel
553 623 780 670 exputare,
813 616 927 667 quod
955 614 1072 656 haud
1101 613 1189 655 scio
1224 627 1278 655 an
1305 607 1443 666 λόγου
1474 614 1650 663 notioni,
1684 626 1809 665 quam
1834 627 1933 655 mox

140 676 331 718 Socrates
351 682 489 729 urget,
520 677 645 716 etiam
676 675 815 728 magis
842 685 968 725 quam
998 671 1183 725 simplex
1202 672 1392 724 defensio
1418 678 1636 724 congruat.
1679 670 1776 711 Alia
1802 684 1933 712 causa

140 741 204 775 est
233 747 275 786 p.
306 733 390 775 607
420 733 480 783 D,
513 733 639 773 modo
665 731 735 771 hic
766 744 932 782 quoque
963 742 1058 770 cum
1087 730 1182 772 Par.
1213 723 1598 782 οἷπολογησομένη
1630 730 1772 782 potius
1805 741 1932 780 quam

139 803 236 833 cum
276 790 340 831 ST
368 796 407 830 et
433 789 688 830 Schneidero
721 780 1107 840 ἀπολογησαμένη
1139 787 1397 836 scribamus;
1427 787 1579 840 judicii
1612 788 1743 835 enim,
1779 787 1821 826 in
1849 800 1931 838 quo

141 860 310 889 causam
343 847 483 888 dicere
514 847 664 900 poesin
694 853 870 899 oportet,
902 847 1010 885 intra
1042 845 1256 886 civitatem
1288 844 1408 885 locus
1429 851 1508 896 est,
1542 844 1655 885 unde
1678 845 1868 895 sequitur
1889 855 1934 884 ut

140 918 222 947 non
250 904 440 946 defensio
471 906 652 945 reditum
685 904 761 944 sed
789 904 948 943 reditus
977 902 1267 943 defensionem
1295 903 1530 950 antecedat,
1558 902 1809 942 condicione
1839 908 1932 941 tan-

139 971 229 1004 tum
256 962 434 1015 adjecta,
467 968 513 1002 ut
536 973 709 1002 causam
740 973 858 1001 suam
876 959 1145 1013 philosophis
1173 961 1405 1012 probet.-
1421 959 1527 999 Ibid.
1549 951 1598 998 ἒν
1623 954 1745 1010 μέλει
1773 958 1804 998 Ρ
1829 965 1935 999 teste

138 1019 274 1075 praef.
297 1020 440 1062 Turio.
468 1020 560 1059 sine
588 1009 644 1071 ἦ,
680 1018 794 1070 quod
820 1029 949 1068 quum
978 1018 1028 1057 ab
1063 1016 1156 1056 aliis
1184 1029 1352 1083 quoque
1373 1015 1570 1069 plurimis
1600 1016 1731 1062 absit,
1765 1016 1934 1056 tolerari

139 1077 326 1130 amplius
357 1088 441 1116 non
473 1081 651 1129 poterat.
688 1097 741 1103 —
770 1076 815 1118 P.
848 1074 932 1115 610
962 1075 1000 1114 Α
1027 1066 1255 1125 ὀρθότατ’
1280 1086 1340 1113 αν
1359 1105 1369 1116 .
1392 1104 1401 1113 .
1424 1104 1433 1113 .
1452 1068 1599 1126 λέγοις
1628 1072 1670 1122 S,
1703 1065 1933 1123 ὀρθότατ’

138 1124 199 1175 ἂν
219 1168 228 1178 .
254 1167 263 1178 ,
287 1164 296 1173 .
319 1127 463 1186 λέγεις
485 1135 524 1175 V
553 1140 592 1172 et
618 1131 898 1172 Schneiderus
924 1144 1019 1171 cum
1047 1132 1190 1179 libris,
1222 1123 1461 1183 ὀρθότατα
1480 1162 1489 1171 .
1510 1161 1519 1171 .
1538 1164 1547 1174 .
1567 1125 1710 1183 λέγεις
1737 1129 1805 1172 ΒΤ
1836 1143 1933 1171 cum

139 1193 283 1239 Astio‚
314 1191 370 1231 ad
388 1195 639 1231 structuram
663 1189 820 1230 rectius
847 1201 973 1241 quam
1001 1188 1309 1238 Schneiderus,
1343 1201 1468 1240 quem
1495 1190 1627 1228 miror
1654 1187 1932 1229 Stallbaumio

138 1250 292 1290 minime
314 1249 512 1289 usitatam
530 1247 788 1289 assentiendi
803 1247 1023 1300 formulam
1048 1247 1314 1299 exprobrare,
1343 1247 1465 1297 quasi
1492 1237 1550 1285 ὂὶν
1573 1242 1714 1297 λέγεις
1741 1245 1934 1299 pluribus

141 1307 350 1359 exemplis
383 1306 559 1353 nitatur;
593 1306 721 1344 immo
750 1311 921 1344 nostrae
953 1304 1069 1344 aliud
1099 1305 1225 1344 latere
1254 1304 1423 1345 videtur
1449 1303 1582 1358 Legg.
1618 1304 1666 1343 II.
1695 1315 1740 1356 p.
1770 1302 1856 1344 656
1882 1303 1933 1346 A,

140 1365 215 1404 ubi
244 1375 322 1417 pro
356 1355 593 1415 ὀρθότατα
618 1357 761 1415 λέγεις
785 1362 877 1415 ipse
908 1362 1003 1402 Par.
1038 1355 1184 1414 λέγοις
1212 1361 1396 1402 exhibet.
1439 1360 1538 1401 Mox
1572 1373 1740 1412 quoque
1771 1372 1813 1413 p.
1847 1359 1934 1402 610

139 1421 174 1461 D
202 1434 297 1462 cum
328 1420 474 1462 Stallb.
498 1413 639 1460 αὐτοῦ
665 1412 830 1459 τούτου
850 1431 925 1472 pro
947 1412 1090 1459 αὐτοῦ
1112 1416 1194 1458 τοῦ
1219 1426 1258 1460 et
1286 1411 1366 1458 διὰ
1392 1415 1526 1457 τοῦτο
1548 1431 1624 1471 pro
1654 1413 1735 1458 διὰ
1766 1410 1934 1456 τούτου

141 1479 294 1531 scripsi
325 1479 517 1530 quamvis
546 1478 736 1518 codicum
766 1476 848 1517 fide
875 1477 1043 1530 exigua,
1076 1483 1117 1517 at
1148 1478 1242 1529 ipso
1274 1488 1469 1516 sermone
1492 1477 1684 1528 jubente,
1717 1488 1800 1526 quo
1827 1475 1933 1514 duce

139 1536 274 1590 prisci
301 1535 504 1576 librorum
529 1540 784 1576 correctores
811 1536 972 1586 passim
1002 1535 1231 1575 inveterata
1257 1534 1410 1574 menda
1439 1533 1713 1574 sustulerunt.
1752 1523 1934 1572 Τούτου

140 1594 299 1644 requiri
330 1594 458 1634 etiam
482 1593 612 1635 Bekk.
641 1593 864 1639 intellexit3
900 1592 945 1632 id
975 1593 1114 1644 ipsum
1147 1597 1286 1632 autem
1311 1591 1428 1632 haud
1451 1591 1539 1631 scio
1569 1603 1621 1630 an
1652 1590 1750 1630 olim
1781 1590 1933 1630 vitioso

139 1647 222 1690 τοῦ
254 1650 502 1704 corrigendo
536 1651 788 1702 ascriptum,
826 1649 978 1690 deinde
1015 1649 1150 1689 alieno
1184 1649 1278 1690 loco
1309 1648 1498 1697 illatum,
1542 1660 1699 1688 novum
1732 1646 1933 1687 mendum

145 1709 366 1749 creaverit.
388 1731 445 1737 —
460 1707 506 1750 P.
529 1707 615 1750 612
636 1708 671 1748 D
691 1694 752 1759 ἦν
772 1698 814 1746 δ’
828 1697 912 1758 ἐγώ
933 1706 983 1757 Η,
1001 1698 1087 1759 ε’γώ
1104 1704 1243 1747 VBST
1267 1712 1306 1746 et
1323 1705 1623 1756 SchneideruS‚
1645 1705 1776 1744 invito
1792 1709 1932 1744 tamen

139 1765 194 1814 P,
230 1766 305 1816 qui
332 1779 428 1807 cum
463 1766 557 1806 aliis
590 1765 707 1806 libris
738 1766 863 1805 etiam
893 1776 1123 1817 pronomen
1150 1764 1326 1812 omittit;
1359 1764 1471 1815 quod
1500 1775 1631 1813 quum
1663 1761 1736 1801 alii
1766 1773 1932 1800 rursum

141 1835 236 1864 cum
253 1812 329 1875 ’ἦν
357 1824 625 1876 conjunctum
649 1828 745 1862 ante
764 1819 925 1861 τοίνυν
948 1822 1133 1861 inserant
1154 1821 1344 1872 adeoque
1365 1821 1461 1860 Par.
1487 1820 1644 1860 ibidem
1670 1807 1734 1871 ἦν
1763 1818 1929 1867 habeat,

88 1881 441 1926 „immanifesta
463 1880 584 1920 codd.
619 1879 867 1920 confusione
888 1879 1279 1932 probabilissimum
1310 1885 1398 1918 erat
1430 1877 1654 1918 formulam
1686 1863 1750 1928 ἦν
1782 1867 1824 1915 δ’
1846 1866 1930 1926 ἐγώ

141 1945 238 1992 apto
272 1939 366 1979 loco
395 1938 540 1987 reddi,
571 1937 681 1977 unde
710 1943 935 1990 postquam
969 1949 1069 1977 casu
1102 1936 1242 1987 aliquo
1277 1936 1456 1983 excidit,
1495 1935 1677 1987 margini
1718 1932 1934 1984 adscripta

187 2010 240 2037 ox
273 1997 401 2036 variis
439 1995 578 2036 modis
619 1995 827 2046 discerpta
864 2000 904 2033 et
940 1994 1102 2034 intrusa
1142 2005 1236 2033 esse
1273 1993 1456 2035 videtur.
1498 2015 1554 2023 —
1593 1992 1639 2031 P.
1681 1989 1766 2031 613
1803 1989 1836 2028 Ε
1874 1982 1935 2030 εἷ-

149 2066 198 2093 «οι
220 2045 580 2108 στρεβλώσονται
600 2047 680 2091 καὶ
699 2044 1076 2102 ἐκκαυθήσονται
1093 2063 1188 2091 cum
1212 2050 1332 2090 Astio
1365 2048 1700 2101 circumscripsi,
1728 2047 1828 2098 quia
1859 2058 1935 2089 nec

139 2119 181 2153 te
230 2124 309 2164 pus
325 2110 668 2152 antecedentibus
690 2109 883 2163 congruit
901 2121 979 2148 nec
1000 2109 1128 2149 totius
1147 2108 1380 2148 sententiae
1400 2107 1507 2146 ratio
1526 2104 1742 2146 Socratem
1763 2102 1935 2156 singula

141 2169 354 2223 supplicia
386 2179 627 2208 enumerare
653 2167 829 2220 patitur;
861 2178 904 2219 p.
921 2165 1057 2207 614Ε
1082 2171 1219 2205 autem
1243 2164 1359 2217 vulg.
1383 2156 1633 2209 κλαιούσας
1665 2175 1743 2215 pro
1770 2153 1935 2200 κλαού-
1959 2198 1962 2200 ,

142 2226 219 2267 σαι
257 2239 305 2266 eo
328 2225 528 2266 fidentius
559 2224 781 2273 revocavi,
814 2236 896 2274 quo
926 2225 1061 2276 major
1091 2235 1218 2276 supra
1250 2234 1294 2274 p.
1319 2221 1404 2263 388
1428 2221 1459 2260 Β
1494 2222 1535 2260 in
1567 2221 1640 2260 illa
1672 2220 1808 2259 forma
1835 2230 1934 2258 con·
1960 2270 1962 2272 q

142 2298 217 2326 sen
241 2296 292 2324 us
321 2288 518 2336 apparet,
548 2282 616 2322 cui
644 2294 753 2321 nunc
775 2292 828 2320 ne
853 2280 946 2320 Par.
971 2281 1141 2331 quidem
1164 2292 1333 2320 manum
1362 2279 1541 2331 primam
1572 2291 1668 2318 cum
1691 2275 1795 2316 solis
1818 2275 1932 2315 Mon.

141 2343 175 2382 B
213 2348 252 2382 et
283 2341 392 2383 Flor.
423 2339 459 2381 U
487 2340 677 2392 junctam
718 2350 929 2391 opponere
961 2339 1111 2379 audeo.
1149 2359 1207 2366 -—
1245 2339 1292 2379 P.
1330 2337 1415 2378 615
1448 2335 1479 2376 C
1509 2327 1777 2387 αὐτόχειρος
1809 2332 1844 2371 Η
1884 2344 1962 2371 ex.

144 2400 255 2440 Astii
287 2399 530 2450 conjectura
560 2396 664 2437 Lex.
694 2395 938 2460 Platon'T.
967 2396 999 2435 Ι.
1039 2408 1082 2447 p.
1117 2394 1226 2444 319,
1261 2395 1330 2434 cui
1361 2394 1545 2447 priorem
1580 2392 1770 2445 ejusdem
1804 2381 1962 2442 αὐτο-’ξ

142 2454 319 2510 χειρίας
340 2455 467 2496 facile
491 2454 744 2507 posthabui;
768 2463 1038 2505 αυτοχειρας
1061 2453 1179 2504 libri,
1214 2452 1334 2504 cujus
1355 2457 1495 2491 tamen
1520 2455 1783 2500 structuram,
1806 2459 1935 2498 quum
1955 2450 1962 2497 ᾗ

145 2509 210 2560 εἰς
238 2527 322 2554 non
353 2514 405 2554 ab
437 2504 647 2568 ἀσεβείας
675 2511 835 2563 pariter
872 2522 922 2550 ac
950 2501 1151 2561 μισθοὺς
1172 2509 1362 2575 pendere
1388 2509 1549 2573 posstit,
1592 2519 1719 2560 aegre
1751 2503 1962 2546 commo-i.

145 2573 242 2612 dam
273 2573 479 2614 invenias,
518 2591 568 2602 ·-
600 2571 646 2610 P.
679 2567 764 2609 616
795 2568 832 2606 A
860 2564 1002 2606 ταῦτα
1032 2559 1310 2618 ὒπομενοιεν
1342 2572 1436 2618 post
1465 2578 1531 2604 ων
1566 2556 1703 2604 ἕνεκά
1736 2573 1785 2602 τε
1818 2562 1962 2601 mox-⁴

145 2643 226 2680 que
246 2621 328 2668 τὸν
359 2620 513 2683 φόβον
541 2633 638 2680 post
663 2615 965 2680 ὑπερβάλλειν
995 2638 1090 2666 cum
1122 2623 1218 2665 aliis
1247 2625 1442 2676 plurimis
1473 2624 1599 2663 etiam
1626 2622 1720 2664 Par.
1746 2620 1936 2660 omittere

146 2686 278 2739 praef.
311 2687 452 2726 Turio.
475 2686 620 2739 docet,
653 2696 776 2736 quem
807 2695 937 2734 quum
966 2689 1182 2736 praeterea
1209 2675 1275 2728 εἰς
1305 2673 1334 2720 ὅ
1359 2693 1402 2721 τι
1432 2693 1509 2734 pro
1540 2670 1614 2719 ὅτι
1640 2672 1706 2724 εἰς
1738 2676 1958 2723 exhibereg

148 2744 307 2784 dudum
337 2749 569 2792 constaret,
612 2742 666 2783 ad
695 2748 828 2782 totum
858 2739 996 2781 locum
1028 2739 1354 2793 interpolatione
1385 2737 1648 2778 liberandum
1679 2747 1809 2775 unum
1840 2733 1937 2773 reli-

151 2814 276 2854 quum
312 2806 421 2852 erat,
454 2806 499 2839 ut
531 2792 613 2839 τὸν
636 2792 870 2851 τάρταρον
891 2811 967 2851 pro
998 2798 1255 2851 glossemate
1285 2795 1683 2836 circumscriberem.
1706 2814 1764 2821 —-
1784 2792 1827 2832 P.
1851 2790 1934 2832 617
