1962 3236
688 139 1044 186 ΚΡΙΤΙΑΣ.
1617 136 1721 190 435

37 276 275 327 ι’διωτων
298 270 632 342 ἀναθήματα
661 274 808 341 ἐνῆν.
855 271 979 338 περὶ
1015 267 1075 324 δε
1111 267 1212 324 τὸν
1238 291 1381 326 νεων
1407 275 1615 337 ἔξωθεν
1644 276 1723 327 εἰ-
1764 327 1772 333 ,

37 354 198 416 κόνες
233 351 496 408 ἁπάντων
528 354 764 407 ἕστασαν
801 354 860 405 ἐκ
896 359 1125 421 χρυσοῦ,
1165 374 1277 407 των
1309 374 1595 422 γυναικων
1632 356 1723 408 καὶ

36 433 224 488 αὐτῶν
261 432 384 488 ὅσοι
418 441 531 488 τῶν
568 435 700 488 δέκα
730 431 1058 502 ἐγεγόνεσαν
1087 435 1377 504 βασιλέων,
1417 436 1508 489 καὶ
1545 434 1722 489 πολλὰ

34 516 192 583 ἕτερα
213 511 547 585 ἀναθήματα
565 513 778 584 μεγάλα
798 520 910 567 τῶν
929 535 986 568 τε
1005 518 1281 584 βασιλέων
1303 515 1396 569 καὶ
1415 517 1651 570 ἰδιωτων
1668 517 1722 579 ἐξ

0 593 203 670 αὐτῆς
223 617 281 649 τε
300 602 395 666 τῆς
413 595 624 658 πόλεως
642 595 733 648 καὶ
760 601 872 648 τῶν
891 598 1101 659 ἔξωθεν
1126 594 1279 650 οσων
1307 598 1559 667 ἐπῆρχον.
1605 601 1722 667 βω-

0 676 136 768 Ι,μός
164 696 221 729 τε
256 676 322 745 δή
354 675 724 745 ξυνεπόμενος
755 668 824 744 ἦν
850 675 910 730 τὸ
950 680 1185 744 μέγεθος
1215 678 1306 731 καὶ
1336 676 1396 730 τὸ
1426 682 1523 747 τῆς
1555 678 1719 746 ἐργα-
1755 685 1834 733 117

2 772 8 811 ἰ
34 761 154 819 σίας
172 756 344 826 ταύτῃ
363 762 430 826 τῇ
459 762 789 826 κατασκευῇ,
821 757 910 810 καὶ
941 754 1007 810 τοὶ
1038 761 1286 827 βασίλεια
1318 778 1454 811 κατα
1484 755 1551 812 τὰ
1578 755 1719 812 αὐτὰ

3 837 315 904 πρέποντα
337 834 439 907 μὲν
459 843 534 909 τῷ
554 841 652 906 τῆς
671 834 838 907 ἀρχῆς
857 840 1097 907 μεγέθει,
1119 842 1401 907 πρέποντα
1422 837 1482 892 δὲ
1499 860 1575 911 τῳ
1597 842 1719 909 περὶ

32 915 98 970 τὰ
121 917 240 986 ἱερὰ
263 918 469 989 κόσμῳ.
504 930 620 981 ταῖς
640 919 698 973 δὲ
719 918 786 988 δὴ
808 918 1054 988 κρήναις,
1075 925 1141 990 τῇ
1162 923 1262 972 τοῦ
1283 925 1504 989 ψυχροῦ
1532 920 1623 973 καὶ
1651 926 1720 990 τῇ

32 1004 132 1052 τοῦ
174 1003 394 1068 θερμοῦ
438 998 698 1068 νάματος,
749 1005 965 1068 πλῆθος
1009 1002 1110 1070 μὲν
1149 999 1413 1069 ἄφθονον
1451 1001 1717 1070 ἐχούσαις,

37 1076 209 1149 ἡδονῇ
226 1082 284 1134 δὲ
304 1082 393 1134 καὶ
411 1078 581 1150 ἀρετῇ
614 1086 727 1134 τῶν
750 1079 974 1135 ὑδάτων
1002 1080 1140 1151 πρὸς
1164 1083 1426 1150 ἑκατέρου
1454 1083 1557 1153 τὴν
1581 1087 1719 1153 χρῆ-

33 1175 123 1212 σιν
142 1167 477 1229 θαυμαστοῦ
495 1162 827 1230 πεφυκότος,
847 1165 1084 1231 ἐχρῶντο
1117 1163 1543 1233 περιστήσαντες
1564 1168 1718 1218 οἰκο-

33 1242 289 1311 δομήσεις
308 1243 397 1296 καὶ
418 1245 667 1309 δένδρων
687 1243 979 1311 φυτεύσεις
1011 1243 1327 1311 πρεπούσας
1353 1243 1538 1312 ὕδασι,
1559 1247 1718 1310 δεξα-

0 1365 3 1390 ,
30 1324 201 1393 μενάς
222 1345 279 1378 τε
299 1317 372 1378 αὖ
404 1323 500 1388 τὰς
528 1325 629 1394 μὲν
658 1321 1011 1393 ὑπαιθρίους,
1046 1322 1143 1388 τὰς
1174 1324 1231 1379 δὲ
1262 1323 1573 1395 χειμερινὰς
1601 1337 1713 1390 τοῖς
1741 1342 1775 1383 Β

30 1412 262 1475 θερμοῖς
280 1413 531 1473 λουτροῖς
551 1404 888 1475 ὑποστέγους
907 1411 1295 1476 περιτιθέντες,
1315 1409 1478 1477 χωρὶς
1497 1408 1598 1477 μὲν
1622 1414 1714 1478 βα-

31 1486 263 1553 σιλικάς,
282 1489 445 1556 χωρὶς
465 1487 523 1542 δὲ
547 1487 839 1556 ἰδιωτικάς,
860 1491 938 1542 ἔτι
961 1488 1019 1542 δὲ
1039 1491 1292 1557 γυναιξὶν
1314 1488 1482 1554 ἄλλας
1502 1491 1592 1544 καὶ
1612 1491 1715 1544 ἑτέ-

32 1590 131 1636 ρας
150 1571 335 1633 ἵπποις
353 1571 573 1634 καὶτοῖς
599 1569 784 1633 ἄλλοις
815 1568 1143 1638 ὑποζυγίοις,
1176 1569 1237 1624 τὸ
1268 1569 1598 1639 πρόσφορον
1621 1576 1716 1640 τῆς

30 1650 351 1720 κοσμήσεως
380 1650 627 1715 ἑκάστοις
655 1650 1038 1721 ἀπονέμοντες.
1085 1652 1145 1707 τὸ
1178 1652 1236 1707 δὲ
1268 1649 1547 1722 ἀπορρέον
1573 1646 1716 1722 ἦγον

30 1733 116 1787 ἐπὶ
134 1730 195 1786 τό
224 1738 327 1786 τοῦ
353 1735 703 1796 Ποσειδῶνος
731 1733 914 1801 ἄλσος,
946 1736 1148 1802 δένδρα
1168 1733 1495 1789 παντοδαπὰ
1515 1733 1717 1798 κάλλος

32 1810 177 1877 ὕψος
195 1834 250 1867 τε
274 1812 562 1883 δαιμόνιον
580 1811 689 1869 ὑπὸ
711 1811 907 1884 άρετῆς
926 1821 1020 1885 τῆς
1043 1821 1144 1885 γῆς
1164 1819 1306 1885 ἔχον,
1330 1815 1391 1870 τὸ
1426 1814 1484 1871 δὲ
1508 1818 1599 1871 καὶ
1626 1817 1716 1871 ἐπὶ

31 1893 163 1959 τούς
193 1899 294 1959 ἔξω
322 1895 567 1960 κύκλους
597 1895 668 1950 δι’
703 1894 908 1966 ὀχετῶν
939 1897 1075 1951 κατὰ
1107 1896 1205 1962 τὰς
1234 1897 1483 1968 γεφύρας
1510 1899 1717 1968 ἐπωχέ-

28 1996 192 2031 τευον
208 1996 219 2006 ·
250 1969 322 2030 οὗ
341 1974 408 2046 δὴ
429 1975 604 2031 πολλοὶ
623 1976 725 2047 μὲν
751 1976 870 2047 ίερὰ
892 1979 982 2033 καὶ
1008 1985 1232 2033 πολλῶν
1250 1985 1422 2047 θεῶν,
1442 1979 1633 2034 πολλοὶ
1651 1976 1712 2034 δὲ
1743 1989 1775 2032 0

0 2124 2 2127 Ι
26 2062 194 2128 κῆποι
212 2059 302 2113 καὶ
321 2059 601 2128 γυμνάσια
621 2057 1083 2129 έκεχειρούργητο,
1104 2060 1170 2114 τὰ
1188 2060 1289 2130 μὲν
1309 2057 1551 2129 ἀνδρῶν,
1570 2057 1637 2114 τὰ
1654 2057 1716 2116 δὲ

25 2140 214 2193 ἵππων
232 2142 395 2210 χωρὶς
414 2142 475 2195 έν
497 2140 724 2213 ἑκατέρᾳ
743 2147 811 2212 τῇ
829 2145 945 2197 τῶν
974 2148 1189 2212 τροχῶν
1209 2141 1379 2215 νήσῳ,
1408 2141 1475 2195 τά
1496 2162 1554 2196 τε
1573 2139 1714 2196 ἄλλα

28 2222 116 2275 καὶ
140 2218 278 2275 κατὰ
297 2221 471 2290 μέσην
500 2222 602 2292 τὴν
635 2227 796 2292 μείζω
824 2227 940 2278 τῶν
973 2222 1162 2294 νήσων
1193 2225 1519 2294 ἐξῃρημένος
1544 2221 1714 2277 ἱππό-

30 2305 233 2372 δρομος
259 2295 331 2371 ἦν
353 2299 556 2370 αὐτοῖς,
587 2308 816 2360 σταδίου
844 2303 904 2359 τό
938 2305 1139 2370 πλάτος
1168 2310 1324 2374 ἔχων,
1357 2302 1418 2359 τὰ
1453 2302 1513 2358 δὲ
1542 2309 1714 2374 μῆκος

28 2384 151 2450 περὶ
172 2381 274 2437 τὸν
291 2381 502 2437 κύκλον
522 2382 659 2438 ὅλον
678 2381 872 2453 άφεῖτο
895 2390 969 2449 εἰς
990 2384 1225 2455 ἅμιλλαν
1246 2396 1360 2450 τοῖς
1376 2388 1576 2449 ἵπποις.
1615 2387 1716 2438 δο-

30 2466 330 2532 ρυφορικαὶ
353 2466 409 2518 δὲ
430 2467 552 2531 περὶ
571 2462 745 2519 αὑτὸν
764 2469 932 2520 ἔνθεν
950 2486 1006 2520 τε
1019 2467 1108 2521 καὶ
1123 2470 1293 2520 ἔνθεν
1311 2464 1551 2534 οἰκήσεις
1568 2458 1712 2535 ἦσαν

30 2551 108 2615 τῷ
144 2546 346 2612 πλήθει
377 2551 491 2599 τῶν
530 2545 893 2616 δορυφόρων·
931 2558 1044 2611 τοῖς
1072 2546 1130 2602 δὲ
1168 2547 1508 2614 πιστοτέροις
1540 2548 1600 2601 ἐν
1630 2551 1710 2616 τῷ
1738 2556 1774 2600 1)

28 2629 369 2698 σμικροτέρῳ
387 2633 563 2698 τροχῷ
584 2627 832 2695 καὶπρὸς
859 2635 955 2699 τῆς
983 2625 1333 2695 ἀκροπόλεως
1360 2633 1573 2698 μᾶλλον
1592 2624 1711 2682 ὄντι

28 2710 337 2762 διετέτακτο
374 2705 407 2776 ἡ
440 2708 684 2778 φρουρά,
718 2722 829 2773 τοῖς
859 2709 917 2764 δὲ
949 2709 1175 2763 πάντων
1209 2708 1538 2777 διαφέρουσι
1572 2707 1711 2777 πρὸς

27 2791 211 2842 πίστιν
229 2787 383 2852 ἐντὸς
402 2794 497 2860 τῆς
527 2789 880 2856 ἀκροπόλεως
910 2792 1030 2857 περὶ
1059 2788 1192 2854 τούς
1218 2794 1476 2915 βασιῖλὲέῗς
1506 2786 1711 2852 αὐτοὺς
