1962 3236
0 0 176 304 Γ
600 166 1722 223 110Al'1'13121120'.121

0 325 7 366 ff

0 371 7 437 4

44 312 254 378 μείζονί
280 330 390 363 τινι
415 330 527 363 των
565 307 807 378 ἐχόντων
844 304 1208 376 δικαιοσύνην
1245 303 1518 376 πρότερον
1545 307 1722 361 ἐκεῖνο

46 390 485 460 ἐπιχειρήσαιμεν
495 388 834 456 θεάσασθαι,
847 389 988 460 ῥᾷον
1017 408 1090 441 αν
1106 388 1167 441 ἐν
1188 385 1269 441 ἑνὶ
1290 382 1576 460 άνθρεόπῳ
1591 408 1726 442 κατ-

4 474 188 527 ιδεῖν
214 467 334 526 οἷόν
370 473 499 539 ἐστι,
518 471 609 525 καὶ
637 473 786 533 ἔδοξε
809 466 875 539 δὴ
906 465 1037 538 ἡμῖν
1067 474 1231 523 τοῦτο
1260 465 1400 522 εἶναι
1424 465 1598 538 πόλις,
1630 466 1723 522 καὶ
1760 484 1792 523 Ε

47 551 225 616 οὕτως
245 552 508 625 ᾠκίζομεν
527 548 602 614 ὦς
618 550 941 646 ἐδυνάμεθα
961 547 1208 620 άρίστην,
1239 542 1303 604 εὖ
1325 548 1571 613 εἰδότες
1549 547 1635 604 ότι
1667 551 1727 603 ἔν

46 654 108 702 γε
128 640 194 703 τῇ
213 632 402 703 ἀγαθῇ
424 653 495 685 αν
515 638 613 700 εἴη.
653 626 685 685 ὃ
703 622 809 683 οὖν
836 628 969 699 ἡμῖν
997 633 1111 684 έκει
1136 629 1337 700 ἐφάνη,
1365 632 1729 700 ἐπαναφέρω-

46 736 150 785 μεν
171 719 247 779 seg
265 712 367 768 τὸν
385 733 502 780 ενα,
524 733 634 766 καν
651 711 752 782 μὲν
781 708 1129 781 ὁμολογῆται,
1163 718 1344 775 καλῶς
1375 713 1504 779 εξει·
1540 712 1638 766 ἐὰν
1667 713 1730 766 δέ

47 819 99 851 τι
123 795 255 850 αλλο
276 796 337 849 ἐν
366 799 443 866 τῷ
473 793 554 848 ενὶ
584 793 931 862 ἐμφαίνηται,
963 790 1132 846 πάλιν
1163 793 1482 857 ἐπανιόντες
1514 795 1600 847 ἐπι
1629 789 1731 862 τὴν

46 876 214 931 πόλιν
232 880 626 947 βασανιοῦμεν,
646 875 738 928 καὶ
762 870 882 943 τάχ’
905 869 978 926 ἂν
1006 870 1141 942 παρ’
1163 871 1370 944 ἄλληλα
1392 878 1731 936 σκοποῦντες
1760 883 1848 927 435

48 961 140 1013 καὶ
158 963 438 1028 τρίβοντες
458 952 643 1025 ὥσπερ
665 958 723 1011 ἐκ
743 960 987 1023 πυρείων
1006 954 1278 1024 ἐκλάμψαι
1290 953 1619 1025 ποιήσαιμεν
1629 951 1733 1024 τὴν

50 1037 434 1108 δικαιοσύνην,
458 1038 549 1092 καὶ
571 1035 825 1106 φανερὰν
855 1038 1162 1106 γενομένην
1193 1031 1628 1106 βεβαιωσαίμεθ’
1661 1055 1734 1088 αν

53 1119 228 1190 αὐτὴν
248 1118 380 1190 παρ’
404 1117 532 1190 ἡμῖν
551 1115 749 1182 αὐτοῖς.
786 1116 926 1173 Ἀλλ’
935 1122 1098 1215 ,ἔφη,
1129 1114 1267 1173 καθ’
1302 1114 1442 1173 ὁδόν
1473 1138 1531 1172 τε
1561 1118 1735 1186 λέγεις

50 1205 141 1258 καὶ
170 1212 350 1255 ποιεῖν
371 1199 471 1269 χρὴ
494 1196 685 1263 οὕτως.
731 1193 847 1268 Λρ’
877 1192 1001 1264 οὖν,
1034 1201 1107 1268 ἠν
1138 1196 1186 1252 δ’
1221 1198 1348 1268 ἐγώ,
1388 1197 1420 1253 ὅ
1439 1219 1501 1269 γε
1527 1194 1734 1253 ταύτὸν

50 1305 121 1338 αν
138 1303 219 1346 τις
238 1286 526 1350 προσείποι
546 1278 729 1350 μεῖζόν
748 1301 804 1334 τε
821 1280 911 1334 καὶ
931 1275 1220 1348 ἔλαττον,’
1189 1279 1460 1349 ανόμοιον
1478 1277 1737 1348 τυγχάνει

53 1360 121 1419 ὂν
139 1363 329 1434 ταύτῃ,
357 1355 396 1434 ᾗ
423 1359 627 1417 ταύτὸν
652 1360 1140 1433 προσαγορεύεται,
1172 1355 1207 1430 ἢ
1236 1358 1460 1430 ὅμοιον;
1491 1357 1734 1430 Ὅμοιον,

52 1447 173 1514 ἔφη.
211 1445 323 1498 Καὶ
344 1442 597 1507 δίκαιος’
573 1443 682 1511 άρα
701 1439 843 1512 ἀνὴρ
876 1445 1087 1504 δικαίας
1117 1439 1329 1506 πόλεως
1353 1438 1477 1496 κατ’
1504 1438 1640 1496 αὐτὸ
1672 1438 1733 1495 τό

56 1532 152 1596 τῆς
181 1522 535 1594 δικαιοσύνης
566 1522 710 1588 εἶδος
738 1520 908 1579 ουδὲν
939 1524 1149 1591 διοίσει,
1194 1519 1316 1578 ἀλλ’
1347 1522 1539 1594 ὅμοιος
1569 1527 1735 1579 ἔσται.

39 1605 282 1678 ”Ομοιος,
305 1610 429 1675 ἔφη.
463 1603 625 1661 Ἀλλά
645 1609 834 1675 μέντοι
863 1604 1022 1668 πόλις
1048 1624 1111 1673 γε
1141 1607 1329 1670 ἔδοξεν
1357 1603 1498 1660 εἶναι
1535 1609 1736 1674 δικαία,

55 1690 147 1745 ὅτε
166 1691 227 1744 ἐν
247 1685 387 1759 αὐτῇ
407 1688 591 1758 τριττὰ
607 1691 735 1759 γένη
750 1689 978 1758 φύσεων
998 1686 1197 1742 ε’νόντα
1215 1685 1275 1742 τὸ
1298 1684 1485 1743 αὐτῶν
1504 1689 1739 1743 ἕκαστον

55 1779 309 1842 ἔπραττε·
354 1771 598 1840 σώφρων
625 1772 683 1827 δε
713 1766 786 1825 αὖ
820 1771 910 1824 καὶ
945 1766 1170 1838 ἀνδρεία
1200 1770 1291 1824 καὶ
1323 1767 1469 1839 σοφὴ
1502 1769 1593 1824 δια
1626 1791 1739 1824 των

57 1854 243 1910 αὐτῶν
257 1875 474 1908 τουτων
485 1875 667 1923 γενων
688 1851 802 1909 αλλ’
825 1875 957 1908 αττα
978 1852 1134 1923 πάθη
1155 1873 1213 1907 τε
1234 1853 1324 1907 καὶ
1345 1853 1494 1917 ἕξεις.
1511 1849 1736 1923 Ἀληθῆ,

62 1943 184 2007 ἔφη.
226 1938 333 1990 Καὶ
352 1928 452 1990 τὸν
471 1937 570 1991 ἕνα
588 1958 714 2006 αρα,
738 1958 780 1991 ω
802 1942 944 2005 φίλε,
971 1932 1149 1998 οὕτως
1169 1931 1492 2005 ἀξιώσομεν,
1512 1934 1578 1990 τὰ
1599 1932 1740 1989 αὐτοὶ

59 2026 230 2076 ταῦτα
253 2022 369 2088 εῑδη
391 2020 454 2074 ἐν
474 2026 540 2089 τῇ
568 2018 742 2074 αὐτοῦ
773 2024 921 2088 ψυχῇ
952 2022 1162 2087 ἔχοντα,
1194 2017 1284 2071 διὰ
1312 2014 1377 2071 τὰ
1413 2014 1551 2071 αὐτοὶ
1584 2014 1741 2087 πάθη

61 2106 286 2164 ἐκείνοις
305 2107 420 2155 τῶν
440 2098 628 2156 αὐτῶν
650 2098 942 2171 ὀνομάτων
963 2096 1152 2169 ὀρθῶς
1165 2097 1462 2164 ἀξιοῦσθαι
1478 2105 1546 2170 τῇ
1566 2098 1738 2153 πόλει.

62 2188 224 2237 Πᾶσα
245 2181 475 2253 ἀνάγκη,
497 2187 619 2254 ἔφη.
651 2187 748 2247 Εἰς
770 2181 992 2252 φαῦλόν
1010 2202 1071 2251 γε
1098 2174 1189 2250 αὖ,
1210 2174 1282 2251 ἦν
1303 2179 1357 2235 δ’
1380 2179 1506 2251 ἐγώ,
1528 2174 1573 2236 ὦ
1591 2188 1742 2236 θαυ-

62 2263 243 2333 μάσιε,
283 2266 494 2333 σκέμμα
524 2263 955 2333 ἐμπεπτώκαμεν
992 2262 1116 2331 περὶ
1155 2268 1347 2332 ψυχῆς,
1386 2269 1493 2317 εἴτε
1532 2265 1640 2332 ἔχει
1674 2258 1740 2315 τὰ

64 2348 186 2413 τρία
213 2345 329 2412 εἴδη
347 2349 517 2398 ταῦτα
538 2346 599 2399 ἐν
619 2341 761 2414 αὐτῇ
785 2351 888 2399 εἴτε
909 2344 1000 2414 μή.
1044 2339 1128 2397 Οὐ
1148 2341 1302 2397 πάνυ
1322 2363 1416 2412 μοι
1446 2345 1740 2413 δοκοῦμεν,

67 2428 190 2493 ἔφη,
225 2427 299 2487 είς
329 2430 561 2491 φαῦλον.
614 2432 744 2489 ἴσως
771 2424 898 2493 γάρ,
931 2418 973 2478 ὦ
1004 2424 1316 2494 Σώκρατες,
1348 2422 1408 2478 τὸ
1441 2422 1745 2494 λεγόμενον

66 2504 287 2574 ἀληθές,
319 2501 403 2558 ὅτι
435 2506 641 2573 χαλεπὰ
674 2504 740 2559 τὰ
770 2505 928 2560 καλά.
988 2510 1268 2573 Φαίνεται,
1298 2499 1370 2575 ἦν
1409 2502 1457 2559 δ’
1485 2504 1616 2573 ἐγώ·
1652 2503 1744 2558 καὶ

1770 1453 1803 1493 Β

67 2579 131 2640 εὖ
151 2582 205 2654 γ’
226 2592 362 2650 tom,
386 2577 427 2638 ὦ
454 2585 739 2653 Γλαύκων,
767 2583 891 2657 ὠςὴ
913 2584 1013 2656 ἐμὴ
1036 2585 1184 2658 δόξα,
1199 2583 1442 2655 ἀκριβῶς
1455 2584 1556 2655 μὲν
1576 2590 1739 2639 τοῦτο
1772 2606 1806 2647 ι)

66 2670 124 2722 ἐκ
145 2664 413 2719 τοιούτων
431 2666 711 2736 μεθόδων,
732 2670 870 2731 οἵαις
888 2673 998 2721 νῦν
1028 2670 1089 2721 ἐν
1109 2679 1222 2731 τοῖς
1249 2667 1433 2735 λόγοις
1463 2665 1744 2736 χρώμεθα,

53 2744 137 2819 ρῦ
159 2746 237 2817 μή
270 2766 399 2802 ποτε
430 2746 713 2818 λάβωμεν·
759 2746 896 2818 ἇλλη
928 2745 1036 2817 γὰρ
1067 2750 1378 2818 μακροτέρα
1417 2748 1508 2802 καὶ
1542 2750 1746 2801 πλείων

70 2825 248 2899 6δόςὴ
270 2829 354 2883 ἐπὶ
375 2835 538 2883 τοῦτο
562 2828 800 2897 ἄγουσα·
825 2836 954 2893 ἴσως
972 2832 1159 2899 μέντοι
1191 2835 1303 2883 τῶν
1323 2849 1386 2899 γε
1416 2848 1744 2897 προειρημε-

4 3061 8 3075 G

19 3143 57 3159 11>

38 3205 64 3215 ν

36 3223 45 3231 s
