1962 3236
528 168 1015 218 ΠοΑιΤΕῑΑΣ
1044 161 1104 232 y'.
1615 165 1684 216 93

3 303 113 377 γὰρ
135 301 207 360 ἀι
227 302 367 359 αὐτὰ
381 302 633 373 ἐνεχώρει
645 302 789 358 κακὰ
808 299 955 357 εἶναί
968 319 1100 356 ποτε
1121 300 1212 354 καὶ
1230 301 1520 369 γενέσθαι
1544 297 1682 354 ἀλλά

6 394 156 459 ψυχῇ
175 393 350 457 σῶμα,
372 378 408 457 ᾗ
427 383 530 441 οὐκ
549 387 779 455 ἐγχωρεῖ
791 381 982 457 κακὴν
987 381 1296 453 γενομένην
1314 401 1372 435 τε
1391 380 1482 436 καὶ
1502 373 1685 436 οὖσαν

9 466 74 528 εὖ
94 494 146 527 τι
174 468 523 541 θεραπεύειν.
557 465 788 536 Ὀρθῶς,
821 469 943 535 ἔφη.
972 459 1254 534 Δικαστὴς
1282 465 1347 519 δέ
1360 484 1442 533 γε,
1467 454 1512 517 ῶ
1537 466 1684 533 φίλε,
1739 488 1742 491 ⁴

8 559 157 624 ψυχῇ
192 557 371 622 ψυχῆς
403 549 574 620 ἄρχει,
611 542 651 620 ᾗ
686 546 790 604 οὐκ
816 550 1046 618 ἐγχωρεῖ
1069 549 1129 602 ἐκ
1157 547 1285 612 νέας
1320 548 1381 602 έν
1416 557 1685 618 πονηραῖς
1716 563 1801 610 409

8 646 211 705 ψυχαῖς
245 632 567 702 τεθράφθαι
593 652 652 686 τε
679 631 771 685 καὶ
802 627 1134 699 ὡμιληκέναι
1161 630 1252 684 καὶ
1281 627 1460 684 πάντα
1489 625 1685 700 ἀδική-

8 738 152 787 ματα
176 712 353 785 αύτὴν
377 712 707 784 ἠδικηκυῖαν
736 710 1200 780 διεξεληλυθέναι,
1229 707 1367 765 ὥστε
1391 707 1556 776 ὀξέως
1581 707 1683 781 ἀφ’
1735 722 1742 729 ’

8 795 180 867 αὐτῆς
200 798 592 865 τεκμαίρεσθαι
610 790 676 848 τά
696 797 810 847 τῶν
837 790 1025 846 ἄλλων
1043 789 1368 862 ἀδικήματα,
1400 788 1520 847 οἷον
1546 789 1686 847 κατὰ

8 884 167 949 σῶμα
187 878 416 941 νόσους·
456 872 578 931 ἀλλ’
603 873 836 943 ἄπειρον
854 870 1032 944 αὐτὴν
1061 873 1151 928 καὶ
1181 869 1446 942 ἀκέραιον
1472 876 1559 928 δεῖ
1586 894 1690 928 κα-

8 965 124 1015 κῶν
144 957 308 1029 ἠθῶν
325 960 461 1013 νέαν
481 949 658 1011 οὖσαν
675 956 983 1025 γεγονέναι,
1012 958 1062 1009 εἰ
1087 953 1272 1024 μέλλει
1294 952 1434 1025 καλὴ
1465 951 1688 1024 κάγαθὴ

8 1033 150 1094 οὖσα
186 1043 399 1108 κρίνειν
433 1036 602 1107 ὑγιῶς
626 1035 693 1092 τὰ
720 1040 921 1092 δίκαια.
970 1033 1054 1091 διὸ
1092 1032 1158 1106 δὴ
1198 1036 1289 1092 καὶ
1314 1034 1539 1107 εὐήθεις
1574 1038 1690 1090 νέοι

9 1119 168 1184 ὄντες
188 1122 246 1175 οἱ
276 1124 528 1183 ἐπιεικεῖς
558 1125 854 1188 φαίνονται
889 1118 982 1172 καὶ
1016 1114 1407 1187 εὐεξαπάτητοι
1435 1113 1546 1170 ὑπὸ
1576 1120 1689 1171 τῶν

7 1198 235 1269 ἀδίκων,
262 1198 357 1254 ἅτε
382 1197 486 1254 οὐκ
507 1203 722 1268 ἔχοντες
742 1202 803 1254 ἐν
830 1201 1043 1262 ἑαυτοῖς
1063 1200 1475 1268 παραδείγματα
1498 1193 1690 1267 &giom-
1713 1210 1746 1252 Β

8 1287 166 1352 παθῆ
188 1291 301 1344 τοῖς
329 1291 607 1350 πονηροῖς.
666 1282 774 1335 Καὶ
805 1279 906 1350 μὲν
936 1278 1024 1349 δή,
1056 1283 1180 1348 ἔφη,
1212 1278 1434 1349 σφόδρα
1462 1299 1524 1348 γε
1550 1275 1686 1333 αὐτὸ

7 1365 332 1435 πάσχουσιν.
377 1361 688 1433 Τοιγάρτοι,
709 1355 784 1432 ἦν
804 1359 854 1416 δ’
889 1361 1014 1431 ἐγώ,
1043 1358 1113 1415 οὐ
1137 1362 1265 1415 νέον
1295 1357 1436 1415 ἀλλά
1455 1362 1690 1430 γέροντα

11 1449 98 1502 δεῖ
127 1441 227 1499 τὸν
255 1439 476 1512 ἀγαθὸν
508 1440 776 1513 δικαστὴν
806 1441 964 1513 εἶναι,
1002 1439 1254 1512 ὀψιμαθῆ
1290 1439 1560 1511 γεγονότα
1595 1445 1691 1511 τῆς

8 1525 223 1589 ἀδικίας
242 1520 362 1580 οἷόν
383 1524 556 1579 ἐστιν·
592 1521 696 1580 οὐκ
726 1529 938 1580 οἰκείαν
967 1525 1029 1579 ἐν
1056 1529 1124 1595 τῇ
1154 1519 1330 1578 αὑτοῦ
1356 1528 1507 1594 ψυχῇ
1527 1523 1691 1579 ἐνοῦ-

9 1624 117 1663 σαν
136 1603 478 1677 ᾐσθημένον,
503 1601 626 1661 ἀλλ’
652 1603 948 1674 ἀλλοτρίαν
974 1606 1037 1660 έν
1065 1602 1377 1675 ἀλλοτρίαις
1394 1610 1692 1675 μεμελετη-

7 1688 145 1744 κότα
165 1690 227 1743 ἐν
245 1691 433 1759 πολλῷ
457 1686 640 1757 χρόνῳ
657 1686 1107 1755 διαισθάνεσθαι,
1121 1681 1242 1742 οἷον
1259 1686 1476 1756 πέφυκε
1495 1684 1690 1755 κακόν,

7 1767 298 1839 ἐπιστήμῃ,
334 1764 439 1822 οὐκ
468 1768 720 1839 ἐμπειρίᾳ
750 1770 926 1839 οἰκείᾳ
953 1769 1306 1838 κεχρημένον.
1352 1765 1693 1822 Γενναιότα-
1717 1775 1750 1818 0

5 1872 100 1915 τος
121 1854 282 1919 γοῦν,
308 1853 433 1919 ἔφη,
453 1852 635 1903 ἔοικεν
657 1845 797 1902 εἶναι
815 1844 844 1902 6
867 1853 1114 1912 τοιοῦτος
1127 1846 1399 1917 δικαστής.
1421 1847 1532 1901 Καὶ
1551 1843 1692 1915 ἀγα-

6 1931 115 1996 θός
138 1953 219 2001 γε,
243 1925 318 2001 ἦν
338 1929 392 1985 d’
416 1930 542 1999 ἐγώ,
570 1926 602 1985 ὃ
621 1927 693 1984 σύ
712 1926 954 1999 ἠρώτας·
1005 1925 1034 1983 6
1055 1927 1162 1998 γὰρ
1180 1932 1320 1998 ἔχων
1346 1926 1532 1998 ψυχὴν
1551 1926 1692 1998 ἀγα-

6 2010 124 2083 θὴν
141 2010 371 2082 ἀγαθός.
400 2006 430 2065 6
451 2009 509 2065 δὲ
530 2007 711 2074 δεινὸς
728 2011 938 2074 ἐκεῖνος
959 2012 1051 2065 καὶ
1070 2009 1438 2079 καχύποπτος,
1459 2006 1489 2065 6
1512 2005 1691 2064 πολλὰ

7 2090 176 2157 αὐτὸς
208 2089 486 2163 ἠδικηκώς
521 2091 612 2145 καὶ
649 2090 969 2159 πανοῦργός
1006 2111 1063 2144 τε
1099 2090 1191 2145 καὶ
1225 2087 1400 2159 σοφὸς
1442 2089 1692 2159 οἰόμενος

10 2172 173 2243 εἶναι,
199 2170 336 2229 ὅταν
372 2171 476 2243 μὲν
507 2168 718 2242 ὁμοίοις
748 2168 928 2243 ὁμιλῇ,
967 2169 1147 2236 δεινὸς
1178 2176 1434 2242 φαίνεται
1470 2173 1692 2236 ἐξευλα-

6 2253 300 2327 βούμενος,
333 2252 473 2321 πρὸς
499 2251 566 2309 τὰ
596 2255 658 2309 έν
694 2250 843 2327 αὑτῷ
878 2256 1293 2325 παραδείγματα
1325 2251 1689 2311 ἀποσκοπῶν·

10 2334 148 2392 ὅταν
167 2336 225 2391 δὲ
251 2332 486 2405 ἀγαθοῖς
502 2336 594 2390 καὶ
612 2337 1004 2407 πρεσβυτέροις
1022 2334 1127 2407 ἤδη
1147 2335 1443 2408 πλησιάσῃ,
1467 2336 1691 2408 ἀβέλτε-

10 2436 107 2485 ρος
124 2408 198 2470 αὖ
222 2421 491 2485 φαίνεται,
509 2413 758 2472 ἀπιστῶν
779 2416 928 2488 παρὰ
949 2418 1148 2487 καιρὸν
1175 2418 1268 2474 καὶ
1284 2415 1508 2489 ἀγνοῶν
1537 2415 1688 2489 ὑγιὲς
1716 2443 1748 2483 1)

9 2491 171 2566 ἦθος,
190 2494 282 2551 ὅτε
305 2494 410 2552 οὐκ
428 2500 569 2567 ἔχων
587 2496 934 2570 παράδειγμα
954 2504 1055 2555 τοῦ
1072 2499 1355 2555 τοιούτου·
1396 2498 1692 2563 πλεονάκις

10 2577 69 2633 δὲ
94 2586 358 2646 πονηροῖς
385 2575 422 2647 ἢ
450 2589 699 2648 χρηστοῖς
729 2580 1081 2650 ἐντυγχάνων
1119 2579 1438 2650 σοφώτερος
1472 2575 1510 2650 ἢ
1544 2577 1689 2651 ἀμα-

10 2659 275 2726 θέστερος
300 2662 453 2713 δοκεῖ
474 2656 614 2714 εἶναι
634 2656 787 2715 αὑτῶ
806 2682 861 2715 τε
888 2664 979 2716 καὶ
1002 2659 1202 2725 αλλοις.
1234 2660 1563 2716 Παντάπασι
1585 2663 1687 2732 μὲν

8 2731 132 2809 οὖν,
154 2744 280 2810 ἔφη,
298 2737 496 2810 ἀληθῆ.

148 2823 297 2876 xvu.
343 2819 428 2876 Οὐ
447 2827 659 2892 τοίνυν,
682 2814 753 2893 ἦν
773 2821 826 2877 δ’
850 2822 975 2893 ἐγιό,
1002 2829 1256 2880 τοιοῦτον
1276 2822 1376 2895 χρὴ
1406 2821 1508 2879 τόν
1527 2825 1685 2879 δικα-
