1962 3236
587 154 1155 206 HOAlTEIAza'.
1634 158 1703 210 31

29 293 154 359 ἕξει,
185 290 224 363 ἦ
249 289 464 363 ἀνάγκη
493 288 636 361 αὐτῇ
660 288 797 361 μετὰ
822 288 1200 361 δικαιοσύνης;
1235 294 1309 347 Ec
1323 291 1450 363 μέν,
1467 295 1572 363 ἔφη
1589 334 1604 361 ,
1632 291 1704 358 ὥς

31 373 103 428 σύ
122 372 247 444 ἄρτι
265 379 465 444 ἐλεγεις
484 377 620 444 ἔχει,
639 369 674 443 ἡ
694 372 1016 443 δικαιοσύνη
1032 376 1228 443 σοφία,
1262 371 1397 444 μετὰ
1417 375 1704 430 δικαιοσύ-
1733 389 1784 429 G·

33 474 154 528 νης·
192 461 244 512 εί
269 454 323 512 δ’
355 453 430 520 ὥς
446 453 554 525 ἐγω
575 458 790 523 ἔλεγον,
819 451 955 525 μετὰ
984 450 1208 519 ἀδικίας.
1282 454 1451 510 Πάνυ
1478 454 1699 526 ἄγαμαι,

27 532 101 607 ἦν
126 534 178 593 δ’
210 536 347 608 ἐγώ,
382 530 429 591 ὦ
447 532 807 605 Θρασύμαχε,
848 532 934 589 ὅτι
965 533 1071 591 οὐκ
1104 536 1373 602 ἐπινεύεις
1406 535 1585 607 μόνον
1610 538 1702 592 καὶ

25 617 329 687 ἀνανεύεις,
350 614 487 672 ἀλλὰ
507 616 598 670 καὶ
616 612 904 685 ἀποκρίνει
924 616 1076 672 πάνυ
1098 624 1294 684 καλῶς.
1314 620 1418 674 Σοὶ
1436 618 1562 689 γάρ,
1575 623 1699 689 ἔφη,

24 704 320 770 χαρίζομαι·
436 771 457 795 ³

163 783 339 834 xxm.
367 785 454 833 Ευ
474 799 538 848 γε
555 777 628 832 σύ
646 783 823 832 ποιεῖν
837 801 848 813 ·
873 775 1012 832 ἀλλά
1031 777 1097 848 δὴ
1118 783 1208 835 καὶ
1226 779 1352 836 τόδε
1371 802 1465 852 μοι
1482 781 1703 852 χάρισαι

23 864 114 916 καὶ
148 864 295 930 λέγε·
341 864 520 925 δοκεῖς
556 855 628 915 ἀν
662 855 699 929 ἦ
727 859 889 916 πόλιν
921 855 955 930 ἦ
988 860 1360 930 στρατόπεδον
1391 858 1428 932 ἦ
1448 857 1703 932 λῃστάςῆ

23 947 256 1007 κλέπτας
270 939 308 1013 ἢ
327 943 463 998 ἀλλο
482 965 534 998 τι
554 947 749 1012 ἔθνος,
770 941 876 998 ὅσα
899 948 1060 1014 κοινῇ
1079 946 1172 998 ἐπί
1186 965 1237 998 τι
1255 949 1464 1014 ἔρχεται
1482 943 1700 1012 ἀδίκως,

22 1029 223 1093 πρᾶξαι
241 1023 312 1079 ἄν
329 1047 380 1079 τι
407 1025 713 1093 δύνασθαι,
753 1030 804 1081 εί
828 1022 1072 1080 ἀδικοῖεν
1104 1023 1400 1097 ἀλλήλους;
1439 1023 1526 1081 Οὐ
1547 1029 1698 1096 δῆτα,
1726 1032 1762 1073 D

22 1100 59 1176 ἦ
77 1105 131 1162 δ’
153 1105 230 1171 ὅς.
277 1110 348 1160 Τί
361 1105 418 1160 δ’
434 1110 485 1160 εἰ
499 1105 574 1176 μὴ
594 1104 862 1171 ἀδικοῖεν,
850 1131 860 1142 ·
879 1106 949 1162 ού
968 1113 1209 1178 μᾶλλον,
1195 1131 1207 1144 ·
1249 1107 1414 1162 Πάνυ
1436 1128 1515 1177 γε.
1549 1107 1704 1163 Στά-

22 1205 133 1253 σεις
148 1187 255 1258 γάρ
275 1206 416 1253 που,
449 1208 492 1240 ω
516 1187 872 1258 Θρασύμαχε,
894 1188 930 1258 ἦ
947 1210 1009 1258 γε
1028 1187 1211 1244 ἀδικία
1230 1191 1320 1244 καὶ
1338 1194 1468 1261 μίση
1486 1191 1578 1245 καὶ
1596 1188 1704 1261 μά-

20 1290 118 1340 χας
135 1272 197 1324 ἐν
224 1265 483 1338 ἀλλήλοις
510 1271 755 1338 παρέχει,
798 1265 832 1338 ἡ
872 1269 931 1324 δὲ
964 1269 1287 1342 δικαιοσύνη
1317 1267 1583 1341 ὁμόνοιαν
1613 1274 1704 1327 καὶ

22 1356 240 1421 φιλίαν·
278 1342 314 1420 ἦ
331 1349 470 1419 γάρ,
497 1347 702 1418 Ἔστω,
727 1341 807 1449 Ηῆ
814 1347 867 1403 δ’
903 1371 992 1417 ος,
1021 1353 1114 1405 ἵνα
1144 1368 1231 1406 σοι
1249 1348 1322 1421 μὴ
1344 1354 1700 1453 διαφέρωμαι.

15 1430 162 1487 Ἀλλ’
190 1424 257 1487 εὖ
280 1452 343 1501 γε
373 1428 444 1485 σύ
463 1451 665 1496 ποιων,
703 1452 744 1484 ω
768 1428 970 1500 αριστε.
1009 1431 1135 1487 τόδε
1158 1435 1222 1487 δέ
1234 1454 1329 1503 μοι
1347 1435 1495 1504 λέγε·
1527 1420 1637 1502 ἀρα
1656 1437 1706 1489 εί

20 1521 187 1570 τοῦτο
206 1517 371 1582 ἔργον
389 1511 631 1579 ἀδικίας,
661 1523 818 1582 μῖσος
835 1511 1134 1583 ἐμποιεῖν”
1100 1534 1247 1568 οπου
1268 1509 1340 1569 ἀν
1361 1516 1485 1587 ἐνῇ,
1524 1536 1593 1569 ου
1576 1513 1703 1570 ’καὶ

21 1599 83 1652 ἐν
116 1597 432 1662 ἐλευθέροις
460 1616 519 1650 τε
550 1595 641 1650 καὶ
673 1593 893 1659 δούλοις
912 1597 1271 1666 ἐγγιγνομένη
1290 1607 1470 1666 μισεῖν
1487 1594 1701 1666 ποιήσει

23 1675 294 1744 ἀλλήλους
318 1678 409 1732 καὶ
439 1675 747 1742 στασιάζειν
772 1676 864 1731 καὶ
892 1674 1208 1741 ἀδυνάτους
1235 1675 1374 1733 εἶναι
1403 1683 1562 1749 κοινῇ
1581 1675 1698 1747 μετ’
1731 1677 1763 1716 Ε

23 1756 278 1828 ἀλλήλων
296 1757 582 1826 πράττειν;
618 1757 784 1812 Πάνυ
811 1780 888 1827 γε.
954 1762 1024 1812 Τί
1051 1761 1115 1813 δέ
1122 1782 1137 1825 3
1172 1754 1244 1814 ἂν
1273 1762 1334 1814 ἐν
1362 1763 1523 1815 δυοῖν
1547 1762 1701 1830 ἐγγέ-

24 1861 210 1909 νηται,
255 1836 324 1893 ού
361 1841 662 1894 διοίσονται
694 1842 785 1894 καὶ
815 1840 1110 1911 μισήσουσι
1146 1842 1238 1895 καὶ
1269 1843 1458 1910 ἐχθροὶ
1484 1844 1701 1895 ἔσονται

22 1918 276 1989 ἀλλήλοις
293 1940 351 1974 τε
373 1922 463 1974 καὶ
482 1931 594 1984 τοῖς
614 1923 868 1985 δικαίοις;
891 1919 1175 1991 Ἔσονται,
1215 1925 1333 1993 ἔφη.
1390 1919 1515 1978 Ἐἀν
1535 1923 1594 1977 δὲ
1611 1921 1698 1992 δή,

22 2022 65 2056 ω
85 1998 390 2070 θαυμάσιε,
420 2002 481 2055 έν
507 2001 587 2055 ἑνὶ
606 2003 888 2099 ἐγγένηται
906 1998 1115 2071 ἀδικία,
1144 2010 1267 2071 μῶν
1283 2001 1369 2102 μὴτ
1386 2001 1586 2059 ἀπολεῖ
1599 2000 1701 2074 τὴν

22 2077 192 2151 αὐτῆς
220 2083 487 2150 δύναμιν,
518 2103 552 2151 η
531 2073 797 2138 ὀὐδὲν
761 2103 928 2152 ηττον
946 2083 1071 2148 ἕξεις
1100 2044 1369 2155 ἪΜηδὲν
1333 2106 1498 2153 ηττον
1523 2086 1699 2154 ἐχέτω.

21 2165 142 2232 ἔφη.
199 2158 429 2216 Οὐκοῦν
446 2161 668 2218 τοιάνδε
686 2159 810 2218 τινὰ
831 2167 1084 2233 φαίνεται
1103 2169 1304 2234 ἔχουσα
1322 2163 1424 2236 τὴν
1445 2163 1701 2235 δύναμιν,

22 2245 173 2304 οῗαν,
196 2264 239 2297 ω
260 2265 331 2296 αν
349 2245 666 2314 ἐγγένηται,
687 2250 793 2299 εἴτε
812 2242 969 2299 πόλει
987 2246 1094 2299 τινὶ
1116 2252 1223 2301 εἴτε
1240 2246 1387 2315 γένει
1407 2253 1514 2302 εἴτε
1534 2260 1703 2314 στρα-

23 2325 235 2396 τοπέδφ
268 2330 373 2379 εἴτε
404 2322 553 2379 ἄλλω
585 2321 838 2398 ὁτῳοῦν,
878 2332 1102 2395 πρῶτον
1131 2326 1234 2397 μὲν
1261 2324 1545 2382 ἀδύνατον
1566 2322 1702 2380 αὐτὸ
1729 2330 1817 2374 352

23 2416 200 2460 ποιεῖν
224 2404 486 2472 πράττειν
508 2405 643 2474 μεθ’
675 2403 851 2462 αὑτοῦ
872 2410 962 2461 διὰ
989 2405 1051 2462 τὸ
1075 2407 1380 2473 στασιάζειν
1399 2408 1490 2462 καὶ
1510 2406 1704 2475 διαφέ-

23 2493 238 2555 ρεσθαι.
258 2488 335 2539 ἔτι
356 2484 408 2539 δ’
429 2483 636 2555 ἐχθρὸν
656 2485 799 2542 εἶναι
818 2489 996 2558 ἑαυτῷ
1013 2509 1069 2543 τε
1088 2490 1274 2562 καὶτῷ
1291 2490 1522 2559 ἐναντίῳ
1541 2487 1704 2541 παντὶ

22 2569 112 2622 καὶ
135 2570 211 2637 τῷ
234 2568 453 2637 δικαίως
493 2562 594 2635 ούχ
622 2566 826 2633 officum
863 2567 1028 2623 Πάνυ
1046 2590 1124 2638 γε.
1179 2570 1288 2623 Καὶ
1308 2571 1369 2622 ἐν
1387 2569 1467 2622 ἑνὶ
1490 2565 1559 2636 δή
1575 2608 1589 2634 ,
1621 2564 1703 2621 οἷ-

21 2669 119 2719 μαι
132 2689 147 2714 ,
169 2649 373 2700 ἐνοῦσα
400 2652 575 2699 ταῦτα
595 2646 773 2701 πάντα
790 2647 1004 2718 ποιήσει
1017 2691 1031 2715 ,
1052 2647 1193 2717 ὅπερ
1213 2651 1462 2718 πέφυκεν
1483 2646 1703 2719 ἐργάζε-

23 2735 159 2784 σθαι
176 2746 186 2756 ·
210 2731 433 2794 πρῶτον
449 2725 551 2796 μὲν
570 2725 851 2783 ἀδύνατον
870 2726 1043 2784 αὐτὸν
1063 2733 1319 2799 πράττειν
1337 2727 1554 2800 ποιήσει
1572 2744 1700 2783 σταΗ

23 2808 279 2875 σιάζοντα
306 2810 399 2863 καὶ
424 2806 525 2878 οὐχ
552 2805 903 2879 ὁμονοοῦντα
940 2807 1113 2866 αὐτὸν
1149 2812 1328 2885 ἑαυτῷ
1338 2852 1353 2881 ,
1391 2814 1574 2866 ἔπειτα
1615 2830 1704 2880 εχ·-
