1962 3236
123 237 265 267 xxvm
816 223 1207 267 PRAEFATIO.

121 339 407 389 restituerem,
440 340 554 393 quod
575 338 778 392 Stephani
809 337 1000 392 exemplo
1029 338 1082 378 ab
1111 337 1305 377 omnibus
1337 337 1568 379 editoribus
1599 339 1801 379 omissum
1821 353 1909 381 me-

122 397 202 436 rito
230 397 320 450 jam
349 397 524 438 miratus
553 402 615 436 est
636 395 840 436 Valcken.
871 395 927 436 ad
952 393 1127 438 Theocr.
1154 393 1359 435 Adoniaz.
1391 407 1434 447 p.
1467 393 1566 437 259.
1597 394 1804 436 Nimirum
1831 409 1908 450 pro

122 456 490 506 interpretamento
517 459 677 493 tantum
704 452 903 492 habuisse
930 451 1148 500 videntur,
1180 463 1257 491 nec
1288 451 1483 492 codicum
1511 453 1759 492 auctoritate
1788 454 1830 493 in
1860 467 1910 494 ea

124 511 322 562 opinione
352 512 562 559 carebant,
593 522 770 561 quoium
798 509 873 548 alii
901 508 1014 548 idern
1044 514 1083 548 et
1111 509 1193 560 ipsi
1222 509 1468 562 omiserunt,
1499 508 1573 549 alii
1603 509 1658 549 ad
1686 508 1812 549 finem
1844 524 1908 551 re-
1957 559 1960 562 ¹

122 566 326 633 legarunt,
356 574 403 608 ut
433 568 563 611 Bekk
596 565 659 616 Φ,
691 568 732 606 in
764 578 846 616 quo
874 565 929 605 ad
942 566 1191 630 marginem
1214 567 1445 619 ascriptum
1474 566 1649 619 legitur·
1682 561 1804 618 ζήτει
1826 560 1910 613 τὰς
1958 575 1962 581 ·

123 619 369 675 διαιρέσεις
395 617 445 664 ἐν
476 622 537 679 τῷ
567 618 682 663 τέλει
713 620 795 661 τοῦ
823 616 1036 662 τοιούτου
1066 614 1229 674 λόγους
1262 629 1303 663 at
1334 623 1438 663 haec
1468 624 1563 676 ipsa
1591 624 1742 672 verba,
1776 636 1908 675 quan-

121 690 210 720 tum
241 682 436 732 equidem
467 681 629 730 sentio,
672 681 809 733 ipsius
840 679 970 720 libelli
1001 685 1166 732 partem
1192 679 1270 720 has
1301 676 1548 732 διαιρέσεις
1581 693 1674 720 esse
1705 682 1908 732 indicant,
1954 699 1962 703 ·

123 738 252 788 idque
281 739 407 778 etiam
437 738 590 778 clarius
619 743 818 802 appaiet,
852 737 977 777 modo
1009 749 1060 776 ne
1092 750 1142 777 eo
1170 737 1288 787 1000,
1318 750 1442 802 quem
1474 738 1538 778 vel
1567 738 1610 777 in
1639 738 1790 791 priscis
1821 738 1910 779 edi-

122 795 305 834 tionibus
336 796 545 845 obtinent,
577 801 672 835 ante
703 789 790 833 τὰν
817 805 902 846 μεν
931 806 999 833 ων
1028 807 1090 833 τω
1124 785 1216 833 όλω
1248 787 1432 847 ψυχάν,
1465 795 1541 836 sed
1570 795 1643 835 ubi
1675 808 1754 849 ego
1784 798 1910 848 posui
1956 811 1962 814 ·

123 850 369 892 inferantur.
432 854 493 893 Ita
523 852 636 892 enim
667 851 735 900 fit,
773 858 820 891 ut
852 851 978 891 simul
1011 858 1051 891 et
1082 863 1270 892 summae
1300 853 1488 902 iteratio,
1527 864 1634 904 quae
1664 853 1707 892 in
1738 852 1910 906 vulgata

123 904 301 950 lectione
331 922 504 963 prorsus
536 910 669 950 otiosa
701 915 785 960 est,
817 921 959 949 veram
991 920 1111 948 suam
1144 909 1227 949 vim
1258 916 1498 961 recuperet,
1532 921 1640 960 quae
1671 921 1754 949 non
1786 910 1829 949 in
1861 922 1910 950 ea

121 978 165 1005 re
207 967 413 1016 cernitur,
444 974 491 1008 ut
520 967 809 1020 praedicatum
840 966 894 1005 ad
925 960 1170 1017 διαιρέσιες
1211 966 1287 1013 sit,
1328 966 1405 1005 sed
1435 972 1480 1005 ut
1509 972 1642 1006 totum
1672 977 1908 1016 numerum,

123 1023 245 1074 quus
275 997 468 1078 singulae
501 1031 641 1076 paites
671 1035 748 1075 per
778 1023 1039 1075 diagramma
1070 1023 1303 1074 dispositae
1331 1028 1452 1071 sunt,
1487 1023 1705 1062 subductis
1737 1023 1910 1064 calculis

123 1081 471 1133 comprehendat3
511 1080 803 1120 antecedentia
845 1086 985 1119 autem
1023 1075 1099 1118 ταὶ
1138 1072 1188 1119 δὲ
1231 1073 1477 1131 διαιρέσιες
1513 1067 1651 1122 αὗται
1685 1072 1779 1120 ἐντὶ
1810 1081 1910 1134 ipsi,

123 1138 237 1200 quod
278 1139 488 1189 sequitm,
531 1137 825 1190 diagrammati
856 1137 968 1177 viam
999 1138 1206 1176 muniunt.
1247 1159 1302 1166 —
1342 1138 1387 1177 P.
1421 1135 1478 1178 96
1507 1136 1538 1177 G
1568 1130 1791 1177 ἁπάντων
1829 1149 1906 1190 pro

124 1187 315 1232 πάντων
352 1207 406 1234 ex
435 1193 565 1239 ΞΙΜ
601 1194 816 1241 revocavi,
855 1206 1040 1245 moxque
1072 1206 1167 1234 mea
1208 1195 1447 1260 conjectura
1487 1187 1574 1233 τάν
1612 1188 1733 1233 καθ’
1762 1187 1907 1242 ἅπαν,

125 1251 237 1301 quod
274 1259 370 1304 post
409 1245 508 1304 αγει
549 1246 705 1290 πάντα
746 1251 860 1290 omni
899 1252 942 1291 vi
980 1258 1114 1302 caret,
1157 1252 1200 1290 in
1236 1245 1323 1290 τὰν
1362 1243 1482 1290 καθ’
1510 1244 1688 1304 ἁμέραν
1728 1253 1910 1301 mutavi;

122 1320 165 1360 p.
198 1307 253 1349 97
283 1316 424 1349 autem
454 1321 538 1350 non
568 1309 705 1349 solum
737 1307 797 1347 τῶ
823 1301 937 1347 &tim
969 1321 1064 1348 cum
1093 1306 1227 1352 ΞΙΜ
1253 1309 1503 1373 ejiciendum
1536 1321 1629 1350 esse
1660 1309 1910 1374 significavi,

124 1365 200 1405 sed
231 1367 460 1407 eorundem
489 1366 684 1433 vestigiis
695 1366 934 1430 ingressus
966 1373 1006 1406 et
1034 1359 1434 1431 περικαταλοίψιας
1462 1378 1539 1419 pro
1572 1359 1910 1432 περικαταλαμ-

124 1427 239 1474 ψιας
272 1431 311 1463 et
341 1414 395 1469 ἃς
425 1436 502 1477 Ριο
539 1413 594 1462 ὃν
629 1415 881 1474 ἐκόσμησεν
913 1424 1128 1470 revocavi,
1163 1423 1343 1489 denique
1375 1415 1521 1470 οὕτως
1551 1431 1648 1477 post
1678 1416 1911 1476 ἔγεννοὲθη

125 1479 256 1520 solius
295 1481 326 1521 I
360 1481 442 1521 fide
484 1494 509 1521 a
537 1481 668 1524 Bekk
706 1481 964 1520 eliminatum
1005 1481 1192 1545 restitui,
1237 1482 1335 1532 quia
1374 1480 1479 1521 nihil
1520 1483 1655 1521 obstat
1688 1483 1912 1532 quominus

125 1549 306 1588 sequens
337 1534 399 1585 ὥς
430 1539 557 1579 etiam
588 1539 712 1589 quasi
751 1550 786 1577 S.
819 1538 930 1577 velut
961 1530 1254 1590 παράδειγμα
1284 1538 1505 1603 significet.
1540 1539 1788 1590 Quanquam
1807 1538 1913 1579 haec

123 1595 284 1635 leviora
303 1602 421 1644 sunt;
441 1596 612 1650 gravius
633 1603 835 1659 corrupta
833 1607 893 1661 p.
917 1595 972 1636 97
991 1595 1040 1644 D,
1070 1596 1142 1635 ubi
1169 1607 1251 1636 non
1282 1606 1404 1661 ωρος
1433 1602 1592 1636 tautum
1626 1609 1678 1636 ex
1706 1596 1908 1639 Valcken.

125 1653 298 1705 conject.
325 1654 440 1706 apud
465 1653 687 1693 Gelderum
713 1665 787 1705 pro
815 1645 927 1703 ὅρος
947 1654 1110 1705 recepi,
1135 1654 1211 1693 sed
1237 1665 1289 1692 ne
1312 1647 1484 1704 ἁμέρας
1506 1653 1675 1718 quidem
1699 1654 1909 1706 integrum

125 1721 218 1749 esse
246 1711 449 1764 arbitror,
481 1723 557 1763 pro
587 1723 668 1761 quo
702 1723 829 1776 quum
861 1711 1009 1762 optimi
1046 1710 1142 1750 libii
1173 1702 1284 1762 οἷγὸς
1313 1709 1519 1759 habeant,
1559 1702 1701 1762 αὐγᾶς
1727 1711 1911 1751 scriben-

126 1767 225 1807 dum
262 1766 393 1808 fuisse
432 1780 525 1807 sero
563 1767 771 1814 intellexi;
813 1769 942 1807 immo
971 1780 1070 1807 mox
1100 1780 1266 1818 quoque
1294 1780 1372 1807 nec
1405 1741 1519 1819 quod,
1556 1767 1690 1832 vulgo
1711 1768 1912 1807 edebatm

124 1817 186 1870 ὡς
219 1817 602 1890 περιγραφόμενα
628 1837 705 1864 nec
737 1825 867 1888 quod
883 1825 926 1863 iu
957 1824 1073 1864 libris
1103 1824 1299 1887 plurimis
1332 1832 1395 1864 est
1425 1817 1815 1892 περιγραφόμεθα
1843 1835 1910 1864 sa-

124 1894 224 1922 num
257 1890 366 1935 erat,
400 1883 476 1923 sed
504 1873 565 1928 ὡς
589 1880 693 1935 (hoc
721 1887 784 1921 est
811 1871 914 1932 οὓς)
944 1875 1292 1933 περιγράψομεν
1325 1882 1458 1930 cdidi,
1489 1884 1558 1922 cui
1588 1895 1716 1933 quum
1747 1883 1855 1922 forte
1881 1893 1910 1919 α

125 1939 401 1993 adhaesisset,
437 1940 665 1980 deteriores
697 1950 863 1991 quoque
892 1939 988 1979 libri
1013 1940 1204 1989 quamvis
1232 1939 1398 1979 soloeca
1429 1940 1738 1979 constructione
1763 1939 1911 1979 verba·

126 1997 205 2036 lem
235 1996 380 2037 saltem
413 1998 500 2037 vim
532 1997 806 2039 retinuerunt
839 2018 894 2024 —
923 1996 970 2035 P.
1006 1995 1062 2036 97
1090 1996 1123 2035 E
1149 1993 1242 2034 τῶν
1267 1987 1416 2035 ἄλλων
1444 2007 1468 2035 a
1493 1995 1624 2038 Bekk.
1661 1996 1827 2035 demum
1859 2008 1910 2035 ex

126 2052 244 2094 ΦΒΟ
271 2061 368 2106 post
407 2047 539 2108 βασις
573 2054 778 2092 insertum
819 2065 913 2092 cum
953 2051 1128 2092 Geldero
1171 2065 1315 2092 iuisus
1358 2053 1486 2105 ejeci,
1531 2053 1762 2117 eodemque
1803 2052 1910 2092 duce

124 2123 167 2163 p.
192 2109 248 2152 98
280 2112 311 2151 Β
343 2107 701 2162 συντεθειμένον
723 2121 803 2175 pro
834 2104 1190 2176 συντιθέμενον,
1222 2121 1265 2162 p.
1282 2109 1338 2150 98
1368 2111 1400 2149 E
1428 2107 1491 2148 τῶ
1519 2102 1695 2155 παντὸς
1727 2122 1802 2162 Ριο
1828 2107 1911 2148 τοῦ

126 2160 325 2233 παντός,
366 2181 411 2222 Ρ.
441 2167 497 2209 99
530 2168 562 2207 B
594 2161 739 2206 πολλὰ
771 2163 899 2206 εἴδεα
929 2160 1019 2219 ἔχει
1055 2180 1132 2220 pro
1165 2163 1305 2219 ἴσχει,
1346 2179 1390 2219 Ρ.
1424 2165 1480 2208 99
1518 2167 1548 2207 C
1585 2159 1802 2222 μόλιβδος
1833 2178 1910 2218 pro

125 2218 352 2279 μόλυβδος
380 2226 547 2278 recepi,
576 2237 752 2275 quorum
779 2226 850 2275 qui
877 2225 1144 2265 auctoritates
1175 2225 1375 2274 requiret,
1410 2225 1524 2277 apud
1554 2225 1672 2264 illum
1699 2224 1907 2270 inveniet;

126 2295 169 2336 p.
202 2281 258 2323 99
289 2284 322 2323 Ε
362 2289 502 2323 autem
537 2288 676 2322 vetere
717 2281 1002 2335 dittographia
1039 2281 1198 2330 oblata,
1238 2282 1351 2322 unde
1386 2282 1502 2335 vulg.
1545 2279 1731 2334 ἵδρυται
1767 2276 1908 2333 μένον

0 2347 75 2385 ”X
126 2340 333 2393 originem
361 2341 494 2393 cepit,
529 2332 780 2391 ἱδρυμένον
812 2352 906 2379 cum
939 2338 998 2379 M
1027 2351 1153 2390 quam
1182 2335 1366 2390 ιδρυται
1399 2351 1494 2378 cum
1530 2339 1704 2409 reliquis
1729 2345 1775 2378 ut
1801 2337 1910 2378 diffl-

111 2408 122 2418 “
181 2398 246 2437 ius
279 2398 462 2438 scribere
490 2397 642 2446 malui,
674 2408 751 2436 nec
784 2409 829 2448 Ρ.
868 2396 944 2436 101
974 2395 1012 2435 Α
1043 2396 1126 2436 leni
1158 2397 1388 2436 mutatione
1417 2387 1466 2435 ἐν
1498 2388 1548 2434 δ’
1574 2407 1632 2437 αυ
1661 2408 1735 2448 pro
1767 2387 1817 2434 ἐν
1849 2383 1911 2433 αὖ

124 2397 334 2503 gsfinui,
366 2467 447 2506 qua
473 2465 605 2494 nexus
632 2466 728 2495 cum
755 2454 1095 2494 antecedentibus
1118 2453 1370 2502 restituitur,
1396 2465 1635 2504 quanquam
1658 2464 1771 2493 nunc
1794 2452 1910 2492 haud

127 2514 216 2552 scio
246 2525 300 2552 an
329 2513 468 2565 ipsum
501 2505 740 2556 αυτούτοις
765 2523 843 2563 pro
875 2510 987 2564 vulg.
1021 2502 1202 2555 τούτοις
1229 2509 1557 2562 dittographiam
1586 2510 1808 2559 contineat,
1837 2522 1908 2549 ve-

127 2581 256 2620 raque
278 2570 401 2610 lectio
433 2563 483 2608 ἕν
509 2561 556 2608 τ’
575 2562 734 2614 αυτοῖς
765 2569 907 2619 potius
938 2568 1131 2608 habenda
1164 2569 1230 2606 sit.
1253 2589 1308 2596 --
1330 2568 1378 2610 P.
1406 2567 1488 2608 102
1514 2567 1547 2608 Β
1581 2563 1742 2613 δίοδος
1770 2560 1909 2606 πνεύ-

125 2637 234 2677 ματι
269 2616 299 2677 ἢ
332 2624 486 2682 τροφᾷ
520 2622 795 2666 διαδιδῶπαι
827 2626 862 2665 H
894 2637 987 2665 cum
1020 2624 1211 2673 Geldero,
1249 2624 1331 2664 nisi
1360 2625 1482 2691 quod
1500 2625 1551 2678 is,
1581 2626 1783 2665 incertum
1814 2635 1910 2663 con-

126 2683 236 2723 sulto
268 2696 321 2723 an
351 2696 507 2750 errore,
535 2690 646 2724 certe
669 2688 812 2724 contra
837 2683 953 2735 ipsos
980 2694 1080 2723 suos
1110 2681 1302 2731 codices,
1334 2674 1488 2734 τροφοὶ
1520 2683 1714 2746 ietinuit3
1748 2677 1910 2725 δίοδος

125 2728 158 2794 ᾗ
189 2750 418 2791 πνευματι
451 2731 482 2790 ἢ
521 2734 675 2793 τροφοὶ
708 2732 771 2792 μὴ
805 2736 1071 2779 διαδίδοται
1111 2739 1261 2790 reliqui
1303 2738 1507 2787 editores;
1548 2744 1591 2778 at
1623 2727 1654 2789 ἢ
1684 2744 1725 2778 et
1755 2732 1910 2788 τροφά

127 2809 378 2863 paucorum,
418 2793 480 2848 μὴ
512 2798 599 2838 fere
628 2797 839 2838 nullorum
871 2797 1065 2838 codicum
1095 2796 1178 2838 fide
1209 2796 1376 2845 nititur,
1408 2807 1486 2836 nec
1520 2796 1602 2835 nisi
1634 2791 1910 2835 διαδιδῶται

125 2855 296 2907 ingenio
324 2853 491 2895 Gelderi
516 2856 707 2905 debetur,
738 2855 852 2905 quod
879 2862 1018 2895 tamen
1044 2854 1110 2895 vel
1137 2855 1179 2894 in
1205 2853 1320 2904 vulg.
1350 2852 1446 2894 lect.
1476 2851 1742 2904 praecedenti
1773 2849 1911 2892 αἴκα
