1962 3236
628 153 1099 200 ΠΟΛΙΤΕῙΑΣ
1124 146 1180 209 ς’.
1595 148 1694 200 189

60 294 245 359 ληθῶς
273 286 412 357 πρὸς
431 298 542 351 τοῖς
562 281 685 341 οὖσι
712 285 814 356 τὴν
834 285 1086 340 διάνοιαν
1105 283 1448 357 ἔχοντι-κάτω
1470 285 1695 354 βλέπειν

65 391 93 434 ς
112 367 435 437 ἀνθρώπων
453 371 838 436 πραγματείας,
870 367 960 421 καὶ
986 364 1298 437 μαχόμενον
1325 361 1511 428 αὐτοῖς
1538 362 1693 433 φθό-
1723 384 1753 425 0

18 469 123 504 νου
140 470 198 503 τε
228 452 318 502 καὶ
349 451 671 518 δυσμενείας
698 450 1089 516 ἐμπίπλασθαι,
1128 443 1247 502 ἀλλ’
1293 450 1369 511 εἰς
1394 447 1695 514 τεταγμένα

18 528 150 585 ἅττα
170 531 260 584 καὶ
282 528 419 584 κατὰ
449 525 619 583 ταύτὰ
649 525 733 582 ἀεὶ
762 532 952 596 ἔχοντα
982 525 1228 595 ὁρῶντας
1257 528 1347 583 καὶ
1376 527 1696 597 θεωμένους

17 609 139 666 οὔτ’
165 609 466 667 ἀδικοῦντα
485 605 606 664 οὔτ’
627 605 966 678 ἀδικούμενα
996 606 1091 662 ὑπ’
1126 607 1398 681 ἀλλήλων,
1417 607 1606 680 κόσμῳ
1634 607 1693 662 δὲ

20 693 199 748 πάντα
218 690 462 747 καὶκατὰ
484 690 655 759 λόγον
673 692 881 758 ἔχοντα,
902 695 1076 744 ταῦτα
1094 694 1384 761 μιμεῖσθαί
1401 712 1459 745 τε
1478 691 1569 745 καὶ
1591 687 1625 743 ὅ
1643 709 1695 743 τι

57 774 250 828 άλιστα
268 770 699 842 ἀφομοιοῦσθαι.
719 766 755 840 ἢ
773 778 876 825 οἴει
894 769 1017 825 τινὰ
1039 771 1289 841 μηχανὴν
1310 770 1463 839 εἶναι,
1486 770 1595 843 ὅτῳ
1614 791 1695 833 τις

18 851 196 925 ὁμιλεῖ
226 851 516 923 ἀγάμενος,
554 850 627 922 μὴ
666 859 952 923 μιμεῖσθαι
985 853 1191 918 ἐκεῖνο;
1221 849 1540 920 Ἀδύνατον,
1570 855 1690 921 ἔφη.

19 941 161 1007 Θείῳ
183 933 250 1005 δὴ
272 936 361 989 καὶ
380 938 587 1006 κοσμίῳ
609 931 642 988 ὅ
658 955 720 1002 γε
739 933 1046 1003 φιλόσοφος
1065 931 1276 1003 ὁμιλῶν
1295 932 1593 1003 κόσμιόςτε
1604 934 1696 988 καὶ
1729 949 1763 988 D

19 1023 175 1080 θεῖος
205 1021 278 1079 εἰς
307 1011 371 1070 τὸ
404 1014 646 1070 δυνατὸν
677 1014 962 1086 ἀνθρώπῳ
988 1020 1256 1085 γίγνεται·
1294 1012 1523 1086 διαβολὴ
1556 1011 1608 1069 δ’
1634 1015 1696 1069 ἐν

17 1104 151 1154 πᾶσι
188 1097 378 1167 πολλή.
429 1096 756 1151 Παντάπασι
796 1098 896 1167 μὲν
943 1090 1061 1150 οὖν.
1109 1093 1207 1150 ’Ὰν
1244 1089 1351 1150 οὖν
1386 1116 1482 1166 τις,
1522 1093 1694 1164 εἶπον,

20 1177 170 1251 αὐτῷ
189 1175 402 1246 ἀνάγκη
422 1179 660 1246 γένηται,
683 1173 718 1230 ἃ
748 1179 862 1231 ἐκεῖ
887 1174 1007 1248 ὁρᾷ,
1038 1183 1327 1247 μελετῆσαι
1358 1181 1433 1241 εἰς
1464 1175 1698 1244 ἀνθρώ-

22 1277 142 1315 πων
160 1257 274 1327 ἤθη
295 1260 383 1312 καὶ
405 1261 515 1330 ἰδίᾳ
534 1259 626 1312 καὶ
647 1260 882 1329 δημοσίᾳ
900 1260 1133 1327 τιθέναι,
1165 1260 1255 1312 καὶ
1273 1256 1347 1328 μὴ
1367 1257 1544 1328 μόνον
1565 1258 1695 1312 ἑαυ-

21 1339 119 1396 τὸν
138 1337 410 1406 πλάττειν,
433 1332 541 1408 ἀρα
559 1338 736 1393 κακὸν
757 1335 1098 1408 δημιουργὸν
1118 1335 1291 1394 αὐτὸν
1327 1347 1430 1394 οἴει
1464 1338 1695 1409 γενήσε-

101 1443 155 1474 αι
190 1418 558 1490 σωφροσύνης
575 1441 633 1474 τε
653 1422 742 1474 καὶ
781 1419 1135 1490 δικαιοσύνης
1170 1422 1260 1475 καὶ
1289 1420 1575 1491 ξυμπάσης
1603 1426 1699 1490 τῆς

20 1505 313 1572 δημοτικῆς
333 1496 554 1569 ἀρετῆς;
576 1497 812 1554 ’Ήκιστά
831 1521 911 1570 γε,
934 1494 971 1571 ἦ
998 1498 1050 1554 δ’
1087 1499 1162 1565 ὅς.
1200 1499 1344 1556 Ἀλλ’
1375 1498 1476 1556 ἐὰν
1509 1499 1574 1571 δὴ
1611 1508 1699 1556 αι’-

101 1602 268 1636 ωνται
290 1583 347 1635 οἱ
361 1586 570 1647 πολλοί,
593 1579 676 1635 δτι
694 1578 879 1651 ἀληθῆ
899 1583 1022 1650 περὶ
1052 1578 1228 1636 αὐτοῦ
1256 1584 1504 1652 λέγομεν,
1534 1588 1698 1652 χαλε·
1729 1600 1760 1639 Ε

60 1670 259 1718 ανοῦσι
278 1662 345 1732 δὴ
365 1674 477 1726 τοῖς
495 1662 823 1732 φιλοσόφοις
842 1665 932 1717 καὶ
950 1660 1353 1734 ἀπιστήσουσιν
1369 1661 1501 1734 ἡμῖν
1511 1666 1696 1733 λέγου-

56 1768 128 1810 ιν,
161 1742 236 1808 ῶς
271 1741 373 1798 οὐκ
407 1742 479 1797 ἄν
511 1763 640 1798 ποτε
674 1742 852 1808 ἄλλως
891 1742 1308 1815 εὐδαιμονήσειε
1338 1743 1511 1814 πόλις,
1540 1750 1588 1800 εἰ
1620 1742 1693 1815 μῆ

57 1825 195 1895 ὑτὴν
226 1825 587 1895 διαγράψειαν
624 1828 680 1879 οἰ
710 1831 787 1894 τῶ
814 1830 951 1899 θείῳ
992 1830 1389 1896 παραδείγματι
1424 1824 1697 1896 χρώμενοι

131 1907 329 1976 ράφοι;
372 1904 456 1961 Οὐ
473 1913 895 1976 χαλεπανοῦσιν,
918 1899 950 1977 ἦ
971 1905 1021 1961 δ’
1049 1905 1127 1976 ὅς,
1149 1907 1351 1977 ἐάνπερ
1373 1914 1693 1962 αἴσθωνται.

16 1992 17 2002 ’
41 1985 57 2007 ’
125 1987 159 2042 ἀ
180 1986 246 2058 δὴ
268 1992 389 2042 τίνα
409 1989 582 2057 λέγεις
600 1987 808 2058 τρόπον
827 1994 923 2058 τῆς
943 1991 1277 2058 διαγραφῆςς
1305 1987 1602 2059 Λαβόντες,
1623 1980 1696 2059 ἦν
1727 2010 1809 2053 501

58 2065 74 2088 ’
99 2067 224 2137 ἐγώ,
245 2066 427 2138 ὥσπερ
449 2075 653 2123 πίνακα
673 2067 838 2123 πόλιν
863 2090 920 2122 τε
942 2071 1030 2123 καὶ
1049 2067 1163 2139 ἤθη
1183 2066 1521 2137 ἀνθρώπων,
1543 2075 1696 2139 πρῶ-

54 2170 122 2204 ον
140 2152 240 2219 μὲν
257 2147 516 2218 καθαρὰν
534 2148 824 2219 ποιήσειαν
844 2148 938 2203 ἄν·
990 2147 1023 2203 ὃ
1042 2146 1111 2204 οὐ
1140 2150 1292 2204 πάνυ
1312 2148 1509 2222 ῥᾴδιον
1523 2171 1533 2182 ·
1571 2147 1694 2205 ἀλλ’

72 2223 91 2244 '
149 2228 301 2285 οἷσθ’
324 2228 408 2285 ὅτι
428 2231 603 2306 τούτῳ
624 2228 695 2286 ἀν
715 2229 889 2295 εὐθὺς
907 2238 1020 2286 τῶν
1039 2230 1225 2287 ἄλλων
1246 2234 1595 2302 διενέγκοιεν,
1618 2239 1697 2306 τῷ

62 2312 155 2381 ήτε
193 2309 413 2366 ἰδιώτου
449 2313 581 2382 μήτε
619 2313 829 2378 πόλεως
866 2316 1126 2384 ἐθελῆσαι
1160 2309 1232 2369 ἀν
1274 2312 1529 2380 ἅψασθαι
1562 2313 1700 2384 μηδὲ

59 2391 262 2461 ράφειν
292 2393 516 2464 νόμους,
557 2398 687 2464 πρὶν
722 2393 758 2464 ἦ
798 2402 1139 2466 παραλαβεῖν
1172 2393 1435 2466 καθαρὰν
1470 2392 1507 2466 ἢ
1541 2394 1699 2450 αὐτοὶ

65 2479 260 2542 οιῆσαι.
286 2475 392 2527 Καὶ
413 2471 599 2542 ὀρθῶς
615 2472 691 2543 γ’,
712 2479 833 2545 ἔφη.
854 2474 1079 2531 Οὐκοῦν
1098 2475 1231 2547 μετὰ
1250 2481 1421 2532 ταῦτα
1442 2483 1544 2531 oceo
1559 2475 1700 2530 ὐπο-

59 2553 346 2621 ράψασθαι
372 2550 443 2608 ἀν
463 2553 523 2610 τὸ
546 2561 722 2625 σχῆμα
741 2562 836 2626 τῆς
865 2564 1160 2621 πολιτείας;
1202 2563 1271 2612 Τί
1284 2557 1420 2628 μήν,
1460 2556 1698 2626 Ἔπειτα,

114 2656 190 2703 αι,
212 2633 644 2706 ἀπεργαζόμενοι
674 2635 857 2691 πυκνά
888 2633 960 2691 ἀν
988 2635 1278 2708 ἑκατέρωσ’
1312 2636 1697 2709 ἀποβλέποιεν,
1739 2655 1771 2696 Β

119 2714 163 2780 ’ς
182 2736 235 2771 τε
256 2716 316 2771 τὸ
338 2715 503 2785 φύσει
523 2722 738 2772 δίκαιον
755 2721 841 2773 καὶ
857 2716 1029 2774 καλὸν
1048 2722 1136 2773 καὶ
1156 2725 1387 2787 σῶφρον
1404 2720 1496 2775 καὶ
1517 2719 1698 2773 πάντα

73 2793 87 2812 “
127 2804 352 2853 τοιαῦτα
392 2804 477 2853 καὶ
519 2798 655 2868 πρὸς
688 2803 864 2855 ἐκεῖνο
903 2794 975 2853 αὖ
1015 2799 1075 2854 τὸ
1115 2802 1173 2854 ἐν
1211 2811 1322 2865 τοῖς
1361 2797 1699 2870 ἀνθρώποις,
