1962 3236
1916 0 1962 173 ‘⁸³

1956 243 1962 264 l

207 283 344 349 οὖν,
385 271 461 350 ἦν
488 277 541 334 δ’
576 279 712 350 ἐγώ,
749 285 828 335 ἔτι
864 287 1165 347 έλλείπεται
1202 284 1263 334 τὸ
1302 277 1376 351 ἢν
1411 289 1685 353 πείσωμεν
1726 283 1887 355 ὑμᾶς,
1958 315 1962 382 l

208 357 282 425 ὥς
303 358 404 430 χρὴ
423 358 566 431 ἡμᾶς
586 359 839 429 άφεῖναις
861 355 932 416 ςΗ
944 363 1033 416 καὶ
1054 359 1310 415 δύναισθ’
1338 362 1438 432 ἅν,
1463 358 1502 434 ἧ
1520 369 1552 418 δ
1562 363 1574 383 '
1594 363 1680 433 ὅς,
1707 379 1886 421 πεῖσαι
1960 404 1962 413 ‹

78 470 90 483 w
124 439 141 463 ’τ’
206 440 278 513 μὴ
313 440 650 508 ἄκούοντας;
688 442 988 512 Οὐδαμῶς,
1029 447 1134 512 ἔφη
1171 438 1200 496 ὁ
1224 446 1514 500 Γλαύκων.
1568 445 1665 510 Ὡς
1693 453 1887 502 τοίνυν
1956 484 1962 502 «-

206 521 279 592 μὴ
310 520 732 593 ἀκουσομένων,
771 521 917 577 οὕτω
948 526 1278 577 διανοεῖσθε.
1335 527 1424 580 καὶ
1463 523 1492 579 ὁ
1519 523 1884 597 Ἀδείμαντος,
1960 529 1962 533 ’

90 620 178 666 328
204 598 338 673 'Apri
359 626 450 674 γε,
480 599 520 673 ἦ
548 602 602 658 δ’
627 604 715 671 ὅς,
753 602 875 658 οὐδ’
899 612 1013 659 ἴστε
1043 602 1126 658 ὅτι
1145 603 1360 674 λαμπάς
1390 611 1539 661 ἔσται
1569 606 1706 674 πρὸς
1727 610 1885 662 §aasz
1951 651 1962 670 ,

209 707 315 754 ραν
334 681 424 753 ἀφ’
445 687 631 738 ἵππων
649 691 714 756 τῇ
734 692 879 757 θεῷς
906 682 1015 754 Ἀφ’
1036 689 1250 750 ἴππωνς
1277 680 1350 756 ἦν
1371 684 1422 740 δ’
1447 688 1577 756 ἐγώ·
1608 689 1804 743 καινόν
1822 710 1886 758 γε
1959 734 1962 752 ÷

206 771 387 821 τοῦτο.
418 765 700 834 λαμπάδια
729 771 942 835 ἔχοντες
969 765 1344 820 διαδώσουσιν
1368 765 1622 838 ἀλλήλοις
1643 769 1887 838 ἁμιλλῶ·
1951 804 1962 843 3

206 867 365 917 μενοι
390 858 502 910 τοῖς
520 850 730 911 ἴπποις;
761 843 794 916 ἢ
815 851 930 910 πῶς
954 850 1151 915 λέγεις;
1175 846 1393 916 Οὕτως,
1416 855 1520 919 ἔφη
1543 848 1570 903 ὁ
1593 855 1884 919 Πυλέμαρ-
1959 854 1962 858 ⁴

204 949 325 998 χος·
354 929 444 982 καὶ
472 929 612 995 πρός
647 951 707 997 γε
739 933 1049 998 παννυχίδα
1075 929 1435 998 ποιήσουσιν,
1470 928 1540 999 ἣν
1570 931 1724 995 ἄξιον
1744 931 1885 986 θεά-
1951 932 1956 939 ’

207 1018 428 1063 σασθαι.
465 1012 949 1080 ἐξαναστησόμεθα
991 1008 1097 1079 γὰρ
1132 1008 1264 1078 μετὰ
1301 1007 1360 1063 τὸ
1405 1014 1630 1065 δεῖπνον
1667 1014 1754 1066 καὶ
1782 1010 1885 1082 τὴν

206 1094 514 1159 παννυχίδα
551 1092 878 1160 θεασόμεθα
911 1092 1000 1146 καὶ
1039 1090 1388 1160 ξυνεσόμεθά
1424 1114 1482 1145 τε
1518 1100 1741 1156 πολλοῖς
1770 1099 1884 1147 τῶν

146 1187 180 1228 Β
204 1174 349 1228 νέων
378 1170 583 1226 αὐτόθι
602 1174 689 1227 καὶ
713 1173 1092 1243 διαλεξόμεθα.
1125 1170 1262 1227 ἀλλὰ
1283 1176 1471 1242 μένετε
1492 1175 1580 1227 καὶ
1608 1172 1681 1243 μὴ
1704 1173 1882 1237 ἄλλως

205 1267 422 1309 ποιεῖτε.
467 1255 557 1309 καὶ
589 1251 617 1307 ὁ
655 1255 956 1323 Γλαύκων,
984 1253 1228 1320 ”Εοικεν,
1268 1259 1399 1324 ἔφη,
1433 1258 1690 1324 μενετέον
1724 1254 1879 1310 εἶναι.

200 1334 336 1392 Ἀλλ’
361 1342 409 1392 εἰ
429 1341 605 1404 δοκεῖ,
631 1330 703 1406 ἦν
725 1334 776 1390 δ’
804 1336 938 1406 ἐγώ,
967 1335 1113 1391 οὕτω
1131 1335 1231 1407 χρὴ
1255 1349 1449 1391 ποιεῖν,

347 1423 407 1472 ΙΙ.
439 1413 635 1487 ῗΗιμεν
661 1412 766 1472 οὐν
799 1422 986 1473 οἴκαδε
1008 1424 1082 1483 εἰς
1102 1425 1202 1474 τοῦ
1232 1417 1623 1487 Πολεμάρχου,
1645 1421 1736 1473 καὶ
1766 1427 1882 1473 Λυ-

206 1508 332 1558 σίαν
361 1523 419 1556 τε
449 1499 650 1556 αὐτόθι
685 1502 1058 1572 κατελάβομεν
1098 1503 1187 1556 καὶ
1214 1499 1587 1570 Εὐθύδημον,
1626 1499 1755 1564 τοὺς
1783 1507 1883 1556 τοῦ

202 1582 570 1652 Πολεμάρχου
590 1580 894 1651 ἀδελφούς,
916 1586 1005 1638 καὶ
1026 1581 1091 1653 δὴ
1115 1585 1203 1638 καὶ
1224 1583 1595 1652 Θρασύμαχον
1615 1581 1714 1636 τὸν
1731 1588 1877 1638 Χαλ-

202 1664 471 1734 κηδόνιον
515 1665 604 1718 καὶ
642 1670 1034 1734 Χαρμαντίδην
1070 1662 1169 1718 τὸν
1211 1667 1480 1717 Παιανιέα
1529 1666 1618 1717 καὶ
1656 1670 1883 1718 Κλειτο-

203 1751 396 1816 φώντα
416 1742 516 1798 τὸν
533 1743 971 1814 Ἀριστωνύμου·
1003 1739 1075 1814 ἦν
1104 1742 1152 1799 δ’
1179 1749 1344 1800 ἔνδον
1363 1746 1452 1798 καὶ
1481 1741 1510 1798 ὁ
1533 1742 1709 1814 πατὴρ
1732 1742 1760 1798 ὁ
1782 1749 1883 1798 τοῦ

201 1826 568 1896 Πολεμάρχου
602 1830 870 1894 Κέφαλος.
930 1827 1019 1880 καὶ
1049 1827 1194 1895 μάλα
1228 1826 1541 1895 πρεσβύτης
1569 1847 1660 1894 μοι
1699 1829 1886 1889 ἔδοξεν

150 1930 181 1971 c
215 1907 379 1962 εἶναι·
421 1906 509 1962 διὰ
542 1907 751 1976 χρόνου
778 1905 885 1976 γὰρ
923 1909 1010 1962 καὶ
1037 1907 1251 1976 ἑωράκη
1290 1905 1476 1961 αὐτόν.
1533 1912 1780 1975 καθῆστο
1825 1907 1884 1959 δὲ

202 1991 655 2058 ἐστεφανωμένος
691 1992 782 2042 ἐπί
810 2010 959 2051 τινος
981 1994 1433 2056 προσκεφαλαίου
1453 2008 1507 2040 τε
1539 1989 1624 2040 καὶ
1649 1990 1879 2053 δίφρου·

201 2069 455 2133 τεθυκὼς
490 2067 598 2138 γάρ
641 2070 940 2138 ἐτύγχανεν
974 2072 1035 2123 ἐν
1063 2076 1128 2139 τῇ
1159 2067 1317 2138 αὐλῇ.
1360 2068 1737 2136 ἐκαθεζόμεθα
1776 2060 1883 2120 οὖν
1911 2099 1918 2104 -

203 2151 338 2219 παρ’
365 2150 562 2206 αὐτόν·
585 2155 793 2205 ἔκειντο
814 2148 919 2218 γὰρ
943 2154 1129 2218 δίφροι
1149 2149 1292 2211 τινὲς
1310 2146 1512 2201 αὐτόθι
1540 2147 1740 2215 κύκλῳ.
1789 2142 1884 2200 εὐ·-

203 2230 315 2296 θύς
343 2227 449 2286 οὖν
486 2254 551 2301 με
588 2230 725 2286 ἰδών
765 2229 794 2285 ὁ
826 2233 1081 2298 Κέφαλος
1110 2226 1379 2299 ἠσπάζετό
1412 2249 1470 2282 τε
1513 2230 1603 2282 καὶ
1649 2219 1884 2281 εἶπε-νὮι

204 2313 526 2381 Σώκρατες,
555 2312 683 2368 οὐδὲ
711 2318 958 2381 θαμίζεις
982 2311 1114 2382 ἡμῖν
1144 2316 1492 2380 καταβαίνων
1523 2315 1598 2372 εἰς
1622 2308 1722 2404 τὸν
1747 2315 1884 2362 Πει-

204 2401 355 2463 ραιᾶ·
387 2401 526 2464 χρῆν
545 2397 746 2463 μέντοι.
781 2394 949 2463 εἰμὲν
978 2392 1084 2462 γάρ
1107 2391 1210 2461 ἐγω
1242 2398 1319 2446 ἔτι
1342 2395 1400 2444 ἐν
1420 2391 1652 2458 δυνάμει
1683 2391 1756 2458 ἠν
1781 2393 1882 2442 τοῦ

203 2477 405 2546 ῥᾳδίως
425 2476 764 2543 πορεύεσθαι
785 2472 921 2540 πρὸς
946 2471 1004 2526 τὸ
1028 2472 1195 2540 άστυ,
1219 2469 1431 2525 οὐδεν’
1406 2471 1478 2524 άν
1504 2488 1564 2523 σε
1587 2473 1692 2523 ἔδει
1715 2473 1882 2535 δεῦρο

203 2558 371 2625 ἰέναι,
408 2554 532 2610 ἀλλ’
571 2554 723 2625 ἡμεῖς
753 2552 824 2608 ἄν
857 2552 1003 2621 παρὰ
1037 2554 1095 2608 σε
1129 2548 1292 2624 ᾖμεν·
1330 2558 1439 2606 νῦν
1471 2555 1533 2605 δέ
1560 2569 1618 2604 σε
1641 2548 1739 2620 χρὴ
1774 2571 1884 2602 πυ-

145 2658 181 2700 1)
209 2637 476 2702 κνότερον
495 2640 659 2701 δεῦρο
682 2638 847 2691 ιἐναι’
870 2635 942 2699 ὡς
963 2638 1025 2689 εὐ
1048 2643 1167 2689 ι’σθι
1190 2633 1274 2688 ὅτι
1289 2638 1487 2703 ἔμοιγε,
1509 2631 1644 2685 ὅσον
1667 2635 1723 2685 αἱ
1742 2652 1879 2684 κατα

203 2719 264 2775 τὸ
296 2726 451 2788 σῶμα
478 2719 671 2789 ἡδοναὶ
699 2721 1201 2790 ἀπομαραίνονται,
1240 2723 1510 2771 τοσοῦτον
1540 2713 1798 2778 αὔξονται
1825 2716 1883 2767 αἱ

207 2820 331 2870 περι
360 2803 488 2866 τούς
509 2803 709 2873 λόγους
737 2808 1023 2873 ἐπιθυμίαι
1044 2824 1100 2858 τε
1127 2804 1218 2857 καὶ
1245 2800 1455 2870 ἡδοναί.
1484 2797 1556 2867 μή
1579 2791 1685 2851 οὖν
1705 2795 1883 2860 ἄλλως

208 143 243 195 2
816 149 1290 198 ΠΛΑΤΩΝΟΣ
