1962 3236
630 193 1103 240 ΠΟΛΙΤΕΙΑΣ
1130 185 1185 240 ι’.
1647 190 1751 243 299

0 334 17 389 ξ’
62 327 158 392 τὰς
180 326 346 398 τύχας
381 326 530 382 οὕτω
566 330 952 396 προσφέροιτο.
1010 323 1271 396 Οὐκοῦν,
1297 329 1507 398 φαμέν,
1547 324 1608 381 τὸ
1648 327 1752 397 μὲν

0 397 15 466 ⁵..
58 412 344 482 βέλτιστον
373 406 552 480 τούτῳ
578 413 657 480 τῷ
686 413 929 478 λογισμῷ
953 409 1132 462 ἐθέλει
1152 408 1402 462 ἕπεσθαι.
1439 412 1633 477 Δῆλον
1664 407 1750 478 δή.

68 490 143 546 Τό
165 490 225 546 δὲ
243 488 382 558 πρὸς
402 487 499 554 τὰς
519 486 853 559 ἀναμνήσεις
871 509 929 543 τε
948 495 1050 543 τοῦ
1079 487 1302 552 πάθους
1329 489 1421 544 καὶ
1451 485 1590 559 πρὸς
1621 489 1751 554 τοὺς

61 570 344 642 ὀδυρμούς
371 570 514 642 ἄγον
535 571 626 625 καὶ
651 567 942 639 ἀπλήστως
972 574 1099 639 ἔχον
1130 567 1318 625 αὐτῶν
1348 563 1438 640 ἀρ’
1477 568 1582 626 ούκ
1613 569 1750 626 ἀλό-

59 654 214 724 γιστό
221 676 252 708 v
269 675 326 709 τε
344 651 596 723 φήσομεν
609 648 749 705 εἶναι
769 651 860 706 καὶ
879 647 1055 721 ἀργὸν
1075 653 1164 707 καὶ
1188 656 1390 717 δειλίας
1413 658 1607 722 φίλον;
1631 651 1750 723 Φή-

62 753 232 806 σομεν
251 734 355 806 μὲν
371 727 492 789 οὖν.
534 731 764 788 Ούκοῦν
785 729 847 787 τὸ
874 731 978 802 μὲν
1007 732 1221 804 πολλὴν
1249 739 1478 804 μίμησιν
1506 736 1597 790 καὶ
1623 753 1750 788 ποι-

56 822 218 888 κίλην
259 820 382 886 ἔχει,
421 813 483 871 τὸ
521 812 985 886 ἀγανακτητικόν·
1041 812 1102 868 τὸ
1143 814 1201 870 δὲ
1239 813 1520 885 φρόνιμόν
1563 837 1621 870 τε
1658 816 1749 870 καὶ
1777 829 1811 870 Ε

57 897 288 971 ἡσύχιον
305 893 465 970 ἦθος,
485 899 873 967 παραπλήσιον
892 892 960 952 ὂν
974 892 1058 952 ἀεὶ
1071 895 1206 952 αὐτὸ
1221 894 1389 970 αὑτῷ,
1405 895 1535 952 οὔτε
1553 897 1753 969 ῥᾴδιον

58 982 409 1054 μιμήσασθαι
428 979 556 1036 οὔτε
577 979 924 1050 μιμούμενον
945 976 1167 1043 εὐπετὲς
1185 986 1548 1049 καταμαθεῖν,
1570 976 1751 1042 ἄλλως

59 1085 118 1118 τε
139 1065 230 1118 καὶ
252 1061 559 1134 πανηγύρει
580 1062 671 1116 καὶ
691 1064 1062 1124 παντοδαποῖς
1081 1059 1405 1130 ἀνθρώποις
1435 1064 1511 1124 εἰς
1539 1062 1751 1128 θέατρα

60 1147 491 1213 ξυλλεγομένοις.
530 1140 826 1210 ἀλλοτρίου
844 1141 952 1212 γάρ
982 1162 1092 1196 που
1112 1142 1334 1208 πάθους
1351 1140 1385 1213 ἡ
1405 1146 1626 1213 μίμησις
1645 1139 1750 1196 αύ-

58 1237 172 1290 τοῖς
189 1230 448 1295 γίγνεται.
486 1222 816 1278 Παντάπασι
835 1222 938 1292 μὲν
957 1217 1077 1277 οὖν.
1109 1221 1171 1278 ‘0
1193 1221 1259 1294 δὴ
1280 1222 1568 1295 μιμητικὸς
1588 1242 1753 1293 ποιη-
1779 1229 1867 1277 605

56 1309 151 1379 τὴς
184 1311 356 1378 δῆλον
384 1305 469 1362 ὅτι
498 1301 568 1361 ού
596 1302 736 1375 πρὸς
765 1303 824 1360 τὸ
847 1310 1103 1360 τοιοῦτον
1123 1310 1220 1376 τῆς
1247 1310 1425 1375 ψυχῆς
1455 1306 1674 1374 πέφυκέ
1687 1325 1751 1374 γε

57 1391 146 1445 καὶ
168 1386 202 1460 ἡ
230 1394 402 1458 σοφία
420 1384 595 1442 αὐτοῦ
614 1385 792 1460 τούτῳ
816 1383 1071 1458 ἀρέσκειν
1092 1389 1355 1457 πέπηγεν,
1378 1389 1427 1440 εἰ
1441 1387 1625 1456 μέλλει
1655 1383 1752 1440 εύ-

60 1469 382 1542 δοκιμήσειν
401 1472 461 1524 έν
479 1480 590 1534 τοῖς
608 1475 845 1539 πολλοῖς,
875 1465 1013 1524 ἀλλὰ
1045 1467 1184 1540 πρὸς
1214 1467 1273 1523 τὸ
1308 1466 1751 1539 ἀγανακτητικόν

55 1576 113 1608 τε
127 1555 217 1608 καὶ
238 1555 491 1606 ποικίλον
507 1543 650 1621 ἦθος
670 1548 758 1605 διὰ
779 1547 837 1606 τὸ
863 1547 1163 1621 εὐμίμητον
1182 1548 1335 1605 εἶναι.
1357 1555 1565 1622 Δῆλον.
1596 1547 1751 1604 Ούκ-

58 1640 164 1690 οῦν
186 1638 408 1699 δικαίως
426 1628 498 1688 ἂν
516 1630 693 1687 αὐτοῦ
711 1631 815 1704 ἤδη
837 1634 1365 1704 ἐπιλαμβανοίμεθα,
1389 1632 1478 1687 καὶ
1499 1638 1751 1702 τιθεῖμεν

56 1714 432 1786 ἀντίστροφον
451 1712 626 1770 αὐτὸν
647 1721 725 1788 τῷ
743 1714 1040 1786 ζωγράφῳ;
1080 1712 1295 1785 καὶγὰρ
1320 1721 1397 1787 τῷ
1417 1719 1606 1784 φαῦλα
1626 1732 1751 1767 ποι-

57 1811 139 1854 εῖν
159 1796 299 1867 πρὸς
318 1795 591 1868 ἀλήθειαν
607 1801 784 1853 ἔοικεν
806 1795 971 1869 αὐτῷ,
989 1798 1079 1852 καὶ
1098 1803 1176 1870 τῷ
1195 1796 1333 1866 πρὸς
1353 1797 1542 1866 ἕτερον
1561 1801 1749 1851 τοιοῦ-

56 1902 155 1934 τον
191 1876 401 1949 ὁμιλεῖν
430 1886 526 1949 τῆς
555 1884 749 1949 ψυχῆς,
780 1877 920 1933 ἀλλά
953 1876 1025 1949 μὴ
1066 1876 1206 1947 πρὸς
1229 1876 1289 1933 τὸ
1321 1881 1625 1949 βέλτιστον,
1658 1876 1750 1932 καὶ
1783 1895 1813 1935 Β

54 1961 227 2033 ταύτῃ
249 1959 542 2031 ὦμοίωται·
580 1961 670 2015 καὶ
690 1958 867 2025 οὕτως
888 1958 993 2031 ἤδη
1011 1956 1081 2015 ἄν
1102 1962 1161 2015 ἐν
1183 1964 1309 2031 δίκῃ
1331 1957 1399 2015 ού
1419 1962 1751 2029 παραδεχοί-

55 2051 204 2114 μεθα
223 2047 299 2107 εἰς
318 2045 631 2112 μέλλουσαν
652 2041 1013 2112 εὐνομεῖσθαι
1032 2041 1212 2111 πόλιν,
1245 2040 1328 2098 ὅτι
1356 2048 1521 2097 τοῦτο
1552 2042 1750 2110 ἐγείρει

54 2132 152 2196 τῆς
173 2131 349 2195 ψυχῆς
368 2126 458 2180 καὶ
481 2126 670 2195 τρέφει
692 2127 782 2179 καὶ
812 2123 1043 2195 ἰσχυρὸν
1061 2131 1239 2180 ποιῶν
1268 2122 1542 2179 ἀπόλλυσι
1559 2121 1620 2178 τό
1651 2128 1750 2177 λο-

56 2206 324 2277 γιστικόν,
357 2204 543 2277 ὥσπερ
577 2210 637 2262 ἐν
661 2206 818 2262 πόλει
848 2204 983 2262 ὅταν
1012 2229 1093 2270 τις
1123 2205 1444 2277 μοχθηροὺς
1465 2206 1750 2275 ἐγκρατεῖς

57 2292 236 2342 ποιῶν
254 2290 540 2358 παραδιδῷ
560 2285 663 2358 τὴν
687 2286 868 2356 πόλιν,
889 2286 1019 2352 τούς
1040 2287 1099 2343 δὲ
1118 2287 1502 2358 χαριεστέρους
1520 2289 1748 2356 φθείρῃ,

62 2364 270 2422 ταύτὸν
288 2365 496 2422 καὶτὸν
517 2366 811 2439 μιμητικὸν
841 2368 1072 2439 ποιητὴν
1105 2367 1360 2440 φήσομεν
1388 2364 1570 2438 κακὴν
1588 2374 1749 2421 πολι-

57 2453 212 2503 τείαν
242 2452 354 2520 ἰδίᾳ
393 2448 630 2504 ἑκάστου
659 2456 726 2522 τῇ
754 2457 902 2520 ψυχῇ
926 2453 1190 2520 ἐμποιεῖν,
1220 2457 1298 2522 τῷ
1326 2447 1546 2521 ἀνοήτῳ
1578 2446 1750 2518 αὐτῆς

58 2531 419 2601 χαριζόμενον
438 2533 529 2587 καὶ
548 2530 675 2586 οὔτε
696 2530 760 2586 τὰ
780 2535 939 2601 μείζω
961 2531 1091 2587 οὔτε
1114 2529 1175 2586 τά
1210 2531 1414 2586 ἐλάττω
1448 2528 1748 2599 διαγιγνοὶ-
1779 2550 1810 2593 0

57 2629 264 2681 σκοντι,
289 2611 426 2668 ἀλλὰ
446 2612 511 2667 τὰ
531 2611 672 2668 αὐτὰ
703 2615 821 2668 τοτὲ
840 2615 942 2683 μὲν
968 2612 1178 2683 μεγάλα
1206 2609 1515 2684 ἡγουμένῳ,
1545 2610 1666 2667 τοτὲ
1687 2611 1746 2667 δὲ

58 2692 279 2764 σμικρά,
307 2698 506 2749 εἴδωλα
537 2697 1017 2764 εἰδωλοποιοῦντα,
1048 2700 1150 2749 τοῦ
1182 2694 1242 2750 δὲ
1272 2691 1522 2765 ἀληθοῦς
1554 2691 1746 2764 πόρρω

62 2774 212 2830 πάνυ
233 2772 540 2844 ἀφεστῶτα.
580 2774 745 2830 Πάνυ
764 2775 865 2846 μὲν
886 2769 1005 2830 οὖν.

201 2860 302 2912 vn.
345 2856 430 2914 Ού
462 2860 650 2928 μέντοι
686 2877 770 2912 πω
805 2859 866 2913 τό
898 2878 962 2929 γε
998 2860 1257 2929 μέγιστον
1294 2854 1749 2928 κατηγορήκαμεν
