1962 3236
185 154 287 207 132
480 150 482 152 ’
796 149 1272 199 ΠΛΑΤΩΝΟΣ

185 311 254 360 τι,
275 287 440 360 οἶμαι,
463 285 720 357 δόξαιμεν
749 283 1072 350 ψεύδεσθαι.
1120 281 1222 337 Μὰ
1257 287 1370 338 Δία
1398 281 1468 338 οὐ
1497 285 1701 354 μέντοι,
1737 288 1857 355 ἔφη.

187 377 388 441 Φῶμεν
417 368 555 438 άρα;
594 372 812 436 Φῶμεν.

323 454 496 506 XVIII
520 448 695 504 Ἔστω
714 447 799 517 δή,
819 440 891 516 ἦν
912 443 963 500 δ’
985 444 1115 515 ἐγω·
1139 443 1272 515 μετὰ
1283 444 1388 514 γὰρ
1400 451 1563 500 τοῦτο
1577 448 1858 515 σκεπτέον,

185 532 349 605 οἶμαι,
369 529 604 587 ἀδικίαν.
643 534 835 599 Δῆλον
854 525 953 582 ὅτι.
1000 526 1227 582 Οὐκοῦν
1247 526 1442 581 στάσιν
1458 526 1582 582 τινὰ
1601 520 1676 582 αὖ
1693 548 1861 598 τριων

124 628 157 669 Β
187 614 369 670 ὄντων
389 612 605 668 τούτων
625 614 712 666 δεῖ
724 607 902 679 αὐτὴν
923 605 1063 664 εἶναι
1085 608 1175 662 καὶ
1203 608 1752 679 πολυπραγμοσύνην
1771 609 1861 663 καὶ

185 691 844 764 ἀλλοτριοπραγμοσύνην
864 689 954 746 καὶ
983 688 1353 746 ἐπανάστασιν
1376 692 1577 760 μέρους
1606 687 1755 755 τινὸς
1784 695 1859 763 τῷ

187 774 297 849 ὅλῳ
315 781 411 846 τῆς
429 781 622 846 ψυχῆς,
641 772 720 829 ἵν’
741 773 881 844 ἄρχῃ
902 774 962 827 ἐν
983 768 1124 841 αὐτῇ
1149 767 1218 826 οὐ
1238 777 1540 842 προσῆκον,
1572 770 1710 827 ἀλλὰ
1746 793 1862 826 τοι-

188 857 360 912 ούτου
379 855 539 920 ὄντος
555 855 737 925 φύσει,
762 858 882 909 οἴου
901 854 1131 921 πρέπειν
1159 850 1309 926 αὐτῷ
1342 851 1630 908 δουλεύειν
1655 859 1730 925 τῷ
1760 860 1862 907 τοῦ

188 936 420 1008 ἀρχικοῦ
447 939 644 1007 γένους
676 936 822 1002 ὄντι;
860 933 1072 989 τοιαῦτ’
1110 933 1260 1003 ἄττα,
1295 932 1459 1004 οἶμαι,
1493 933 1744 1004 φήσομεν
1770 937 1861 989 καὶ

184 1019 288 1089 τὴν
310 1018 525 1074 τούτων
543 1016 784 1087 ταραχὴν
803 1018 893 1070 καὶ
913 1015 1129 1085 πλάνην
1151 1014 1291 1070 εἶναι
1309 1013 1411 1085 τήν
1440 1037 1497 1070 τε
1525 1013 1743 1070 ἀδικίαν
1771 1017 1861 1071 καὶ

187 1099 491 1154 ἀκολασίαν
509 1100 601 1154 καὶ
621 1102 831 1153 δειλίαν
850 1098 940 1151 καὶ
970 1094 1219 1166 ἀμαθίαν
1238 1097 1329 1151 καὶ
1351 1096 1659 1168 ξυλλήβδην
1679 1102 1861 1151 πᾶσαν

126 1194 158 1236 G
188 1185 399 1235 κακίαν.
447 1176 631 1234 Ταύτόι
652 1179 753 1248 μὲν
774 1172 880 1232 οὖν
899 1183 1088 1247 ταῦτα,
1110 1181 1230 1248 ἔφη.
1275 1175 1519 1246 Οὐκοῦν,
1549 1172 1622 1247 ἧν
1653 1175 1705 1232 δ’
1735 1175 1858 1247 ἐγεό,

186 1262 277 1316 καὶ
295 1258 354 1316 τὰ
380 1260 542 1315 ἄδικα
562 1260 820 1330 πράττειν
831 1261 921 1314 και
934 1257 995 1313 τὸ
1015 1257 1226 1313 ἀδικεῖν
1244 1260 1336 1313 καὶ
1357 1261 1428 1312 αὐ
1448 1256 1508 1312 τὸ
1537 1261 1719 1314 δίκαια
1738 1279 1861 1313 ποι-

189 1353 287 1412 εῖν,
324 1349 496 1396 ταῦτα
527 1341 707 1396 πάντα
736 1339 993 1411 τυγχάνει
1023 1338 1156 1394 ὅντα
1195 1339 1475 1410 κατάδηλα
1508 1338 1613 1410 ἤδη
1649 1347 1858 1410 σαφως,

190 1430 341 1492 εἴπερ
362 1421 502 1478 καὶ
473 1445 506 1494 η
527 1422 707 1478 ἀδικία
723 1444 779 1478 τε
810 1424 900 1476 καὶ
931 1420 1281 1491 δικαιοσύνης
1325 1427 1455 1484 Πῶς
1486 1421 1581 1491 δή;
1627 1419 1759 1494 Ότι,
1790 1425 1862 1492 ἦν

190 1499 241 1558 δ’
264 1504 389 1572 ἐγώ,
410 1503 666 1573 τυγχάνει
696 1504 862 1560 οὐδὲν
894 1505 1226 1572 διαφέροντα
1255 1509 1367 1557 τῶν
1397 1499 1656 1572 ὑγιεινων
1683 1523 1741 1557 τε
1772 1507 1863 1557 καὶ
1954 1572 1960 1583 ⁸

190 1588 474 1652 νοσωδῶν,
497 1583 570 1650 ὡς
589 1589 768 1642 ἐκεῖνα
789 1589 847 1639 ἐν
867 1584 1092 1655 σώματι,
1114 1591 1286 1639 ταῦτα
1307 1587 1366 1639 ἐν
1387 1591 1550 1656 ψυχῇ.
1592 1591 1708 1656 Πῇ;
1740 1589 1859 1655 ἔφη.
1891 1599 1897 1605 ’
1958 1602 1960 1606 ·

198 1666 276 1720 Τὰ
291 1667 398 1736 ,μέν
417 1687 527 1722 που
546 1663 759 1736 ὑγιεινὰ
785 1664 999 1735 ὑγίειαν
1014 1668 1239 1738 ἐμποιεῖ,
1267 1664 1334 1721 τὰ
1355 1668 1414 1721 δὲ
1434 1666 1650 1736 νοσώδη
1673 1666 1861 1721 νόσον.
1958 1661 1962 1669 ’

190 1753 316 1802 Ναί.
357 1748 584 1803 Οὐκοῦν
620 1750 707 1803 καὶ
745 1747 805 1802 τὸ
846 1749 948 1818 μὲν
987 1752 1167 1803 δίκαια
1206 1749 1464 1818 πράττειν
1502 1748 1863 1819 δικαιοσύνην

122 1845 158 1884 D
192 1831 417 1899 ἐμποιεῖ,
439 1829 497 1884 τὸ
522 1826 572 1884 δ’
605 1827 767 1884 ἄδικα
802 1827 1045 1895 ἀδικίαν;
1096 1829 1348 1901 Ἀνάγκη.
1395 1828 1549 1885 ’Ἐστι
1582 1830 1641 1886 δὲ
1670 1829 1730 1884 τὸ
1763 1829 1863 1899 μὲν

190 1908 404 1980 ὑγίειαν
431 1923 609 1966 ποιεῖν
637 1909 702 1965 τά
731 1914 790 1965 ἐν
818 1917 896 1984 τῷ
925 1912 1135 1982 σώματι
1163 1912 1299 1967 κατὰ
1330 1911 1502 1982 φύσιν
1531 1911 1865 1967 καθιστάναι

191 2004 413 2061 κρατεῖν
431 2012 488 2046 τε
508 1992 597 2046 καὶ
617 2000 939 2061 κρατεῖσθαι
960 1989 1056 2046 ὑπ’
1079 1990 1348 2062 ἀλλήλων,
1370 1991 1430 2047 τὸ
1446 1996 1506 2047 δὲ
1522 1993 1695 2047 νόσον
1713 1990 1862 2062 παρὰ

194 2074 368 2143 φύσιν
393 2071 580 2142 ἄρχειν
597 2095 654 2128 τε
674 2075 763 2128 καὶ
781 2072 1049 2142 ἄρχεσθαι
1068 2072 1200 2127 ἄλλο
1222 2071 1323 2127 ὑπ’
1343 2072 1528 2127 ἄλλον.
1560 2070 1709 2127 ’Ἐστι
1738 2073 1859 2142 γάρ.

195 2151 425 2209 Οὐκοῦν
445 2147 533 2222 αὖ,
555 2157 713 2223 ἔφην,
733 2153 795 2207 τό
817 2153 1178 2222 δικαιοσύνην
1196 2155 1440 2222 ἐμποιεῖν
1459 2150 1524 2207 τὰ
1546 2155 1605 2207 ἐν
1624 2159 1689 2223 τῇ
1715 2159 1862 2225 ψυχῇ

197 2256 334 2289 κατα
365 2233 542 2302 φύσιν
574 2236 904 2288 καθιστάναι
932 2245 1152 2302 κρατεῖν
1188 2255 1245 2288 τε
1282 2235 1373 2288 καὶ
1410 2241 1732 2302 κρατεῖσθαι
1762 2231 1862 2289 ὑπ’

192 2313 462 2383 ἀλλήλων,
483 2312 544 2368 τὸ
568 2315 627 2370 δε
648 2313 864 2370 ἀδικίαν
893 2314 1040 2382 παρὰ
1075 2314 1248 2384 φύσιν
1282 2314 1470 2384 ἄρχειν
1499 2336 1555 2369 τε
1584 2317 1675 2371 καὶ
1703 2315 1863 2387 άρχε-

194 2407 328 2453 σθαι
347 2397 482 2453 αλλο
502 2394 598 2451 ὑπ’
619 2396 819 2464 άλλου;
857 2401 1088 2468 Κομιδῇ,
1115 2402 1234 2467 ἔφη.
1285 2396 1468 2468 Ἀρετὴ
1501 2400 1602 2467 μὲν
1635 2396 1760 2465 άρα,
1793 2396 1864 2462 ὠς

131 2500 164 2540 Ε
197 2485 390 2549 ἔοικεν,
411 2477 587 2549 ὑγίειά
607 2481 669 2535 τέ
683 2501 762 2543 τις
781 2475 851 2534 ἄν
886 2487 965 2549 εἴη
1000 2481 1090 2534 και
1120 2478 1321 2543 κάλλος
1349 2480 1440 2533 καὶ
1469 2475 1646 2543 εὐεξία
1668 2485 1859 2549 ψυχῆς,

196 2567 358 2617 κακία
379 2561 437 2617 δὲ
458 2560 624 2625 νόσος
642 2583 698 2615 τε
723 2561 814 2616 καὶ
834 2561 1015 2631 αἶσχος
1042 2562 1130 2616 καὶ
1161 2558 1439 2615 ἀσθένεια.
1483 2558 1669 2614 ’Ἑστιν
1699 2558 1860 2615 οὕτω.

188 2637 304 2713 Ἆρ’
327 2639 431 2699 οὖν
456 2642 524 2699 ού
543 2645 635 2700 καὶ
654 2642 720 2699 τά
739 2644 840 2714 μὲν
859 2642 998 2699 καλοὶ
1010 2643 1407 2714 ἐπιτηδεύματα
1427 2647 1502 2707 εἰς
1519 2639 1713 2713 ἀρετῆς
1731 2649 1862 2713 κτῆ-

197 2743 284 2779 σιν
305 2731 474 2795 φέρει,
494 2725 560 2781 τά
581 2725 635 2780 δ’
658 2725 850 2796 αἰσχρὰ
874 2731 948 2791 εἰς
966 2732 1180 2790 κακίας;
1214 2723 1463 2795 Ἀνάγκη.

335 2809 460 2860 XIX.
506 2807 580 2861 Τὸ
603 2806 667 2877 δὴ
691 2806 886 2862 λοιπὸν
902 2807 1024 2877 ἤδη,
1047 2805 1119 2870 ὡς
1137 2811 1330 2874 ἔοικεν,
1361 2803 1492 2875 ἡμῖν
1521 2807 1633 2860 ἐστὶ
1655 2807 1860 2872 σκέψα-
