<?xml version="1.0" encoding="UTF-8"?>
<!DOCTYPE html PUBLIC "-//W3C//DTD XHTML 1.0 Transitional//EN"
    "http://www.w3.org/TR/xhtml1/DTD/xhtml1-transitional.dtd">
<html xmlns="http://www.w3.org/1999/xhtml" xml:lang="en" lang="en">
 <head>
  <title>
</title>
<meta http-equiv="Content-Type" content="text/html;charset=utf-8" />
  <meta name='ocr-system' content='tesseract 3.04.00' />
  <meta name='ocr-capabilities' content='ocr_page ocr_carea ocr_par ocr_line ocrx_word'/>
</head>
<body>
  <div class='ocr_page' id='page_1' title='image "./dialogisecumdumt04platuoft_0315.png"; bbox 0 0 1962 3236; ppageno 0'>
   <div class='ocr_carea' id='block_1_1' title="bbox 644 154 1770 216">
    <p class='ocr_par' dir='ltr' id='par_1_1' title="bbox 644 154 1770 216">
     <span class='ocr_line' id='line_1_1' title="bbox 644 154 1770 216; baseline 0.001 -3"><span class='ocrx_word' id='word_1_1' title='bbox 644 154 1127 213; x_wconf 77' lang='grc' dir='ltr'><em>ΠΟΛΙΤΕΙΑΣ</em></span> <span class='ocrx_word' id='word_1_2' title='bbox 1151 160 1221 212; x_wconf 75' lang='grc' dir='ltr'><strong><em>θ’.</em></strong></span> <span class='ocrx_word' id='word_1_3' title='bbox 1666 161 1770 216; x_wconf 80' lang='lat'><strong><em>279</em></strong></span> 
     </span>
    </p>
   </div>
   <div class='ocr_carea' id='block_1_2' title="bbox 83 295 1770 369">
    <p class='ocr_par' dir='ltr' id='par_1_2' title="bbox 83 295 1770 369">
     <span class='ocr_line' id='line_1_2' title="bbox 83 295 1770 369; baseline 0 -14"><span class='ocrx_word' id='word_1_4' title='bbox 83 299 158 355; x_wconf 75' lang='grc' dir='ltr'><strong><em>ἄν</em></strong></span> <span class='ocrx_word' id='word_1_5' title='bbox 178 322 301 355; x_wconf 84' lang='grc' dir='ltr'><strong><em>τινα</em></strong></span> <span class='ocrx_word' id='word_1_6' title='bbox 321 301 382 356; x_wconf 77' lang='grc' dir='ltr'><strong><em>ἐκ</em></strong></span> <span class='ocrx_word' id='word_1_7' title='bbox 400 304 502 355; x_wconf 89' lang='grc' dir='ltr'><strong><em>τοῦ</em></strong></span> <span class='ocrx_word' id='word_1_8' title='bbox 532 298 681 354; x_wconf 89' lang='grc' dir='ltr'><strong><em>κάτω</em></strong></span> <span class='ocrx_word' id='word_1_9' title='bbox 701 296 1017 369; x_wconf 86' lang='grc' dir='ltr'><strong><em>φερόμενον</em></strong></span> <span class='ocrx_word' id='word_1_10' title='bbox 1045 295 1182 368; x_wconf 80' lang='grc' dir='ltr'><strong><em>πρὸς</em></strong></span> <span class='ocrx_word' id='word_1_11' title='bbox 1209 299 1380 367; x_wconf 85' lang='grc' dir='ltr'><strong><em>μέσον</em></strong></span> <span class='ocrx_word' id='word_1_12' title='bbox 1408 296 1543 353; x_wconf 71' lang='grc' dir='ltr'><strong><em>ἄλλο</em></strong></span> <span class='ocrx_word' id='word_1_13' title='bbox 1575 320 1625 353; x_wconf 89' lang='grc' dir='ltr'><strong><em>τι</em></strong></span> <span class='ocrx_word' id='word_1_14' title='bbox 1657 306 1770 355; x_wconf 80' lang='grc' dir='ltr'><strong><em>οἴε-</em></strong></span> 
     </span>
    </p>
   </div>
   <div class='ocr_carea' id='block_1_3' title="bbox 0 377 1768 454">
    <p class='ocr_par' dir='ltr' id='par_1_3' title="bbox 0 377 1768 454">
     <span class='ocr_line' id='line_1_3' title="bbox 0 377 1768 454; baseline -0.002 -17"><span class='ocrx_word' id='word_1_15' title='bbox 0 413 3 443; x_wconf 74' lang='lat'><em>5</em></span> <span class='ocrx_word' id='word_1_16' title='bbox 84 390 220 438; x_wconf 88' lang='grc' dir='ltr'><strong><em>σθαι</em></strong></span> <span class='ocrx_word' id='word_1_17' title='bbox 254 379 291 452; x_wconf 83' lang='grc' dir='ltr'><em>ἢ</em></span> <span class='ocrx_word' id='word_1_18' title='bbox 316 382 436 437; x_wconf 84' lang='grc' dir='ltr'><strong><em>ἄνω</em></strong></span> <span class='ocrx_word' id='word_1_19' title='bbox 466 382 766 452; x_wconf 83' lang='grc' dir='ltr'><strong><em>φέρεσθαι;</em></strong></span> <span class='ocrx_word' id='word_1_20' title='bbox 804 381 896 435; x_wconf 87' lang='grc' dir='ltr'><strong><em>καὶ</em></strong></span> <span class='ocrx_word' id='word_1_21' title='bbox 932 382 992 435; x_wconf 83' lang='grc' dir='ltr'><strong><em>ἐν</em></strong></span> <span class='ocrx_word' id='word_1_22' title='bbox 1027 381 1173 454; x_wconf 76' lang='grc' dir='ltr'><strong><em>μέσῳ</em></strong></span> <span class='ocrx_word' id='word_1_23' title='bbox 1205 378 1426 450; x_wconf 79' lang='grc' dir='ltr'><strong><em>στάντα,</em></strong></span> <span class='ocrx_word' id='word_1_24' title='bbox 1468 377 1768 451; x_wconf 75' lang='grc' dir='ltr'><strong><em>ἀφορῶντα</em></strong></span> 
     </span>
    </p>
   </div>
   <div class='ocr_carea' id='block_1_4' title="bbox 0 454 1770 697">
    <p class='ocr_par' dir='ltr' id='par_1_4' title="bbox 0 454 1770 697">
     <span class='ocr_line' id='line_1_4' title="bbox 0 454 1769 534; baseline -0.001 -16"><span class='ocrx_word' id='word_1_25' title='bbox 0 454 4 490; x_wconf 50' lang='lat' dir='ltr'>f</span> <span class='ocrx_word' id='word_1_26' title='bbox 86 463 229 519; x_wconf 84' lang='grc' dir='ltr'><strong><em>ὅθεν</em></strong></span> <span class='ocrx_word' id='word_1_27' title='bbox 259 462 564 533; x_wconf 77' lang='grc' dir='ltr'><strong><em>ἐνήνεκται,</em></strong></span> <span class='ocrx_word' id='word_1_28' title='bbox 593 460 802 517; x_wconf 75' lang='grc' dir='ltr'><strong><em>ἄλλοθί</em></strong></span> <span class='ocrx_word' id='word_1_29' title='bbox 834 480 944 515; x_wconf 89' lang='grc' dir='ltr'><strong><em>που</em></strong></span> <span class='ocrx_word' id='word_1_30' title='bbox 973 457 1047 515; x_wconf 80' lang='grc' dir='ltr'><strong><em>ἀν</em></strong></span> <span class='ocrx_word' id='word_1_31' title='bbox 1077 458 1336 532; x_wconf 82' lang='grc' dir='ltr'><strong><em>ἡγεῖσθαι</em></strong></span> <span class='ocrx_word' id='word_1_32' title='bbox 1365 459 1504 518; x_wconf 84' lang='grc' dir='ltr'><strong><em>εἶναι</em></strong></span> <span class='ocrx_word' id='word_1_33' title='bbox 1531 455 1568 533; x_wconf 80' lang='grc' dir='ltr'><em>ἢ</em></span> <span class='ocrx_word' id='word_1_34' title='bbox 1595 462 1656 516; x_wconf 86' lang='grc' dir='ltr'><strong><em>ἐν</em></strong></span> <span class='ocrx_word' id='word_1_35' title='bbox 1691 465 1769 534; x_wconf 74' lang='grc' dir='ltr'><strong><em>τῷ</em></strong></span> 
     </span>
     <span class='ocr_line' id='line_1_5' title="bbox 83 539 1768 615; baseline -0.001 -17"><span class='ocrx_word' id='word_1_36' title='bbox 83 543 221 614; x_wconf 81' lang='grc' dir='ltr'><strong><em>ἅνω,</em></strong></span> <span class='ocrx_word' id='word_1_37' title='bbox 242 545 315 615; x_wconf 88' lang='grc' dir='ltr'><strong><em>μὴ</em></strong></span> <span class='ocrx_word' id='word_1_38' title='bbox 338 541 618 615; x_wconf 82' lang='grc' dir='ltr'><strong><em>ἑωρακότα</em></strong></span> <span class='ocrx_word' id='word_1_39' title='bbox 637 540 699 598; x_wconf 88' lang='grc' dir='ltr'>τὸ</span> <span class='ocrx_word' id='word_1_40' title='bbox 733 539 960 612; x_wconf 87' lang='grc' dir='ltr'><strong><em>ἀληθῶς</em></strong></span> <span class='ocrx_word' id='word_1_41' title='bbox 985 541 1132 610; x_wconf 74' lang='grc' dir='ltr'><strong><em>ἅνως</em></strong></span> <span class='ocrx_word' id='word_1_42' title='bbox 1166 542 1267 598; x_wconf 82' lang='grc' dir='ltr'><strong><em>Μὰ</em></strong></span> <span class='ocrx_word' id='word_1_43' title='bbox 1295 541 1412 614; x_wconf 89' lang='grc' dir='ltr'><strong><em>Δί’,</em></strong></span> <span class='ocrx_word' id='word_1_44' title='bbox 1445 539 1549 599; x_wconf 83' lang='grc' dir='ltr'><strong><em>οὐκ</em></strong></span> <span class='ocrx_word' id='word_1_45' title='bbox 1579 546 1768 613; x_wconf 66' lang='grc' dir='ltr'><strong><em>ἔγωγε,</em></strong></span> 
     </span>
     <span class='ocr_line' id='line_1_6' title="bbox 84 618 1770 697; baseline -0.002 -16"><span class='ocrx_word' id='word_1_46' title='bbox 84 630 208 697; x_wconf 81' lang='grc' dir='ltr'><strong><em>ἔφη,</em></strong></span> <span class='ocrx_word' id='word_1_47' title='bbox 231 624 409 691; x_wconf 74' lang='grc' dir='ltr'><strong><em>ἄλλως</em></strong></span> <span class='ocrx_word' id='word_1_48' title='bbox 428 623 578 695; x_wconf 85' lang='grc' dir='ltr'><strong><em>οἶμαι</em></strong></span> <span class='ocrx_word' id='word_1_49' title='bbox 597 627 858 694; x_wconf 80' lang='grc' dir='ltr'><strong><em>οἰηθῆναι</em></strong></span> <span class='ocrx_word' id='word_1_50' title='bbox 885 618 957 676; x_wconf 75' lang='grc' dir='ltr'><strong><em>ἀν</em></strong></span> <span class='ocrx_word' id='word_1_51' title='bbox 987 621 1088 678; x_wconf 86' lang='grc' dir='ltr'><strong><em>τὸν</em></strong></span> <span class='ocrx_word' id='word_1_52' title='bbox 1106 632 1375 681; x_wconf 89' lang='grc' dir='ltr'><strong><em>τοιοῦτον.</em></strong></span> <span class='ocrx_word' id='word_1_53' title='bbox 1410 621 1552 681; x_wconf 78' lang='grc' dir='ltr'><strong><em>Ἀλλ’</em></strong></span> <span class='ocrx_word' id='word_1_54' title='bbox 1583 627 1634 680; x_wconf 81' lang='grc' dir='ltr'><strong><em>εἰ</em></strong></span> <span class='ocrx_word' id='word_1_55' title='bbox 1659 622 1770 679; x_wconf 90' lang='grc' dir='ltr'><strong><em>πά-</em></strong></span> 
     </span>
    </p>
   </div>
   <div class='ocr_carea' id='block_1_5' title="bbox 83 701 1824 779">
    <p class='ocr_par' dir='ltr' id='par_1_5' title="bbox 83 701 1824 779">
     <span class='ocr_line' id='line_1_7' title="bbox 83 701 1824 779; baseline -0.001 -16"><span class='ocrx_word' id='word_1_56' title='bbox 83 715 173 763; x_wconf 85' lang='grc' dir='ltr'><strong><em>λιν</em></strong></span> <span class='ocrx_word' id='word_1_57' title='bbox 208 706 285 777; x_wconf 79' lang='grc' dir='ltr'><strong><em>γ’,</em></strong></span> <span class='ocrx_word' id='word_1_58' title='bbox 325 712 484 777; x_wconf 82' lang='grc' dir='ltr'><strong><em>ἔφην,</em></strong></span> <span class='ocrx_word' id='word_1_59' title='bbox 526 708 767 776; x_wconf 82' lang='grc' dir='ltr'><strong><em>φέροιτο,</em></strong></span> <span class='ocrx_word' id='word_1_60' title='bbox 799 704 950 760; x_wconf 89' lang='grc' dir='ltr'><strong><em>κάτω</em></strong></span> <span class='ocrx_word' id='word_1_61' title='bbox 975 703 1022 759; x_wconf 91' lang='grc' dir='ltr'><strong><em>τ’</em></strong></span> <span class='ocrx_word' id='word_1_62' title='bbox 1057 701 1130 760; x_wconf 75' lang='grc' dir='ltr'><strong><em>ἄν</em></strong></span> <span class='ocrx_word' id='word_1_63' title='bbox 1163 713 1331 762; x_wconf 74' lang='grc' dir='ltr'><strong><em>οἴοιτο</em></strong></span> <span class='ocrx_word' id='word_1_64' title='bbox 1367 709 1637 779; x_wconf 85' lang='grc' dir='ltr'><strong><em>φέρεσθαι</em></strong></span> <span class='ocrx_word' id='word_1_65' title='bbox 1673 707 1764 762; x_wconf 85' lang='grc' dir='ltr'><strong><em>καὶ</em></strong></span> <span class='ocrx_word' id='word_1_66' title='bbox 1790 721 1824 762; x_wconf 88' lang='grc' dir='ltr'>Ε</span> 
     </span>
    </p>
   </div>
   <div class='ocr_carea' id='block_1_6' title="bbox 82 784 1769 1270">
    <p class='ocr_par' dir='ltr' id='par_1_6' title="bbox 82 784 1769 1270">
     <span class='ocr_line' id='line_1_8' title="bbox 82 784 1769 860; baseline 0 -16"><span class='ocrx_word' id='word_1_67' title='bbox 82 787 269 859; x_wconf 83' lang='grc' dir='ltr'><strong><em>ἀληθῆ</em></strong></span> <span class='ocrx_word' id='word_1_68' title='bbox 299 795 496 851; x_wconf 74' lang='grc' dir='ltr'><strong><em>οἴοιτος</em></strong></span> <span class='ocrx_word' id='word_1_69' title='bbox 532 793 662 852; x_wconf 92' lang='grc' dir='ltr'><strong><em>Πῶς</em></strong></span> <span class='ocrx_word' id='word_1_70' title='bbox 694 785 801 857; x_wconf 74' lang='grc' dir='ltr'><strong><em>γὰρ</em></strong></span> <span class='ocrx_word' id='word_1_71' title='bbox 840 786 910 842; x_wconf 79' lang='grc' dir='ltr'><strong><em>οὔ</em></strong></span> <span class='ocrx_word' id='word_1_72' title='bbox 923 811 937 854; x_wconf 84' lang='lat'><em>3</em></span> <span class='ocrx_word' id='word_1_73' title='bbox 969 785 1201 843; x_wconf 84' lang='grc' dir='ltr'><strong><em>Οὐκοῦν</em></strong></span> <span class='ocrx_word' id='word_1_74' title='bbox 1237 794 1410 844; x_wconf 89' lang='grc' dir='ltr'><strong><em>ταῦτα</em></strong></span> <span class='ocrx_word' id='word_1_75' title='bbox 1455 789 1656 860; x_wconf 78' lang='grc' dir='ltr'><strong><em>πάσχοι</em></strong></span> <span class='ocrx_word' id='word_1_76' title='bbox 1696 784 1769 844; x_wconf 78' lang='grc' dir='ltr'><strong><em>ἀν</em></strong></span> 
     </span>
     <span class='ocr_line' id='line_1_9' title="bbox 82 867 1768 942; baseline -0.001 -17"><span class='ocrx_word' id='word_1_77' title='bbox 82 870 265 925; x_wconf 87' lang='grc' dir='ltr'><strong><em>πάντα</em></strong></span> <span class='ocrx_word' id='word_1_78' title='bbox 285 867 374 925; x_wconf 75' lang='grc' dir='ltr'><strong><em>διὰ</em></strong></span> <span class='ocrx_word' id='word_1_79' title='bbox 391 868 452 924; x_wconf 85' lang='grc' dir='ltr'><strong><em>τὸ</em></strong></span> <span class='ocrx_word' id='word_1_80' title='bbox 474 867 547 941; x_wconf 85' lang='grc' dir='ltr'><strong><em>μὴ</em></strong></span> <span class='ocrx_word' id='word_1_81' title='bbox 570 873 823 940; x_wconf 84' lang='grc' dir='ltr'><strong><em>ἔμπειρος</em></strong></span> <span class='ocrx_word' id='word_1_82' title='bbox 843 867 982 924; x_wconf 83' lang='grc' dir='ltr'><strong><em>εἶναι</em></strong></span> <span class='ocrx_word' id='word_1_83' title='bbox 1009 875 1111 924; x_wconf 89' lang='grc' dir='ltr'><strong><em>τοῦ</em></strong></span> <span class='ocrx_word' id='word_1_84' title='bbox 1140 867 1423 942; x_wconf 74' lang='grc' dir='ltr'><strong><em>ἀληθινῶς</em></strong></span> <span class='ocrx_word' id='word_1_85' title='bbox 1453 871 1569 926; x_wconf 79' lang='grc' dir='ltr'><strong><em>ἄνω</em></strong></span> <span class='ocrx_word' id='word_1_86' title='bbox 1587 891 1646 926; x_wconf 87' lang='grc' dir='ltr'><strong><em>τε</em></strong></span> <span class='ocrx_word' id='word_1_87' title='bbox 1668 868 1768 925; x_wconf 84' lang='grc' dir='ltr'><strong><em>ὅν-</em></strong></span> 
     </span>
     <span class='ocr_line' id='line_1_10' title="bbox 83 946 1767 1025; baseline 0 -18"><span class='ocrx_word' id='word_1_88' title='bbox 83 974 176 1016; x_wconf 89' lang='grc' dir='ltr'><strong><em>τος</em></strong></span> <span class='ocrx_word' id='word_1_89' title='bbox 195 955 287 1007; x_wconf 88' lang='grc' dir='ltr'><strong><em>καὶ</em></strong></span> <span class='ocrx_word' id='word_1_90' title='bbox 309 953 370 1007; x_wconf 83' lang='grc' dir='ltr'><strong><em>έν</em></strong></span> <span class='ocrx_word' id='word_1_91' title='bbox 390 954 537 1025; x_wconf 77' lang='grc' dir='ltr'><strong><em>μέσῳ</em></strong></span> <span class='ocrx_word' id='word_1_92' title='bbox 559 953 649 1007; x_wconf 86' lang='grc' dir='ltr'><strong><em>καὶ</em></strong></span> <span class='ocrx_word' id='word_1_93' title='bbox 669 951 848 1018; x_wconf 83' lang='grc' dir='ltr'><strong><em>κάτω;</em></strong></span> <span class='ocrx_word' id='word_1_94' title='bbox 886 956 1079 1022; x_wconf 88' lang='grc' dir='ltr'><strong><em>Δῆλον</em></strong></span> <span class='ocrx_word' id='word_1_95' title='bbox 1098 950 1180 1022; x_wconf 88' lang='grc' dir='ltr'><strong><em>δή.</em></strong></span> <span class='ocrx_word' id='word_1_96' title='bbox 1222 951 1533 1023; x_wconf 84' lang='grc' dir='ltr'><strong><em>Θαυμάζοις</em></strong></span> <span class='ocrx_word' id='word_1_97' title='bbox 1552 949 1624 1008; x_wconf 75' lang='grc' dir='ltr'><strong><em>ἀν</em></strong></span> <span class='ocrx_word' id='word_1_98' title='bbox 1643 946 1767 1022; x_wconf 84' lang='grc' dir='ltr'><strong><em>οὖν,</em></strong></span> 
     </span>
     <span class='ocr_line' id='line_1_11' title="bbox 84 1032 1769 1107; baseline 0.001 -19"><span class='ocrx_word' id='word_1_99' title='bbox 84 1038 135 1088; x_wconf 82' lang='grc' dir='ltr'><strong><em>εί</em></strong></span> <span class='ocrx_word' id='word_1_100' title='bbox 157 1037 214 1088; x_wconf 80' lang='grc' dir='ltr'><strong><em>οἰ</em></strong></span> <span class='ocrx_word' id='word_1_101' title='bbox 240 1033 456 1104; x_wconf 78' lang='grc' dir='ltr'><strong><em>ἄπειροι</em></strong></span> <span class='ocrx_word' id='word_1_102' title='bbox 485 1032 747 1104; x_wconf 84' lang='grc' dir='ltr'><strong><em>ἀληθείας</em></strong></span> <span class='ocrx_word' id='word_1_103' title='bbox 775 1035 901 1101; x_wconf 85' lang='grc' dir='ltr'><strong><em>περὶ</em></strong></span> <span class='ocrx_word' id='word_1_104' title='bbox 927 1040 1149 1089; x_wconf 83' lang='grc' dir='ltr'><strong><em>πολλῶν</em></strong></span> <span class='ocrx_word' id='word_1_105' title='bbox 1178 1055 1235 1089; x_wconf 91' lang='grc' dir='ltr'><strong><em>τε</em></strong></span> <span class='ocrx_word' id='word_1_106' title='bbox 1272 1035 1456 1091; x_wconf 80' lang='grc' dir='ltr'><strong><em>ἄλλων</em></strong></span> <span class='ocrx_word' id='word_1_107' title='bbox 1485 1033 1558 1107; x_wconf 86' lang='grc' dir='ltr'><strong><em>μὴ</em></strong></span> <span class='ocrx_word' id='word_1_108' title='bbox 1596 1033 1769 1106; x_wconf 77' lang='grc' dir='ltr'><strong><em>ὑγιεῖς</em></strong></span> 
     </span>
     <span class='ocr_line' id='line_1_12' title="bbox 84 1113 1766 1188; baseline 0.001 -20"><span class='ocrx_word' id='word_1_109' title='bbox 84 1115 247 1179; x_wconf 82' lang='grc' dir='ltr'><strong><em>δόξας</em></strong></span> <span class='ocrx_word' id='word_1_110' title='bbox 276 1119 479 1183; x_wconf 84' lang='grc' dir='ltr'><strong><em>ἔχουσι,</em></strong></span> <span class='ocrx_word' id='word_1_111' title='bbox 512 1114 650 1182; x_wconf 90' lang='grc' dir='ltr'><strong><em>πρός</em></strong></span> <span class='ocrx_word' id='word_1_112' title='bbox 678 1137 735 1169; x_wconf 89' lang='grc' dir='ltr'><strong><em>τε</em></strong></span> <span class='ocrx_word' id='word_1_113' title='bbox 762 1113 974 1187; x_wconf 82' lang='grc' dir='ltr'><strong><em>ἡδονὴν</em></strong></span> <span class='ocrx_word' id='word_1_114' title='bbox 1002 1117 1093 1171; x_wconf 87' lang='grc' dir='ltr'><strong><em>καὶ</em></strong></span> <span class='ocrx_word' id='word_1_115' title='bbox 1125 1115 1310 1187; x_wconf 84' lang='grc' dir='ltr'><strong><em>λύπην</em></strong></span> <span class='ocrx_word' id='word_1_116' title='bbox 1347 1117 1438 1173; x_wconf 85' lang='grc' dir='ltr'><strong><em>καὶ</em></strong></span> <span class='ocrx_word' id='word_1_117' title='bbox 1476 1113 1536 1172; x_wconf 85' lang='grc' dir='ltr'><em>τό</em></span> <span class='ocrx_word' id='word_1_118' title='bbox 1566 1120 1766 1188; x_wconf 78' lang='grc' dir='ltr'><strong><em>μεταξι</em></strong></span> 
     </span>
     <span class='ocr_line' id='line_1_13' title="bbox 82 1194 1769 1270; baseline 0.001 -20"><span class='ocrx_word' id='word_1_119' title='bbox 82 1196 299 1250; x_wconf 89' lang='grc' dir='ltr'><strong><em>τούτων</em></strong></span> <span class='ocrx_word' id='word_1_120' title='bbox 320 1194 469 1250; x_wconf 82' lang='grc' dir='ltr'><strong><em>οὕτω</em></strong></span> <span class='ocrx_word' id='word_1_121' title='bbox 489 1196 809 1267; x_wconf 80' lang='grc' dir='ltr'><strong><em>διάκεινται,</em></strong></span> <span class='ocrx_word' id='word_1_122' title='bbox 833 1196 989 1266; x_wconf 81' lang='grc' dir='ltr'><strong><em>ῶστε,</em></strong></span> <span class='ocrx_word' id='word_1_123' title='bbox 1021 1195 1158 1252; x_wconf 84' lang='grc' dir='ltr'><strong><em>ὅταν</em></strong></span> <span class='ocrx_word' id='word_1_124' title='bbox 1175 1198 1276 1269; x_wconf 75' lang='grc' dir='ltr'><strong><em>μὲν</em></strong></span> <span class='ocrx_word' id='word_1_125' title='bbox 1310 1201 1395 1254; x_wconf 82' lang='grc' dir='ltr'><strong><em>ἐπὶ</em></strong></span> <span class='ocrx_word' id='word_1_126' title='bbox 1425 1196 1486 1253; x_wconf 87' lang='grc' dir='ltr'><strong><em>τὸ</em></strong></span> <span class='ocrx_word' id='word_1_127' title='bbox 1516 1197 1769 1270; x_wconf 81' lang='grc' dir='ltr'><strong><em>λυπηρὸν</em></strong></span> 
     </span>
    </p>
   </div>
   <div class='ocr_carea' id='block_1_7' title="bbox 83 1274 1884 1352">
    <p class='ocr_par' dir='ltr' id='par_1_7' title="bbox 83 1274 1884 1352">
     <span class='ocr_line' id='line_1_14' title="bbox 83 1274 1884 1352; baseline 0.002 -20"><span class='ocrx_word' id='word_1_128' title='bbox 83 1280 381 1347; x_wconf 83' lang='grc' dir='ltr'><strong><em>φέρωνται,</em></strong></span> <span class='ocrx_word' id='word_1_129' title='bbox 402 1274 588 1348; x_wconf 83' lang='grc' dir='ltr'><strong><em>ἀληθῆ</em></strong></span> <span class='ocrx_word' id='word_1_130' title='bbox 606 1299 664 1332; x_wconf 91' lang='grc' dir='ltr'><strong><em>τε</em></strong></span> <span class='ocrx_word' id='word_1_131' title='bbox 685 1286 895 1334; x_wconf 78' lang='grc' dir='ltr'><strong><em>οἴονται</em></strong></span> <span class='ocrx_word' id='word_1_132' title='bbox 922 1281 1012 1333; x_wconf 87' lang='grc' dir='ltr'><strong><em>καὶ</em></strong></span> <span class='ocrx_word' id='word_1_133' title='bbox 1032 1286 1111 1352; x_wconf 77' lang='grc' dir='ltr'><strong><em>τῷ</em></strong></span> <span class='ocrx_word' id='word_1_134' title='bbox 1140 1277 1259 1334; x_wconf 86' lang='grc' dir='ltr'><strong><em>ὅντι</em></strong></span> <span class='ocrx_word' id='word_1_135' title='bbox 1284 1287 1611 1350; x_wconf 83' lang='grc' dir='ltr'><strong><em>λυποῦνται,</em></strong></span> <span class='ocrx_word' id='word_1_136' title='bbox 1634 1279 1770 1336; x_wconf 84' lang='grc' dir='ltr'><strong><em>ὅταν</em></strong></span> <span class='ocrx_word' id='word_1_137' title='bbox 1797 1292 1884 1338; x_wconf 81' lang='grc'><strong><em>585</em></strong></span> 
     </span>
    </p>
   </div>
   <div class='ocr_carea' id='block_1_8' title="bbox 75 1356 1769 2900">
    <p class='ocr_par' dir='ltr' id='par_1_8' title="bbox 75 1356 1769 2900">
     <span class='ocr_line' id='line_1_15' title="bbox 81 1356 1769 1432; baseline 0.004 -21"><span class='ocrx_word' id='word_1_138' title='bbox 81 1359 142 1414; x_wconf 80' lang='grc' dir='ltr'><strong><em>δὲ</em></strong></span> <span class='ocrx_word' id='word_1_139' title='bbox 174 1356 281 1414; x_wconf 79' lang='grc' dir='ltr'><strong><em>ἀπὸ</em></strong></span> <span class='ocrx_word' id='word_1_140' title='bbox 315 1357 490 1430; x_wconf 87' lang='grc' dir='ltr'><strong><em>λύπης</em></strong></span> <span class='ocrx_word' id='word_1_141' title='bbox 528 1361 613 1414; x_wconf 84' lang='grc' dir='ltr'><strong><em>ἐπὶ</em></strong></span> <span class='ocrx_word' id='word_1_142' title='bbox 649 1357 710 1415; x_wconf 86' lang='grc' dir='ltr'>τό</span> <span class='ocrx_word' id='word_1_143' title='bbox 751 1360 971 1430; x_wconf 82' lang='grc' dir='ltr'><strong><em>μεταξύ,</em></strong></span> <span class='ocrx_word' id='word_1_144' title='bbox 1004 1360 1223 1430; x_wconf 90' lang='grc' dir='ltr'><strong><em>σφόδρα</em></strong></span> <span class='ocrx_word' id='word_1_145' title='bbox 1254 1360 1354 1432; x_wconf 73' lang='grc' dir='ltr'><strong><em>μὲν</em></strong></span> <span class='ocrx_word' id='word_1_146' title='bbox 1387 1368 1598 1417; x_wconf 81' lang='grc' dir='ltr'><strong><em>οἴονται</em></strong></span> <span class='ocrx_word' id='word_1_147' title='bbox 1630 1359 1769 1432; x_wconf 82' lang='grc' dir='ltr'><strong><em>πρὸς</em></strong></span> 
     </span>
     <span class='ocr_line' id='line_1_16' title="bbox 82 1438 1768 1514; baseline 0.002 -21"><span class='ocrx_word' id='word_1_148' title='bbox 82 1440 360 1510; x_wconf 77' lang='grc' dir='ltr'><strong><em>πληρώσει</em></strong></span> <span class='ocrx_word' id='word_1_149' title='bbox 395 1462 452 1495; x_wconf 90' lang='grc' dir='ltr'><strong><em>τε</em></strong></span> <span class='ocrx_word' id='word_1_150' title='bbox 492 1442 583 1495; x_wconf 84' lang='grc' dir='ltr'><strong><em>καὶ</em></strong></span> <span class='ocrx_word' id='word_1_151' title='bbox 619 1438 795 1512; x_wconf 80' lang='grc' dir='ltr'><strong><em>ἡδονῇ</em></strong></span> <span class='ocrx_word' id='word_1_152' title='bbox 832 1446 1142 1512; x_wconf 76' lang='grc' dir='ltr'><strong><em>γίγνεσθαι,</em></strong></span> <span class='ocrx_word' id='word_1_153' title='bbox 1196 1439 1382 1514; x_wconf 72' lang='grc' dir='ltr'><strong><em>ὥσπερ</em></strong></span> <span class='ocrx_word' id='word_1_154' title='bbox 1417 1440 1556 1514; x_wconf 81' lang='grc' dir='ltr'><strong><em>πρὸς</em></strong></span> <span class='ocrx_word' id='word_1_155' title='bbox 1595 1444 1768 1514; x_wconf 87' lang='grc' dir='ltr'><strong><em>μέλαν</em></strong></span> 
     </span>
     <span class='ocr_line' id='line_1_17' title="bbox 81 1519 1768 1596; baseline 0.003 -21"><span class='ocrx_word' id='word_1_156' title='bbox 81 1521 253 1590; x_wconf 85' lang='grc' dir='ltr'><strong><em>φαιὸν</em></strong></span> <span class='ocrx_word' id='word_1_157' title='bbox 274 1519 724 1588; x_wconf 84' lang='grc' dir='ltr'><strong><em>ἀποσκοποῦντες</em></strong></span> <span class='ocrx_word' id='word_1_158' title='bbox 742 1523 963 1596; x_wconf 81' lang='grc' dir='ltr'><strong><em>ἀπειρίᾳ</em></strong></span> <span class='ocrx_word' id='word_1_159' title='bbox 985 1530 1207 1594; x_wconf 85' lang='grc' dir='ltr'><strong><em>λευκοῦ,</em></strong></span> <span class='ocrx_word' id='word_1_160' title='bbox 1238 1526 1331 1580; x_wconf 89' lang='grc' dir='ltr'><strong><em>καὶ</em></strong></span> <span class='ocrx_word' id='word_1_161' title='bbox 1365 1522 1504 1596; x_wconf 83' lang='grc' dir='ltr'><strong><em>πρὸς</em></strong></span> <span class='ocrx_word' id='word_1_162' title='bbox 1534 1522 1595 1580; x_wconf 83' lang='grc' dir='ltr'><strong><em>τὸ</em></strong></span> <span class='ocrx_word' id='word_1_163' title='bbox 1627 1522 1768 1579; x_wconf 76' lang='grc' dir='ltr'><strong><em>ἀλυ-</em></strong></span> 
     </span>
     <span class='ocr_line' id='line_1_18' title="bbox 79 1602 1766 1703; baseline 0.003 -46"><span class='ocrx_word' id='word_1_164' title='bbox 79 1624 188 1658; x_wconf 86' lang='grc' dir='ltr'><strong><em>πον</em></strong></span> <span class='ocrx_word' id='word_1_165' title='bbox 209 1602 354 1658; x_wconf 81' lang='grc' dir='ltr'><strong><em>οὕτω</em></strong></span> <span class='ocrx_word' id='word_1_166' title='bbox 371 1605 561 1703; x_wconf 82' lang='grc' dir='ltr'><strong><em>λύπην</em></strong></span> <span class='ocrx_word' id='word_1_167' title='bbox 592 1602 912 1675; x_wconf 88' lang='grc' dir='ltr'><strong><em>ἀφορῶντες</em></strong></span> <span class='ocrx_word' id='word_1_168' title='bbox 940 1604 1160 1679; x_wconf 77' lang='grc' dir='ltr'><strong><em>ἀπειρίᾳ</em></strong></span> <span class='ocrx_word' id='word_1_169' title='bbox 1189 1603 1393 1678; x_wconf 83' lang='grc' dir='ltr'><strong><em>ἡδονῆς</em></strong></span> <span class='ocrx_word' id='word_1_170' title='bbox 1422 1604 1766 1673; x_wconf 84' lang='grc' dir='ltr'><strong><em>ἀπατῶνται;</em></strong></span> 
     </span>
     <span class='ocr_line' id='line_1_19' title="bbox 81 1679 1764 1761; baseline 0.002 -21"><span class='ocrx_word' id='word_1_171' title='bbox 81 1683 182 1740; x_wconf 80' lang='grc' dir='ltr'><strong><em>Μὰ</em></strong></span> <span class='ocrx_word' id='word_1_172' title='bbox 205 1679 391 1754; x_wconf 89' lang='grc' dir='ltr'><strong><em>Δία,</em></strong></span> <span class='ocrx_word' id='word_1_173' title='bbox 355 1709 388 1756; x_wconf 91' lang='grc' dir='ltr'><strong><em>η</em></strong></span> <span class='ocrx_word' id='word_1_174' title='bbox 412 1684 463 1741; x_wconf 87' lang='grc' dir='ltr'><strong><em>δ’</em></strong></span> <span class='ocrx_word' id='word_1_175' title='bbox 490 1685 567 1755; x_wconf 81' lang='grc' dir='ltr'><strong><em>ὅς,</em></strong></span> <span class='ocrx_word' id='word_1_176' title='bbox 591 1683 693 1741; x_wconf 81' lang='grc' dir='ltr'><strong><em>οὐκ</em></strong></span> <span class='ocrx_word' id='word_1_177' title='bbox 714 1709 787 1742; x_wconf 88' lang='grc' dir='ltr'><strong><em>αν</em></strong></span> <span class='ocrx_word' id='word_1_178' title='bbox 805 1686 1174 1758; x_wconf 89' lang='grc' dir='ltr'><strong><em>θαυμάσαιμι,</em></strong></span> <span class='ocrx_word' id='word_1_179' title='bbox 1206 1686 1346 1745; x_wconf 84' lang='grc' dir='ltr'><strong><em>ἀλλά</em></strong></span> <span class='ocrx_word' id='word_1_180' title='bbox 1367 1686 1512 1744; x_wconf 78' lang='grc' dir='ltr'><strong><em>πολὺ</em></strong></span> <span class='ocrx_word' id='word_1_181' title='bbox 1531 1694 1764 1761; x_wconf 78' lang='grc' dir='ltr'><strong><em>μᾶλλον,</em></strong></span> 
     </span>
     <span class='ocr_line' id='line_1_20' title="bbox 85 1760 1768 1841; baseline 0.002 -20"><span class='ocrx_word' id='word_1_182' title='bbox 85 1765 219 1838; x_wconf 83' lang='grc' dir='ltr'><strong><em>εἰμὴ</em></strong></span> <span class='ocrx_word' id='word_1_183' title='bbox 245 1765 422 1832; x_wconf 90' lang='grc' dir='ltr'><strong><em>ούτως</em></strong></span> <span class='ocrx_word' id='word_1_184' title='bbox 453 1773 574 1838; x_wconf 81' lang='grc' dir='ltr'><strong><em>ἔχει.</em></strong></span> <span class='ocrx_word' id='word_1_185' title='bbox 610 1760 744 1823; x_wconf 79' lang='grc' dir='ltr'><strong><em>Ωδέ</em></strong></span> <span class='ocrx_word' id='word_1_186' title='bbox 765 1766 820 1838; x_wconf 72' lang='grc' dir='ltr'><strong><em>γ’</em></strong></span> <span class='ocrx_word' id='word_1_187' title='bbox 854 1763 980 1838; x_wconf 83' lang='grc' dir='ltr'><strong><em>οὖν,</em></strong></span> <span class='ocrx_word' id='word_1_188' title='bbox 1012 1768 1186 1840; x_wconf 82' lang='grc' dir='ltr'><strong><em>εἷπον,</em></strong></span> <span class='ocrx_word' id='word_1_189' title='bbox 1217 1770 1422 1826; x_wconf 85' lang='grc' dir='ltr'><strong><em>ἐννόει·</em></strong></span> <span class='ocrx_word' id='word_1_190' title='bbox 1461 1768 1582 1841; x_wconf 83' lang='grc' dir='ltr'><strong><em>οὐχὶ</em></strong></span> <span class='ocrx_word' id='word_1_191' title='bbox 1607 1781 1768 1825; x_wconf 83' lang='grc' dir='ltr'><strong><em>πεῖνα</em></strong></span> 
     </span>
     <span class='ocr_line' id='line_1_21' title="bbox 80 1846 1764 1923; baseline 0.001 -20"><span class='ocrx_word' id='word_1_192' title='bbox 80 1851 169 1904; x_wconf 82' lang='grc' dir='ltr'><strong><em>καὶ</em></strong></span> <span class='ocrx_word' id='word_1_193' title='bbox 199 1852 332 1914; x_wconf 84' lang='grc' dir='ltr'><strong><em>δίψα</em></strong></span> <span class='ocrx_word' id='word_1_194' title='bbox 362 1850 452 1904; x_wconf 86' lang='grc' dir='ltr'><strong><em>καὶ</em></strong></span> <span class='ocrx_word' id='word_1_195' title='bbox 482 1849 547 1904; x_wconf 81' lang='grc' dir='ltr'><strong><em>τὰ</em></strong></span> <span class='ocrx_word' id='word_1_196' title='bbox 576 1855 803 1905; x_wconf 88' lang='grc' dir='ltr'><strong><em>τοιαῦτα</em></strong></span> <span class='ocrx_word' id='word_1_197' title='bbox 833 1850 1091 1916; x_wconf 74' lang='grc' dir='ltr'><strong><em>κενώσεις</em></strong></span> <span class='ocrx_word' id='word_1_198' title='bbox 1119 1853 1263 1916; x_wconf 88' lang='grc' dir='ltr'><strong><em>τινές</em></strong></span> <span class='ocrx_word' id='word_1_199' title='bbox 1296 1856 1398 1907; x_wconf 84' lang='grc' dir='ltr'><strong><em>είσι</em></strong></span> <span class='ocrx_word' id='word_1_200' title='bbox 1427 1859 1521 1923; x_wconf 89' lang='grc' dir='ltr'><strong><em>τῆς</em></strong></span> <span class='ocrx_word' id='word_1_201' title='bbox 1554 1853 1675 1922; x_wconf 84' lang='grc' dir='ltr'><strong><em>περὶ</em></strong></span> <span class='ocrx_word' id='word_1_202' title='bbox 1704 1846 1764 1905; x_wconf 83' lang='grc' dir='ltr'><strong><em>τὸ</em></strong></span> 
     </span>
     <span class='ocr_line' id='line_1_22' title="bbox 83 1927 1763 2005; baseline 0.001 -20"><span class='ocrx_word' id='word_1_203' title='bbox 83 1936 239 2001; x_wconf 86' lang='grc' dir='ltr'><strong><em>σῶμα</em></strong></span> <span class='ocrx_word' id='word_1_204' title='bbox 278 1931 463 1996; x_wconf 81' lang='grc' dir='ltr'><strong><em>ἓξεως;</em></strong></span> <span class='ocrx_word' id='word_1_205' title='bbox 507 1937 578 1987; x_wconf 89' lang='grc' dir='ltr'><strong><em>Τί</em></strong></span> <span class='ocrx_word' id='word_1_206' title='bbox 608 1932 747 2003; x_wconf 67' lang='grc' dir='ltr'><strong><em>μήν,</em></strong></span> <span class='ocrx_word' id='word_1_207' title='bbox 770 1930 999 2002; x_wconf 77' lang='grc' dir='ltr'><strong><em>’Ἁγνοια</em></strong></span> <span class='ocrx_word' id='word_1_208' title='bbox 1030 1933 1207 1988; x_wconf 77' lang='grc' dir='ltr'><strong><em>δὲκαὶ</em></strong></span> <span class='ocrx_word' id='word_1_209' title='bbox 1239 1932 1534 2005; x_wconf 89' lang='grc' dir='ltr'><strong><em>ἀφροσύνη</em></strong></span> <span class='ocrx_word' id='word_1_210' title='bbox 1564 1927 1659 2005; x_wconf 84' lang='grc' dir='ltr'><strong><em>ἀρ’</em></strong></span> <span class='ocrx_word' id='word_1_211' title='bbox 1694 1928 1763 1987; x_wconf 81' lang='grc' dir='ltr'><strong><em>οὐ</em></strong></span> 
     </span>
     <span class='ocr_line' id='line_1_23' title="bbox 79 2009 1764 2086; baseline 0.001 -19"><span class='ocrx_word' id='word_1_212' title='bbox 79 2013 308 2083; x_wconf 84' lang='grc' dir='ltr'><strong><em>κενότης</em></strong></span> <span class='ocrx_word' id='word_1_213' title='bbox 327 2015 437 2068; x_wconf 82' lang='grc' dir='ltr'><strong><em>ἐστὶ</em></strong></span> <span class='ocrx_word' id='word_1_214' title='bbox 457 2018 553 2083; x_wconf 89' lang='grc' dir='ltr'><strong><em>τῆς</em></strong></span> <span class='ocrx_word' id='word_1_215' title='bbox 572 2016 693 2082; x_wconf 81' lang='grc' dir='ltr'><strong><em>περὶ</em></strong></span> <span class='ocrx_word' id='word_1_216' title='bbox 724 2013 908 2084; x_wconf 84' lang='grc' dir='ltr'><strong><em>ψυχὴν</em></strong></span> <span class='ocrx_word' id='word_1_217' title='bbox 938 2009 1009 2069; x_wconf 86' lang='grc' dir='ltr'><strong><em>αὖ</em></strong></span> <span class='ocrx_word' id='word_1_218' title='bbox 1043 2016 1229 2082; x_wconf 80' lang='grc' dir='ltr'><strong><em>ἕξεως;</em></strong></span> <span class='ocrx_word' id='word_1_219' title='bbox 1266 2015 1440 2071; x_wconf 81' lang='grc' dir='ltr'><strong><em>Μάλα</em></strong></span> <span class='ocrx_word' id='word_1_220' title='bbox 1471 2036 1549 2086; x_wconf 80' lang='grc' dir='ltr'><strong><em>γε.</em></strong></span> <span class='ocrx_word' id='word_1_221' title='bbox 1611 2012 1764 2071; x_wconf 80' lang='grc' dir='ltr'><strong><em>Οὐκ-</em></strong></span> 
     </span>
     <span class='ocr_line' id='line_1_24' title="bbox 78 2091 1764 2170; baseline 0.002 -20"><span class='ocrx_word' id='word_1_222' title='bbox 78 2100 184 2150; x_wconf 88' lang='grc' dir='ltr'><strong><em>οῦν</em></strong></span> <span class='ocrx_word' id='word_1_223' title='bbox 204 2093 459 2166; x_wconf 78' lang='grc' dir='ltr'><strong><em>πληροῖτ’</em></strong></span> <span class='ocrx_word' id='word_1_224' title='bbox 485 2091 557 2150; x_wconf 79' lang='grc' dir='ltr'><strong><em>ἀν</em></strong></span> <span class='ocrx_word' id='word_1_225' title='bbox 590 2093 622 2150; x_wconf 82' lang='grc' dir='ltr'>ὅ</span> <span class='ocrx_word' id='word_1_226' title='bbox 651 2118 709 2151; x_wconf 89' lang='grc' dir='ltr'><strong><em>τε</em></strong></span> <span class='ocrx_word' id='word_1_227' title='bbox 738 2104 948 2167; x_wconf 86' lang='grc' dir='ltr'><strong><em>τροφῆς</em></strong></span> <span class='ocrx_word' id='word_1_228' title='bbox 977 2098 1416 2170; x_wconf 86' lang='grc' dir='ltr'><strong><em>μεταλαμβάνων</em></strong></span> <span class='ocrx_word' id='word_1_229' title='bbox 1445 2099 1535 2153; x_wconf 84' lang='grc' dir='ltr'><strong><em>καὶ</em></strong></span> <span class='ocrx_word' id='word_1_230' title='bbox 1565 2097 1593 2152; x_wconf 90' lang='grc' dir='ltr'>ὁ</span> <span class='ocrx_word' id='word_1_231' title='bbox 1624 2103 1764 2153; x_wconf 89' lang='grc' dir='ltr'><strong><em>νοῦν</em></strong></span> 
     </span>
     <span class='ocr_line' id='line_1_25' title="bbox 77 2170 1766 2250; baseline 0.002 -20"><span class='ocrx_word' id='word_1_232' title='bbox 77 2183 275 2245; x_wconf 76' lang='grc' dir='ltr'><strong><em>ἴσχων;</em></strong></span> <span class='ocrx_word' id='word_1_233' title='bbox 309 2182 437 2241; x_wconf 89' lang='grc' dir='ltr'><strong><em>Πῶς</em></strong></span> <span class='ocrx_word' id='word_1_234' title='bbox 467 2174 520 2231; x_wconf 91' lang='grc' dir='ltr'><strong><em>δ’</em></strong></span> <span class='ocrx_word' id='word_1_235' title='bbox 557 2174 656 2245; x_wconf 72' lang='grc' dir='ltr'><strong><em>οὕς</em></strong></span> <span class='ocrx_word' id='word_1_236' title='bbox 691 2177 981 2248; x_wconf 87' lang='grc' dir='ltr'><strong><em>Πλήρωσις</em></strong></span> <span class='ocrx_word' id='word_1_237' title='bbox 1013 2179 1071 2234; x_wconf 77' lang='grc' dir='ltr'><strong><em>δὲ</em></strong></span> <span class='ocrx_word' id='word_1_238' title='bbox 1099 2176 1443 2250; x_wconf 85' lang='grc' dir='ltr'><strong><em>ἀληθεστέρα</em></strong></span> <span class='ocrx_word' id='word_1_239' title='bbox 1466 2184 1571 2234; x_wconf 89' lang='grc' dir='ltr'><strong><em>τοῦ</em></strong></span> <span class='ocrx_word' id='word_1_240' title='bbox 1598 2170 1766 2249; x_wconf 82' lang='grc' dir='ltr'><strong><em>ἦττον</em></strong></span> 
     </span>
     <span class='ocr_line' id='line_1_26' title="bbox 78 2253 1765 2332; baseline 0.003 -22"><span class='ocrx_word' id='word_1_241' title='bbox 78 2253 113 2325; x_wconf 84' lang='grc' dir='ltr'><em>ἢ</em></span> <span class='ocrx_word' id='word_1_242' title='bbox 133 2263 234 2311; x_wconf 88' lang='grc' dir='ltr'><strong><em>τοῦ</em></strong></span> <span class='ocrx_word' id='word_1_243' title='bbox 258 2262 473 2326; x_wconf 79' lang='grc' dir='ltr'><strong><em>μᾶλλον</em></strong></span> <span class='ocrx_word' id='word_1_244' title='bbox 490 2257 676 2324; x_wconf 86' lang='grc' dir='ltr'><strong><em>ὅντος;</em></strong></span> <span class='ocrx_word' id='word_1_245' title='bbox 713 2265 921 2331; x_wconf 92' lang='grc' dir='ltr'><strong><em>Δῆλον,</em></strong></span> <span class='ocrx_word' id='word_1_246' title='bbox 946 2260 1031 2315; x_wconf 83' lang='grc' dir='ltr'><strong><em>ὅτι</em></strong></span> <span class='ocrx_word' id='word_1_247' title='bbox 1048 2267 1149 2316; x_wconf 89' lang='grc' dir='ltr'><strong><em>τοῦ</em></strong></span> <span class='ocrx_word' id='word_1_248' title='bbox 1169 2267 1397 2331; x_wconf 84' lang='grc' dir='ltr'><strong><em>μᾶλλον.</em></strong></span> <span class='ocrx_word' id='word_1_249' title='bbox 1419 2259 1638 2332; x_wconf 89' lang='grc' dir='ltr'><strong><em>Πότερα</em></strong></span> <span class='ocrx_word' id='word_1_250' title='bbox 1659 2253 1765 2316; x_wconf 77' lang='grc' dir='ltr'><strong><em>οὖν</em></strong></span> 
     </span>
     <span class='ocr_line' id='line_1_27' title="bbox 79 2333 1766 2415; baseline 0.005 -25"><span class='ocrx_word' id='word_1_251' title='bbox 79 2333 202 2406; x_wconf 79' lang='grc' dir='ltr'><strong><em>ἡγεῖ</em></strong></span> <span class='ocrx_word' id='word_1_252' title='bbox 231 2336 298 2391; x_wconf 77' lang='grc' dir='ltr'><strong><em>τά</em></strong></span> <span class='ocrx_word' id='word_1_253' title='bbox 336 2341 470 2409; x_wconf 75' lang='grc' dir='ltr'><strong><em>γένη</em></strong></span> <span class='ocrx_word' id='word_1_254' title='bbox 506 2345 722 2409; x_wconf 82' lang='grc' dir='ltr'><strong><em>μᾶλλον</em></strong></span> <span class='ocrx_word' id='word_1_255' title='bbox 750 2347 1005 2411; x_wconf 79' lang='grc' dir='ltr'><strong><em>καθαρᾶς</em></strong></span> <span class='ocrx_word' id='word_1_256' title='bbox 1035 2341 1226 2408; x_wconf 81' lang='grc' dir='ltr'><strong><em>οὐσίας</em></strong></span> <span class='ocrx_word' id='word_1_257' title='bbox 1250 2347 1507 2415; x_wconf 86' lang='grc' dir='ltr'><strong><em>μετέχειν,</em></strong></span> <span class='ocrx_word' id='word_1_258' title='bbox 1542 2341 1608 2400; x_wconf 81' lang='grc' dir='ltr'><strong><em>τά</em></strong></span> <span class='ocrx_word' id='word_1_259' title='bbox 1647 2339 1766 2399; x_wconf 84' lang='grc' dir='ltr'><strong><em>οἷον</em></strong></span> 
     </span>
     <span class='ocr_line' id='line_1_28' title="bbox 80 2421 1763 2497; baseline 0.005 -26"><span class='ocrx_word' id='word_1_260' title='bbox 80 2422 238 2472; x_wconf 86' lang='grc' dir='ltr'><strong><em>σίτου</em></strong></span> <span class='ocrx_word' id='word_1_261' title='bbox 257 2439 312 2473; x_wconf 86' lang='grc' dir='ltr'><strong><em>τε</em></strong></span> <span class='ocrx_word' id='word_1_262' title='bbox 334 2422 425 2474; x_wconf 84' lang='grc' dir='ltr'><strong><em>καὶ</em></strong></span> <span class='ocrx_word' id='word_1_263' title='bbox 444 2427 618 2476; x_wconf 90' lang='grc' dir='ltr'><strong><em>ποτοῦ</em></strong></span> <span class='ocrx_word' id='word_1_264' title='bbox 645 2422 734 2477; x_wconf 88' lang='grc' dir='ltr'><strong><em>καὶ</em></strong></span> <span class='ocrx_word' id='word_1_265' title='bbox 766 2421 911 2488; x_wconf 80' lang='grc' dir='ltr'><strong><em>ὄψου</em></strong></span> <span class='ocrx_word' id='word_1_266' title='bbox 942 2426 1032 2480; x_wconf 89' lang='grc' dir='ltr'><strong><em>καὶ</em></strong></span> <span class='ocrx_word' id='word_1_267' title='bbox 1063 2425 1349 2496; x_wconf 85' lang='grc' dir='ltr'><strong><em>ξυμπάσης</em></strong></span> <span class='ocrx_word' id='word_1_268' title='bbox 1377 2432 1605 2497; x_wconf 86' lang='grc' dir='ltr'><strong><em>τροφῆς,</em></strong></span> <span class='ocrx_word' id='word_1_269' title='bbox 1634 2422 1672 2496; x_wconf 80' lang='grc' dir='ltr'><em>ἢ</em></span> <span class='ocrx_word' id='word_1_270' title='bbox 1701 2423 1763 2479; x_wconf 84' lang='grc' dir='ltr'><strong><em>τὸ</em></strong></span> 
     </span>
     <span class='ocr_line' id='line_1_29' title="bbox 80 2497 1765 2578; baseline 0.006 -25"><span class='ocrx_word' id='word_1_271' title='bbox 80 2499 241 2570; x_wconf 83' lang='grc' dir='ltr'><strong><em>δόξης</em></strong></span> <span class='ocrx_word' id='word_1_272' title='bbox 261 2522 316 2555; x_wconf 91' lang='grc' dir='ltr'><strong><em>τε</em></strong></span> <span class='ocrx_word' id='word_1_273' title='bbox 338 2497 589 2571; x_wconf 86' lang='grc' dir='ltr'><strong><em>ἀληθοῦς</em></strong></span> <span class='ocrx_word' id='word_1_274' title='bbox 613 2501 754 2568; x_wconf 85' lang='grc' dir='ltr'><strong><em>εἶδος</em></strong></span> <span class='ocrx_word' id='word_1_275' title='bbox 772 2507 860 2560; x_wconf 79' lang='grc' dir='ltr'><strong><em>καὶ</em></strong></span> <span class='ocrx_word' id='word_1_276' title='bbox 882 2507 1177 2578; x_wconf 81' lang='grc' dir='ltr'><strong><em>ἐπιστήμης</em></strong></span> <span class='ocrx_word' id='word_1_277' title='bbox 1196 2508 1286 2563; x_wconf 89' lang='grc' dir='ltr'><strong><em>καὶ</em></strong></span> <span class='ocrx_word' id='word_1_278' title='bbox 1317 2513 1423 2563; x_wconf 89' lang='grc' dir='ltr'><strong><em>νοῦ</em></strong></span> <span class='ocrx_word' id='word_1_279' title='bbox 1441 2508 1534 2563; x_wconf 84' lang='grc' dir='ltr'><strong><em>καὶ</em></strong></span> <span class='ocrx_word' id='word_1_280' title='bbox 1562 2506 1765 2578; x_wconf 85' lang='grc' dir='ltr'><strong><em>ξυλλή-</em></strong></span> 
     </span>
     <span class='ocr_line' id='line_1_30' title="bbox 79 2575 1765 2660; baseline 0.005 -26"><span class='ocrx_word' id='word_1_281' title='bbox 79 2585 220 2651; x_wconf 86' lang='grc' dir='ltr'><strong><em>βδην</em></strong></span> <span class='ocrx_word' id='word_1_282' title='bbox 244 2575 317 2636; x_wconf 83' lang='grc' dir='ltr'><strong><em>αὖ</em></strong></span> <span class='ocrx_word' id='word_1_283' title='bbox 336 2583 514 2654; x_wconf 80' lang='grc' dir='ltr'><strong><em>πάσης</em></strong></span> <span class='ocrx_word' id='word_1_284' title='bbox 535 2580 757 2655; x_wconf 84' lang='grc' dir='ltr'><strong><em>ἀρετῆς;</em></strong></span> <span class='ocrx_word' id='word_1_285' title='bbox 794 2578 900 2641; x_wconf 88' lang='grc' dir='ltr'><strong><em>ωδε</em></strong></span> <span class='ocrx_word' id='word_1_286' title='bbox 934 2587 990 2642; x_wconf 71' lang='grc' dir='ltr'><strong><em>δὲ</em></strong></span> <span class='ocrx_word' id='word_1_287' title='bbox 1020 2599 1197 2657; x_wconf 76' lang='grc' dir='ltr'><strong><em>κρῖνε·</em></strong></span> <span class='ocrx_word' id='word_1_288' title='bbox 1234 2587 1294 2643; x_wconf 88' lang='grc' dir='ltr'>τό</span> <span class='ocrx_word' id='word_1_289' title='bbox 1327 2594 1430 2643; x_wconf 89' lang='grc' dir='ltr'><strong><em>τοῦ</em></strong></span> <span class='ocrx_word' id='word_1_290' title='bbox 1459 2585 1543 2644; x_wconf 80' lang='grc' dir='ltr'><strong><em>ἀεὶ</em></strong></span> <span class='ocrx_word' id='word_1_291' title='bbox 1569 2585 1765 2660; x_wconf 88' lang='grc' dir='ltr'><strong><em>ὁμοίου</em></strong></span> 
     </span>
     <span class='ocr_line' id='line_1_31' title="bbox 76 2662 1763 2738; baseline 0.005 -22"><span class='ocrx_word' id='word_1_292' title='bbox 76 2662 343 2732; x_wconf 73' lang='grc' dir='ltr'><strong><em>ἐχόμενον</em></strong></span> <span class='ocrx_word' id='word_1_293' title='bbox 363 2666 452 2718; x_wconf 78' lang='grc' dir='ltr'><strong><em>καὶ</em></strong></span> <span class='ocrx_word' id='word_1_294' title='bbox 474 2662 767 2721; x_wconf 84' lang='grc' dir='ltr'><strong><em>ἀθανάτου</em></strong></span> <span class='ocrx_word' id='word_1_295' title='bbox 796 2669 886 2722; x_wconf 86' lang='grc' dir='ltr'><strong><em>καὶ</em></strong></span> <span class='ocrx_word' id='word_1_296' title='bbox 917 2665 1197 2738; x_wconf 86' lang='grc' dir='ltr'><strong><em>ἀληθείας,</em></strong></span> <span class='ocrx_word' id='word_1_297' title='bbox 1228 2670 1318 2724; x_wconf 79' lang='grc' dir='ltr'><strong><em>καὶ</em></strong></span> <span class='ocrx_word' id='word_1_298' title='bbox 1351 2667 1486 2724; x_wconf 80' lang='grc' dir='ltr'><strong><em>αὐτὸ</em></strong></span> <span class='ocrx_word' id='word_1_299' title='bbox 1507 2675 1763 2725; x_wconf 86' lang='grc' dir='ltr'><strong><em>τοιοῦτον</em></strong></span> 
     </span>
     <span class='ocr_line' id='line_1_32' title="bbox 76 2746 1763 2822; baseline 0.006 -24"><span class='ocrx_word' id='word_1_300' title='bbox 76 2766 148 2799; x_wconf 85' lang='grc' dir='ltr'><strong><em>ον</em></strong></span> <span class='ocrx_word' id='word_1_301' title='bbox 167 2747 255 2799; x_wconf 79' lang='grc' dir='ltr'><strong><em>καὶ</em></strong></span> <span class='ocrx_word' id='word_1_302' title='bbox 277 2747 337 2799; x_wconf 80' lang='grc' dir='ltr'><strong><em>ἐν</em></strong></span> <span class='ocrx_word' id='word_1_303' title='bbox 356 2746 587 2818; x_wconf 76' lang='grc' dir='ltr'><strong><em>τοιούτῳ</em></strong></span> <span class='ocrx_word' id='word_1_304' title='bbox 618 2747 968 2818; x_wconf 79' lang='grc' dir='ltr'><strong><em>γιγνόμενον,</em></strong></span> <span class='ocrx_word' id='word_1_305' title='bbox 1002 2755 1216 2819; x_wconf 82' lang='grc' dir='ltr'><strong><em>μᾶλλον</em></strong></span> <span class='ocrx_word' id='word_1_306' title='bbox 1246 2749 1391 2806; x_wconf 86' lang='grc' dir='ltr'><strong><em>εἷναί</em></strong></span> <span class='ocrx_word' id='word_1_307' title='bbox 1414 2768 1501 2807; x_wconf 90' lang='grc' dir='ltr'><strong><em>σοι</em></strong></span> <span class='ocrx_word' id='word_1_308' title='bbox 1531 2754 1698 2822; x_wconf 75' lang='grc' dir='ltr'><strong><em>δοκεῖ,</em></strong></span> <span class='ocrx_word' id='word_1_309' title='bbox 1725 2746 1763 2822; x_wconf 79' lang='grc' dir='ltr'><em>ἢ</em></span> 
     </span>
     <span class='ocr_line' id='line_1_33' title="bbox 75 2822 1763 2900; baseline 0.005 -21"><span class='ocrx_word' id='word_1_310' title='bbox 75 2822 137 2880; x_wconf 69' lang='lat' dir='ltr'><strong><em>td</em></strong></span> <span class='ocrx_word' id='word_1_311' title='bbox 150 2828 418 2896; x_wconf 79' lang='grc' dir='ltr'><strong><em>μηδέποτε</em></strong></span> <span class='ocrx_word' id='word_1_312' title='bbox 449 2825 647 2897; x_wconf 89' lang='grc' dir='ltr'><strong><em>ὁμοίου</em></strong></span> <span class='ocrx_word' id='word_1_313' title='bbox 677 2829 766 2883; x_wconf 81' lang='grc' dir='ltr'><strong><em>καὶ</em></strong></span> <span class='ocrx_word' id='word_1_314' title='bbox 788 2836 1021 2900; x_wconf 87' lang='grc' dir='ltr'><strong><em>θνητοῦ,</em></strong></span> <span class='ocrx_word' id='word_1_315' title='bbox 1056 2831 1146 2885; x_wconf 76' lang='grc' dir='ltr'><strong><em>καὶ</em></strong></span> <span class='ocrx_word' id='word_1_316' title='bbox 1176 2828 1310 2886; x_wconf 81' lang='grc' dir='ltr'><strong><em>αὐτὸ</em></strong></span> <span class='ocrx_word' id='word_1_317' title='bbox 1344 2838 1562 2889; x_wconf 86' lang='grc' dir='ltr'><strong><em>τοιοῦτο</em></strong></span> <span class='ocrx_word' id='word_1_318' title='bbox 1591 2836 1682 2890; x_wconf 83' lang='grc' dir='ltr'><strong><em>καὶ</em></strong></span> <span class='ocrx_word' id='word_1_319' title='bbox 1703 2836 1763 2889; x_wconf 80' lang='grc' dir='ltr'><strong><em>ἐν</em></strong></span> 
     </span>
    </p>
   </div>
   <div class='ocr_carea' id='block_1_9' title="bbox 1801 1864 1834 1905">
    <p class='ocr_par' dir='ltr' id='par_1_9' title="bbox 1801 1864 1834 1905">
     <span class='ocr_line' id='line_1_34' title="bbox 1801 1864 1834 1905; baseline 0 0"><span class='ocrx_word' id='word_1_320' title='bbox 1801 1864 1834 1905; x_wconf 89' lang='grc' dir='ltr'>Β</span> 
     </span>
    </p>
   </div>
  </div>
 </body>
</html>
