1962 3236
240 182 344 236 164
855 162 1326 236 ΠΛΑΤΩΝΟΣ

235 321 374 391 ἐμοῦ
403 322 581 389 λέγειν
610 321 731 390 περὶ
763 325 875 374 τῶν
904 322 1180 390 ἐρωτικων
1209 319 1293 376 ὅτι
1321 319 1468 376 οὕτω
1500 330 1739 394 ποιοῦσι,
1779 341 1916 397 συγ-

234 407 398 471 χωρῶ
415 407 516 456 τοῦ
541 402 715 471 λόγου
733 401 913 471 χάριν.
975 407 1044 456 Τί
1070 405 1184 467 δαίς
1215 395 1286 472 ἦν
1317 401 1371 457 δ’
1403 403 1533 473 ἐγώ·
1572 402 1704 470 τοὺς
1734 413 1916 475 φιλοί-

237 503 372 546 νους
392 481 460 537 ού
479 483 545 537 τὰ
567 480 707 537 αὐτὰ
735 489 908 537 ταῦτα
937 490 1233 548 ποιοῦντας
1263 482 1412 556 ὁρᾷς,
1447 483 1626 540 πάντα
1646 487 1801 542 οἶνον
1832 490 1916 543 ἐπὶ

233 563 412 634 πάσης
425 565 757 635 προφάσεως
768 562 1204 637 άσπαζομένους;
1233 569 1337 622 Καὶ
1361 565 1521 637 μάλα.
1552 569 1661 624 Καὶ
1683 570 1793 640 μὴν
1819 592 1917 639 φι-

233 651 488 716 λοτίμους
506 668 587 717 γε,
614 644 684 710 ὡς
711 648 932 721 ἐγςόμαι,
954 647 1255 720 καθορᾷς,
1234 647 1335 715 ότι,
1356 645 1429 703 ἄν
1447 646 1520 719 μὴ
1547 658 1916 721 στρατηγῆσαι

232 726 528 797 δύνωνται,
547 734 982 799 τριττυαρχοῦσι,
1004 724 1113 783 κᾶν
1123 727 1195 799 μὴ
1211 727 1317 784 ὑπὸ
1332 731 1599 832 μειζόνων
1610 733 1699 785 καὶ
1714 749 1916 802 σεμνο-

168 823 201 863 Β
231 811 406 879 τέρων
430 814 713 880 τιμᾶσθαι,
733 807 844 864 ὑπὸ
870 815 1243 880 σμικροτέρων
1259 811 1349 866 καὶ
1372 815 1731 882 φαυλοτέρων
1743 814 1914 883 τιμω-

230 911 387 961 μενοι
402 888 705 961 αγαπῶσιν,
732 913 804 955 ως
823 890 964 955 ὅλως
975 899 1131 961 τιμῆς
1150 892 1522 961 ἐπιθυμηταὶ’
1503 894 1671 958 όντες.
1695 901 1914 968 Κομιδῇ

230 972 331 1043 μὲν
343 975 461 1028 οὐν.
485 979 662 1028 Τοῦτο
677 971 742 1043 δὴ
759 972 904 1043 φάθι
923 968 957 1042 ἦ
975 972 1065 1041 μή·
1082 969 1161 1039 ἀρ’
1186 968 1252 1024 ὃν
1272 969 1344 1025 ἄν
1355 993 1503 1037 τινος
1514 976 1913 1046 επιθυμητικον

231 1057 495 1125 λέγωμεν,
516 1055 724 1119 παντὸς
741 1060 842 1109 τοῦ
873 1056 1057 1116 εἴδους
1086 1052 1287 1107 τούτου
1316 1055 1566 1125 φήσομεν
1598 1058 1910 1127 ἐπιθυμεῖν,

231 1133 267 1206 ἢ
293 1143 396 1191 τοῦ
414 1140 532 1206 μέν,
554 1142 654 1191 τοῦ
676 1138 734 1191 δὲ
753 1135 848 1201 οὕς
887 1135 1125 1205 Παντός,
1146 1138 1267 1205 ἔφη.
1309 1134 1538 1191 Οὐκοῦν
1569 1139 1659 1191 καὶ
1690 1137 1790 1193 τὸν
1818 1160 1913 1208 φι-

233 1218 482 1287 λόσοφον
504 1226 702 1288 σοφίας
722 1218 975 1288 φήσομεν
1008 1215 1358 1287 ἐπιθυμητὴν
1386 1215 1542 1287 εἶναι,
1571 1217 1639 1272 οὐ
1667 1226 1764 1289 τῆς
1792 1222 1909 1289 μέν,

174 1322 206 1364 c
231 1306 323 1369 τῆς
340 1298 391 1353 δ’
419 1298 504 1368 οὔ,
526 1296 665 1353 ἀλλὰ
695 1298 899 1368 πάσης;
930 1298 1153 1368 Ἀληθῆ.
1199 1295 1312 1352 Τὸν
1340 1296 1447 1367 ἄρα
1478 1302 1599 1368 περὶ
1632 1298 1698 1353 τὰ
1726 1301 1911 1371 μαθή-

231 1401 376 1450 ματα
404 1383 855 1450 δυσχεραίνοντα,
887 1379 1067 1442 ἄλλως
1097 1401 1155 1433 τε
1182 1381 1272 1433 καὶ
1303 1381 1433 1433 νέον
1463 1377 1599 1433 ὄντα
1628 1382 1718 1435 καὶ
1747 1383 1910 1451 μήπω

227 1462 399 1531 λόγον
420 1466 613 1531 ἔχοντα
632 1466 687 1516 τί
707 1482 764 1515 τε
783 1459 1021 1531 χρηστὸν
1040 1463 1130 1514 καὶ
1149 1460 1243 1530 μή,
1264 1459 1333 1514 οὐ
1350 1459 1602 1530 φήσομεν
1620 1468 1908 1534 φιλομαθῆ

231 1541 360 1598 οὐδὲ
383 1542 695 1613 φιλόσοφον
715 1541 870 1609 εἶναι,
895 1539 1079 1610 ὥσπερ
1113 1539 1211 1596 τὸν
1241 1542 1364 1608 περὶ
1393 1539 1459 1595 τὰ
1496 1546 1637 1596 σιτία
1669 1545 1906 1615 δυσχερῆ

227 1623 356 1680 οὔτε
379 1631 574 1696 πεινῆν
594 1626 775 1694 φαμὲν
798 1623 916 1679 οὔτ’
939 1626 1233 1693 ἐπιθυμεῖν
1251 1628 1455 1690 σιτίων,
1471 1621 1600 1679 οὐδὲ
1619 1624 1909 1693 φιλόσιτον

228 1707 366 1764 ἀλλὰ
386 1708 684 1762 κακόσιτον
705 1705 858 1761 εἶναι.
897 1707 1004 1760 Καὶ
1026 1702 1211 1775 ὀρθῶς
1228 1726 1290 1775 γε
1312 1705 1576 1775 φήσομεν.
1624 1705 1736 1760 Τὸν
1758 1708 1816 1763 δὲ
1842 1708 1908 1778 δὴ

229 1787 465 1891 εύχερως
484 1789 748 1843 ἐθέλοντα
766 1785 972 1851 παντὸς
992 1787 1316 1857 μαθήματος
1342 1785 1609 1855 γεύεσθαι
1629 1788 1718 1841 καὶ
1738 1785 1909 1858 ἀσμέ-

230 1893 339 1935 νως
358 1871 443 1925 ἐπὶ
464 1868 524 1925 τὸ
549 1870 862 1939 μανθάνειν
886 1868 1040 1924 ἰόντα
1060 1869 1148 1922 καὶ
1169 1866 1498 1938 ἄπλήστως’
1478 1871 1686 1937 έχοντα,
1707 1875 1908 1923 τοῦτον

231 1952 282 2009 δ’
305 1957 367 2009 ἐν
398 1957 522 2024 δίκῃ
554 1953 805 2023 φήσομέν
835 1952 1174 2022 φιλόσοφον·
1215 1953 1248 2020 ἠ
1283 1950 1417 2019 γάρ;
1456 1973 1548 2004 και
1572 1948 1601 2004 6
1634 1952 1909 2006 Γλαύκων

166 2041 351 2106 Βέφη,
370 2035 576 2090 Πολλοὶ
605 2034 713 2104 άρα
744 2035 833 2090 καὶ
863 2031 1059 2087 ἄτοποι
1091 2037 1312 2086 ἔσονταί
1337 2048 1424 2085 σοι
1454 2036 1721 2084 τοιοῦτοι·
1774 2034 1831 2084 οί
1850 2052 1907 2086 τε

225 2115 332 2186 γὰρ
353 2115 763 2186 φιλοθεάμονες
782 2116 981 2178 πάντες
1001 2118 1182 2183 ἔμοιγε
1195 2115 1424 2166 δοκοῦσι
1443 2115 1518 2184 τῷ
1539 2111 1906 2180 καταμανθά-

226 2218 345 2252 νειν
363 2201 645 2266 χαίροντες
672 2201 912 2250 τοιοῦτοι
941 2191 1096 2263 εἶναι,
1119 2196 1176 2247 οἳ
1197 2213 1254 2246 τε
1285 2190 1540 2262 φιλήκοοι
1565 2190 1910 2246 ἀτοπώτατοί

225 2281 367 2343 τινές
398 2282 537 2334 εἰσιν
569 2298 643 2341 ως
666 2274 721 2346 γ’
754 2278 814 2330 ἐν
845 2276 1174 2346 φιλοσόφοις
1202 2277 1434 2343 τιθέναι,
1463 2277 1520 2327 οἳ
1534 2271 1670 2342 πρὸς
1689 2294 1791 2342 μεν
1810 2273 1906 2328 λό-

225 2384 360 2433 γους
389 2363 479 2417 καὶ
500 2359 763 2457 τοιαύτην
782 2356 1114 2428 διατριβὴν
1089 2356 1304 2419 εκόντες
1324 2353 1428 2409 οὐκ
1461 2351 1533 2408 ὅὶν
1552 2355 1801 2409 ἐθέλοιεν
1819 2355 1899 2409 ε’λ-

225 2454 371 2514 θεῖν,
395 2442 579 2512 ω’σπερ
601 2441 659 2496 δε
685 2437 1207 2510 ἀπομεμισθωκότες
1223 2459 1290 2491 τα
1313 2430 1422 2491 ὦτα
1442 2439 1745 2492 ἐπακοῦσαι
1764 2435 1907 2491 πάν-

228 2550 341 2583 των
365 2532 550 2598 χοριὸν
587 2527 911 2594 περιθέουσι
940 2532 1052 2586 τοῖς
1081 2525 1417 2588 Διονυσίοις,
1460 2515 1588 2572 οὔτε
1624 2538 1737 2571 των
1769 2516 1906 2572 κατὰ

228 2610 415 2673 πόλεις
433 2606 561 2663 ούτε
579 2611 692 2661 τῶν
710 2603 849 2660 κατὰ
867 2604 1053 2674 κώμας
1072 2599 1513 2670 ἀπολειπόμενοι.
1552 2598 1782 2663 τούτους
1801 2593 1906 2653 οὖν

155 2718 189 2758 Ε
230 2690 440 2754 πάντας
457 2689 548 2744 καὶ
579 2686 780 2751 ἄλλους
808 2685 1075 2741 τοιούτων
1102 2704 1272 2738 τινων
1299 2678 1642 2752 μαθητικοὺς
1661 2682 1752 2734 καὶ
1776 2677 1906 2743 τούς

226 2778 339 2826 τῶν
357 2772 694 2839 τεχνυδρίων
720 2767 1069 2837 φιλοσόφους
1091 2764 1367 2835 φήσομεν;
1407 2761 1696 2830 Οὐδαμῶς,
1728 2758 1903 2828 εἷπον,

229 2850 350 2908 ἄλλ’
384 2849 608 2921 ὁμοίους
627 2850 727 2920 μὲν
748 2847 1090 2919 φιλοσόφοις.
