1962 3236
48 162 111 207 99
451 152 653 200 ΠΕΡΙ
694 149 984 198 ΨΤΧΑΣ
1012 147 1330 197 ΚΟΣΜΩ..
1639 145 1745 200 417

51 293 329 359 γεννᾶται.
368 308 430 341 το
463 283 566 357 μὲν
597 277 680 340 ὦν
705 282 911 339 λευκὸν
948 286 1217 353 διακρίνει
1250 278 1355 336 τὰν
1392 278 1545 351 ὄψιν,
1584 279 1646 336 τὸ
1686 284 1748 339 δὲ

51 371 224 440 μέλαν
253 372 559 438 συγκρίνει,
592 363 736 430 ὅκως
764 383 868 433 περ
898 361 958 418 τὸ
990 361 1213 434 θερμὸν
1237 365 1416 434 διαχεῖ
1436 360 1542 417 τάν
1570 358 1742 434 ἁφάν,

82 450 112 506 ὸ
132 450 191 506 δὲ
211 448 431 520 ψυχρὸν
450 447 698 517 συνάγεν
716 445 965 514 δύναται,
987 447 1079 500 καὶ
1100 444 1161 500 τὸ
1184 444 1285 516 μὲν
1304 442 1594 516 στρυφνὸν
1605 460 1746 500 συν-

50 531 187 602 άγεν
204 530 308 586 τάν
327 537 539 600 γεῦσιν,
561 527 624 584 τὸ
646 527 705 583 δὲ
725 525 893 597 δριμὺ
914 530 1137 598 διαιρῆν
1154 529 1383 598 πέφυκε.

193 617 326 668 xm.
372 613 693 682 Τρέφεσθαι
724 609 783 664 δὲ
813 605 875 662 τὸ
910 613 1116 671 σκοῖνος
1144 614 1257 662 τῶν
1287 611 1555 677 ἐναερίων
1590 606 1747 674 ζώων

51 697 143 750 καὶ
179 698 515 764 συνέχεσθαι
560 698 658 756 τᾶς
693 692 796 761 μὲν
833 696 1044 759 τροφᾶς
1080 693 1466 760 διαδιδομένας
1509 686 1598 746 διὰ
1632 694 1748 744 τῶν

52 782 279 847 φλεβῶν
298 780 375 840 είς
394 774 532 830 ὅλον
561 772 663 828 τὸν
694 770 868 842 ὄγκον
898 770 1019 827 κατ’
1050 773 1335 844 ἐπιρροοὲν,
1367 767 1488 827 οἷον
1517 769 1592 828 δι’
1624 769 1749 842 ὀχε-
1778 781 1815 823 D

51 865 166 913 τῶν
185 856 459 929 ἀγομένας
477 858 566 912 καὶ
589 854 900 925 ἀρδομένας
915 850 1025 908 ὑπὸ
1046 860 1126 908 τῶ
1155 854 1484 924 πνεύματος,
1515 851 1548 908 ὃ
1577 857 1754 924 διαχεῖ

51 938 229 995 αὐτὰν
251 941 336 995 ἐπὶ
362 938 427 993 τὰ
448 940 656 1009 πέρατα
686 938 877 1007 φέρον.
909 933 944 990 ἆ
965 933 1018 990 δ’
1046 932 1323 991 ἀνάπνοια
1342 941 1554 1005 γίνεται
1576 936 1748 1006 μηδε-

55 1020 152 1086 νὸς
188 1021 288 1092 μὲν
326 1026 499 1076 κενεῶ
539 1023 602 1076 ἐν
629 1025 699 1092 τᾷ
733 1019 903 1089 φύσει
930 1017 1136 1088 ἐόντος,
1176 1020 1527 1090 ἐπιρρέοντος
1561 1016 1621 1073 δὲ
1656 1018 1750 1072 καὶ

53 1105 332 1174 ἑλκομένω
351 1110 428 1158 τῶ
459 1100 620 1171 ἀέρος
650 1100 773 1156 ἀντὶ
802 1106 880 1155 τῶ
908 1098 1281 1170 ἀπορρέοντος
1302 1100 1392 1156 διὰ
1426 1105 1541 1155 τῶν
1570 1097 1750 1171 ἀορά-

55 1206 169 1240 των
189 1190 445 1255 στομίων,
469 1183 544 1239 δι’
566 1178 649 1238 ὦν
672 1184 762 1238 καὶ
783 1181 818 1237 ἆ
837 1184 984 1247 νοτὶς
1004 1186 1366 1254 ἐπιφαίνεται,
1388 1181 1541 1248 τινὸς
1572 1182 1632 1239 δὲ
1657 1183 1750 1237 καὶ

56 1264 167 1322 ὑπὸ
188 1273 286 1331 τοῖς
304 1272 545 1337 φυσικοῖς
561 1265 909 1336 θερμότατος
928 1262 1384 1336 ἀπαναλουμένω.
1426 1265 1645 1335 ἀνάγκα
1666 1257 1749 1320 ὦν

55 1347 538 1419 ἀντικαταχθῆμεν
564 1347 664 1403 τὸν
697 1354 819 1402 ἴσον
848 1352 928 1418 τῷ
964 1344 1332 1418 ἀναλωθέντι,
1366 1351 1416 1402 εἰ
1444 1346 1503 1402 δὲ
1530 1345 1622 1418 μή,
1653 1365 1749 1402 κε-

54 1430 258 1495 νώσιας
276 1428 445 1501 εἶμεν,
469 1428 606 1500 ὅπερ
637 1427 953 1500 ἀμάχανον·
993 1427 1124 1485 οὐδὲ
1148 1428 1255 1500 γὰρ
1286 1433 1365 1484 ἔτι
1394 1436 1477 1500 εἴη
1504 1450 1576 1484 κα
1607 1428 1750 1500 σύρ-
1778 1445 1812 1486 Ε

59 1534 199 1580 ροον
238 1512 328 1567 καὶ
367 1513 429 1566 ἓν
462 1509 524 1566 τὸ
566 1515 725 1579 ζῶον,
764 1513 1108 1581 διαιρωμένω
1144 1517 1221 1565 τῶ
1260 1510 1496 1576 σκάνεος
1522 1508 1633 1566 ὑπὸ
1671 1513 1750 1566 τῶ

56 1601 216 1650 κενώ.
256 1592 290 1647 ἁ
325 1591 377 1647 δ’
412 1590 575 1663 ὁμοία
607 1591 968 1663 ὀργανοποιία
993 1599 1202 1662 γίνεται
1229 1595 1321 1649 καὶ
1347 1595 1434 1649 ε’πὶ
1461 1599 1575 1648 τῶν
1598 1589 1750 1658 ἀψύ-

57 1700 172 1750 χων
194 1675 402 1733 καττάν
425 1683 521 1740 τᾶς
541 1673 848 1742 ἀναπνοίας
868 1675 1171 1746 ἀναλογίαν
1187 1694 1197 1705 ·
1250 1674 1285 1731 ἆ
1317 1675 1425 1746 γὰρ
1456 1675 1624 1732 σικύα
1656 1677 1750 1731 καὶ

57 1760 117 1817 τὸ
167 1758 436 1831 ἤλεκτρον
479 1758 690 1822 εἰκόνες
735 1756 1043 1823 ἀναπνοίας
1079 1761 1219 1815 ἐντί·
1274 1761 1363 1830 ῥεῖ
1393 1757 1502 1830 γὰρ
1541 1758 1632 1815 διὰ
1667 1763 1747 1814 τοῦ
1779 1777 1868 1823 102

57 1842 311 1914 σώματος
348 1843 450 1906 ἔξω
487 1839 698 1911 θύραζε
734 1839 799 1895 τὰ
837 1841 1142 1911 πνεύματα,
1189 1840 1642 1911 ἀντεπεισάγεται
1689 1839 1750 1897 δὲ

57 1923 145 1980 διά
182 1930 280 1987 τᾰς
317 1919 624 1986 ἀναπνοίας
658 1928 738 1994 τῷ
773 1944 831 1978 τε
874 1923 1103 1993 στόματι
1139 1924 1229 1980 καὶ
1265 1934 1381 1988 ταῖς
1427 1925 1594 1995 ῥισίν,
1634 1921 1749 1979 εἶτα

55 2007 228 2063 πάλιν
265 2000 387 2059 οἷον
433 2001 664 2073 εὔριπος
700 2001 1124 2075 ἀντεπιφέρεται
1158 2010 1236 2071 εἰς
1276 2005 1337 2061 τὸ
1377 2010 1551 2076 σῶμα,
1589 2002 1652 2060 τὸ
1690 2007 1750 2060 δὲ

56 2086 402 2143 ἀνατείνεται
433 2083 636 2150 καττὰς
665 2086 878 2156 ἐκροάς.
917 2083 951 2140 ἆ
989 2086 1049 2142 δὲ
1086 2087 1251 2142 σικύα
1280 2086 1750 2152 ἀπαναλωθέντος

56 2166 165 2226 ὑπὸ
197 2175 273 2225 τῶ
294 2166 472 2239 πυρὸς
502 2175 582 2223 τῶ
599 2165 762 2238 ἀέρος
791 2171 1077 2239 ἐφέλκεται
1100 2168 1162 2225 τό
1187 2166 1392 2242 ὑγρόν·
1422 2170 1484 2226 τὸ
1507 2168 1561 2226 0'
1581 2167 1747 2242 ἤλεκ-

55 2273 190 2319 τρον
219 2253 573 2319 ἐκκριθέντος
596 2256 674 2305 τᾶ
702 2250 1016 2322 πνεύματος
1044 2249 1425 2323 ἀναλαμβάνει
1454 2248 1516 2306 τὸ
1550 2249 1748 2322 ὅμοιον

57 2338 230 2402 σῶμα.

199 2416 324 2468 xlv,
368 2410 560 2483 Τροφά
586 2411 645 2468 δὲ
662 2418 811 2467 πᾶσα
834 2410 943 2468 ἀπὸ
964 2416 1113 2485 ῥίζας
1133 2414 1234 2484 μὲν
1252 2420 1349 2478 τοῖς
1369 2417 1617 2485 καρδίας,
1638 2433 1749 2470 πα-

56 2499 157 2564 γᾶς
177 2497 235 2549 δὲ
255 2500 350 2566 τᾶς
370 2500 579 2559 κοιλίας
596 2493 853 2563 ἐπάγεται
877 2501 954 2566 τῷ
979 2495 1207 2565 στόματι,
1234 2494 1266 2550 ὃ
1293 2498 1385 2551 καὶ
1403 2503 1460 2551 εἴ
1482 2517 1554 2551 κα
1574 2499 1744 2552 πλείω
1775 2514 1808 2557 Β

56 2582 154 2640 τοῖς
173 2573 538 2646 ἀπορρεοίσας
557 2576 866 2646 ἐπάρδοιτο,
900 2570 1038 2643 αὖξα
1069 2579 1296 2647 λέγεται,
1328 2584 1384 2633 εί
1405 2599 1474 2633 κα
1506 2576 1566 2633 δὲ
1591 2581 1746 2648 μείω,

58 2662 280 2727 φθίσις·
322 2654 356 2711 ἁ
378 2656 432 2712 δ’
455 2656 602 2729 ἀκμᾶ
628 2659 902 2729 μεθόριον
921 2662 1164 2714 τουτέων
1184 2660 1296 2714 ἐστὶ
1325 2661 1415 2715 καὶ
1446 2663 1506 2715 ἐν
1536 2658 1748 2715 ίσότατι

56 2738 339 2808 ἀπορροᾶς
358 2743 447 2795 καὶ
470 2743 727 2811 ἐπιρροαῖς
748 2743 973 2797 νοέεται.
1013 2742 1304 2811 λυομένων
1333 2740 1392 2797 δὲ
1419 2746 1532 2797 τῶν
1551 2739 1748 2813 ἁρμῶν

57 2828 154 2886 τᾶς
190 2824 503 2946 ἰυστάῗΰς,
543 2831 606 2878 αἰ
635 2846 704 2879 κα
744 2827 934 2895 μηκέτι
976 2827 1158 2889 δίοδος
1195 2824 1466 2895 πνεύματι
1494 2819 1531 2895 ἢ
1562 2829 1748 2896 τροφᾷ

237 2916 350 2946 nno
454 2937 463 2946 .
1411 2906 1466 2949 2⁷
