1962 3236
575 0 578 2 ,
649 0 694 20 -Y

686 131 1247 206 noan-masan
1757 154 1790 207 9

108 299 305 348 πλοῖον
324 343 335 362 ,
372 290 402 348 6
428 288 712 361 ναυπηγὸς
736 286 773 360 ἦ
792 286 820 345 ὁ
841 286 1197 361 κυβερνήτης.
1218 286 1455 343 ’Έοικεα
1490 287 1663 350 Ὅταν
1682 310 1790 346 ουν

106 380 164 429 τί
191 375 288 446 δέῃ
316 370 565 445 ἀργυρίῳ
588 369 850 444 ἦχρυσίῳ
881 377 1043 441 κοινῇ
1075 375 1344 440 χρῆσθαι,
1374 367 1404 423 ὁ
1428 372 1637 434 δίκαιος
1655 390 1791 441 χρη-

110 454 407 526 σιμώτερος
435 460 550 509 τῶν
575 452 789 516 ἄλλωνς
816 450 988 507 ’Ὀταν
1019 453 1520 521 παρακαταθέσθαι
1553 452 1644 507 καὶ
1677 458 1792 507 σῶν

108 536 277 606 εἶναι,
309 529 354 591 ὦ
369 534 680 604 Σώκρατες.
722 530 952 588 Οὐκοῦν
981 533 1182 603 λέγεις,
1212 530 1351 588 ὅταν
1375 534 1548 604 μηδὲν
1568 533 1664 604 δέῃ
1684 530 1789 588 αὐ·-

107 626 186 691 τῷ
205 624 447 688 χρῆσθαι
464 613 607 670 ἀλλὰ
626 622 873 679 κετσθαι;
901 615 1070 669 Πάνυ
1088 636 1167 684 γε.
1199 613 1370 671 ’Ὅταν
1389 613 1498 686 ἄρα
1517 613 1793 686 ἄχρηστον

108 692 142 772 ᾗ
169 697 470 768 ἀργύριον,
501 694 626 751 τότε
643 694 908 766 χρήσιμος
928 695 1014 750 ἐπ’
1040 692 1245 769 αύτῷἡ
1268 695 1621 767 δικαιοσύνης
1646 702 1788 752 Κιν-
1812 706 1849 746 D

110 778 351 835 δυνεύει.
388 778 499 834 Καὶ
521 775 656 832 ὅταν
677 777 744 847 δὴ
767 780 1046 844 δρέπανον
1067 778 1164 848 δέῃ
1181 775 1557 848 φυλάττειν,ἡ
1579 781 1791 834 δικαιο-

108 861 252 931 σύνη
271 859 535 931 χρήσιμος
552 860 644 913 καὶ
660 865 823 930 κοινῇ
842 860 933 913 καὶ
954 861 1091 931 ἰδίᾳ·
1113 856 1249 913 ὅταν
1272 860 1331 913 δὲ
1348 864 1609 930 χρῆσθαι,
1627 856 1662 930 ἡ
1684 856 1791 930 ἄμ-

107 941 470 1012 πελουργική;
499 945 775 995 Φαίνεται.
833 940 1036 1011 Φήσεις
1059 939 1118 995 δὲ
1146 941 1238 995 καὶ
1266 937 1472 995 ἀσπίδα
1497 941 1590 995 καὶ
1610 940 1792 1009 λύραν

108 1022 247 1079 ὅταν
274 1025 373 1095 δέῃ
403 1021 706 1092 φυλάττειν
734 1022 826 1076 καὶ
855 1022 1029 1092 μηδὲν
1058 1027 1327 1091 χρῆσθαι,
1362 1020 1632 1092 χρήσιμον
1652 1020 1793 1076 εἷναι

106 1103 211 1175 τὴν
245 1101 633 1173 δικαιοσύνην,
673 1101 809 1158 ὅταν
839 1102 899 1159 δὲ
932 1110 1200 1174 χρῆσθαι,
1246 1101 1350 1174 τὴν
1378 1102 1665 1173 ὁπλιτικὴν
1700 1105 1793 1158 καὶ

106 1183 212 1256 τὴν
229 1182 530 1254 μουσικήν;
547 1180 800 1253 Ἀνάγκη.
858 1185 970 1238 Καὶ
994 1184 1120 1253 περὶ
1148 1177 1320 1238 τᾶλλα
1349 1182 1415 1254 δὴ
1444 1181 1677 1254 πάνταὴ
1706 1187 1791 1238 δι·-

106 1264 377 1336 καιοσύνη
399 1264 637 1321 εκάστου
656 1267 717 1320 ἐν
732 1265 834 1335 μὲν
851 1265 1042 1336 χρήσει
1060 1264 1346 1336 ἄχρηστος,
1368 1266 1430 1319 ἐν
1450 1264 1509 1320 δὲ
1527 1263 1792 1337 ἀχρηστίᾳ

109 1347 392 1418 χρήσιμοςς
417 1344 766 1402 Κινδυνεύει.

249 1431 379 1482 vm
421 1423 541 1483 Οὐκ
569 1422 640 1482 ἄν
659 1420 789 1496 οὖν,
814 1450 855 1482 ω
878 1432 1030 1498 φίλε,
1053 1427 1203 1482 πάνυ
1223 1429 1289 1496 γέ
1308 1448 1359 1481 τι
1379 1429 1687 1482 σπουδαῖον
1708 1434 1789 1498 εἴη
1812 1435 1848 1475 E

106 1509 140 1583 ἡ
162 1511 515 1580 δικαιοσύνη,
541 1513 591 1564 εἰ
605 1506 746 1579 πρὸς
768 1531 835 1564 τα
856 1507 1099 1580 ἄχρηστα
1127 1508 1398 1580 χρήσιμον
1421 1504 1490 1563 &v
1517 1506 1790 1578 τυγχάνει.

106 1592 233 1648 τόδε
255 1591 314 1647 δὲ
339 1590 693 1661 σκεψώμεθα.
732 1591 827 1662 ἄρ’
848 1590 951 1661 οὐχ
971 1590 1000 1646 ὁ
1023 1591 1256 1657 πατάξαι
1276 1590 1587 1654 δεινότατος
1606 1591 1667 1645 έν
1685 1589 1793 1661 μά-

108 1697 175 1747 χῃ
194 1682 300 1730 εἴτε
323 1680 562 1744 πυκτικῇ
585 1680 693 1728 εἶτε
716 1675 821 1729 τινὶ
838 1676 929 1729 καὶ
943 1673 1098 1746 ἄλλῃ,
1121 1667 1284 1738 οὗτος
1303 1675 1395 1729 καὶ
1406 1671 1791 1744 φυλάξασθαι;

109 1756 275 1811 Πάνυ
305 1777 384 1825 γε.
422 1749 541 1824 Αρ’
574 1777 680 1809 ουν
702 1757 793 1810 καὶ
819 1755 991 1810 νόσον
1020 1754 1171 1820 ὅστις
1202 1756 1382 1819 δεινὸς
1413 1753 1790 1826 φυλάξασθαι,

107 1841 198 1894 καὶ
242 1844 442 1893 λαθεῖν
476 1828 640 1900 οὗτος
675 1837 987 1901 δεινότατος
1014 1839 1329 1908 ἐμποιῆσαι;
1356 1835 1589 1906 ’Ἑμοιγε
1623 1841 1789 1893 δοκεῖ.

104 1917 261 1974 Ἀλλά
281 1916 394 1989 μὴν
419 1920 795 1987 στρατοπέδου
814 1939 875 1987 γε
897 1916 926 1972 ὁ
953 1917 1119 1983 αὐτὸς
1136 1917 1316 1987 φύλαξ
1340 1915 1582 1986 ἀγαθός,
1615 1915 1788 1987 ὅσπερ
1819 1931 1906 1978 334

108 1997 285 2055 καὶτὰ
317 2005 430 2053 τῶν
450 2004 730 2068 πολεμίων
749 2000 947 2064 κλέψαι
969 2003 1059 2055 καὶ
1088 1998 1440 2071 βουλεύματα
1459 1997 1664 2063 καὶτὰς
1688 1996 1790 2054 ἄλ-

106 2088 205 2146 λας
229 2078 464 2150 πράξεις.
517 2078 683 2134 Πάνυ
702 2101 778 2150 γε.
797 2079 967 2136 Ὅτου
990 2103 1070 2145 τις
1096 2080 1204 2150 ἄρα
1225 2079 1404 2145 δεινὸς
1422 2080 1631 2151 φύλαξ,
1657 2079 1789 2135 τού-

105 2183 207 2218 του
225 2163 318 2218 καὶ
339 2160 465 2232 φὼρ
496 2163 692 2227 δεινός.
726 2162 959 2219 Ἔοικεν.
1003 2168 1077 2219 Ec
1102 2162 1210 2233 ἄρα
1233 2163 1263 2219 ὁ
1285 2166 1491 2227 δίκαιος
1519 2160 1790 2233 ἀργύριον

107 2243 286 2310 δεινὸς
304 2244 607 2315 φυλάττειν
620 2286 635 2313 ,
666 2247 759 2301 καὶ
781 2247 1034 2301 κλέπτειν
1055 2245 1247 2310 δεινός.
1281 2242 1374 2309 Ὡς
1393 2251 1535 2315 γοῦν
1555 2241 1584 2299 ὁ
1603 2243 1786 2313 λόγος,

106 2331 240 2398 ἔφη,
279 2331 545 2397 σημαίνει.
601 2330 853 2398 Κλέπτης
883 2326 992 2398 ἄρα
1029 2350 1109 2391 τις
1147 2324 1175 2382 6
1217 2330 1451 2396 δίκαιος,
1488 2322 1562 2389 ὡς
1590 2328 1785 2393 ἔοικεν,

106 2405 517 2478 ἀναπέφανται·
548 2410 639 2463 καὶ
668 2407 1013 2473 κινδυνεύεις
1046 2405 1183 2479 παρ’
1205 2404 1448 2478 Ὁμήρου
1467 2409 1787 2477 μεμαθηκέ-

106 2511 198 2544 ναι
216 2487 368 2544 αὐτό.
407 2492 499 2544 καὶ
517 2488 625 2560 γὰρ
645 2492 852 2555 ἐκεῖνος
865 2490 965 2545 τὸν
982 2496 1084 2546 τοῦ
1101 2488 1403 2553 Ὀδυσσέως
1423 2486 1562 2555 πρὸς
1581 2484 1786 2557 μητρὸς

107 2570 336 2626 πάππον
372 2569 700 2626 Αὐτόλυκον
734 2570 922 2643 α’γαπᾷ
952 2593 1010 2627 τε
1050 2578 1145 2626 καί
1170 2588 1344 2641 φησιν
1372 2566 1545 2623 αὐτὸν
1576 2566 1787 2636 πάντας
1806 2581 1841 2626 Β

105 2651 445 2722 ἀνθρώπους
462 2651 734 2707 κεκάσθαι
754 2654 1099 2724 κλεπτοσύνῃ
1118 2651 1180 2708 θ’
1204 2651 1353 2725 ὅρκῳ
1374 2671 1445 2707 τε.
1484 2653 1664 2706 ἔοικεν
1679 2643 1787 2706 οὖν

103 2732 138 2804 ἡ
162 2733 488 2804 δικαιοσύνη
512 2735 603 2789 καὶ
634 2731 770 2789 κατὰ
802 2735 862 2788 σὲ
882 2737 971 2788 καὶ
990 2731 1125 2789 καθ’
1141 2732 1390 2804 Ὅμηρον
1411 2733 1501 2788 καὶ
1522 2729 1658 2787 κατὰ
1680 2737 1786 2787 Σι-

101 2819 351 2888 μωνίδην
380 2814 641 2886 κλεπτική
668 2838 748 2894 τις
781 2814 947 2886 εἶναι,
973 2814 1059 2871 ἐπ’
1083 2813 1320 2890 ὠφελείᾳ
1340 2817 1528 2886 μέντοι
1552 2820 1664 2870 τῶν
1690 2816 1784 2883 φί-
