1962 3236
225 173 330 226 400
484 145 490 147 ’
845 175 1317 222 ΠΛΑΤῼΝΟΣ
1843 183 1900 225 82

226 304 299 363 ἂν
329 305 514 364 ἕκαστ’
547 305 734 361 αὐτῶν
763 310 1094 376 προσπίπτῃ,
1126 310 1391 361 ποικίλλει
1415 308 1516 377 μὲν
1547 311 1663 379 εἴδη
1697 311 1901 363 δυσκο-

225 395 343 454 λίας
364 392 454 445 καὶ
473 393 786 458 δυσθυμίας
805 385 1147 455 παντοδαποί,
1170 392 1436 442 ποικίλλει
1458 388 1517 444 δὲ
1546 388 1869 460 θρασύτητό
1875 411 1900 452 ς

224 493 282 528 τε
312 473 402 526 καὶ
432 474 651 538 δειλίας,
685 471 761 523 ἔτι
799 468 857 524 δὲ
887 467 1064 538 λήθης
1097 465 1209 538 ἅμα
1240 470 1330 523 καὶ
1368 473 1719 539 δυσμαθείας.
1767 470 1903 540 πρὸς

227 551 285 606 δε
313 550 543 620 τούτοις,
569 548 705 604 ὅταν
737 548 883 604 οὕτω
916 555 1097 614 κακῶς
1126 551 1412 619 παγέντων
1450 559 1713 606 πολιτεῖαι
1741 552 1903 605 κακαὶ
1951 551 1954 553 ’

163 649 193 688 Β
223 634 314 687 καὶ
334 630 490 701 λόγοι
507 631 644 686 κατὰ
675 631 859 695 πόλεις
892 634 1003 703 ἰδίᾳ
1031 652 1089 685 τε
1118 633 1208 685 καὶ
1241 634 1475 705 δημοσίᾳ
1505 637 1794 701 λεχθωσιν,
1827 635 1904 685 ε”τι

227 712 284 766 δὲ
302 711 600 782 μαθήματα
619 715 840 783 μηδαμῇ
859 711 1074 766 τούτων
1092 712 1268 766 ίατικοὶ
1292 713 1349 765 ἐκ
1372 713 1513 766 νέων
1528 711 1900 782 μανθάνηται,

224 793 396 865 ταύτῃ
417 796 576 848 κακοὶ
595 794 796 858 πάντες
817 798 874 848 015
897 795 1056 848 κακοὶ
1078 791 1167 847 διὰ
1188 792 1289 847 δύο
1314 792 1690 847 ἁκουσιεότατα
1711 793 1902 863 γιγνό-

224 883 370 944 μεθα
387 897 397 907 ·
419 868 498 929 ὦν
520 879 787 930 αἰτιατέον
806 875 907 944 μὲν
926 873 1055 938 τοὺς
1069 874 1412 943 φυτεύοντας
1431 873 1514 928 ἀεὶ
1532 880 1644 928 τῶν
1663 895 1902 943 φυτευο-
1933 894 1937 897 ·

225 957 409 1026 μένων
429 963 641 1026 μᾶλλον
662 955 897 1019 καὶτοὺς
918 960 1219 1027 τρέφοντας
1235 962 1348 1010 τῶν
1366 957 1741 1024 τρεφομένων,
1763 974 1902 1024 προ-

224 1039 507 1106 θυμητέον
537 1035 664 1106 μήν,
697 1035 804 1108 ὅπῃ
835 1059 914 1100 τις
944 1036 1194 1106 δύναται,
1226 1039 1317 1092 καὶ
1350 1034 1439 1091 διὰ
1467 1041 1676 1107 τροφῆς
1706 1037 1797 1090 καὶ
1829 1032 1899 1089 δι’

224 1117 671 1199 ἐπιτηδευματων
700 1117 1046 1188 μαθηματων
1076 1139 1134 1172 τε
1163 1129 1364 1188 φυγεῖν
1394 1141 1494 1188 μεν
1523 1121 1741 1186 κακίαν,
1773 1113 1904 1171 τού-

224 1204 451 1254 ναντίον
472 1201 531 1254 δὲ
554 1201 708 1254 ἑλεῖν.
746 1205 918 1254 ταῦτα
939 1222 1059 1271 μεν
1061 1194 1166 1253 οὖν
1187 1197 1252 1269 δὴ
1283 1199 1485 1269 τρόπος
1514 1197 1678 1263 ἄλλος
1707 1197 1903 1268 λόγων.

165 1297 195 1337 C
367 1285 510 1335 XLII
557 1281 630 1335 Τὸ
655 1281 714 1335 δὲ
737 1279 950 1335 τούτων
970 1278 1338 1350 αντίστροφον
1352 1284 1442 1350 αὐ,
1456 1278 1516 1334 τὸ
1537 1281 1659 1349 περὶ
1677 1300 1774 1343 τας
1793 1301 1905 1334 των

225 1379 493 1432 σωματων
510 1363 601 1416 καὶ
634 1360 973 1431 διανοήσεων
993 1367 1293 1431 θεραπείας
1323 1357 1406 1425 αἷς
1438 1366 1630 1424 αἰτίαις
1662 1361 1902 1428 σώζεται,

224 1445 390 1498 πάλιν
411 1440 555 1505 εἰκὸς
586 1443 675 1495 καὶ
705 1443 919 1511 πρέπον
948 1439 1385 1496 ἀνταποδοῦναι·
1427 1442 1770 1512 δικαιότερον
1797 1441 1904 1510 γὰρ
1955 1459 1962 1464 ·

222 1530 335 1578 τῶν
361 1520 594 1592 ἀγαθῶν
613 1524 737 1592 πέρι
755 1528 965 1591 μᾶλλον
984 1519 1019 1591 ἦ
1039 1529 1151 1576 τῶν
1170 1528 1360 1577 κακῶν
1379 1531 1550 1592 ἴσχειν
1571 1523 1756 1592 λόγον.
1794 1528 1905 1576 πᾶν

226 1606 291 1676 δὴ
312 1607 372 1662 τὸ
395 1602 613 1674 ἀγαθὸν
633 1604 823 1674 καλόν,
853 1602 914 1660 τὸ
938 1605 996 1660 δὲ
1015 1603 1188 1659 καλὸν
1209 1602 1312 1660 οὐκ
1344 1604 1604 1675 ἄμετρον·
1643 1606 1732 1660 καὶ
1764 1608 1904 1670 ζῶον

225 1681 329 1743 οὖν
354 1686 415 1741 τὸ
437 1692 691 1741 τοιοῦτον
702 1686 969 1756 ἐσόμενον
990 1686 1299 1757 ξύμμετρον
1319 1690 1540 1741 θετέον·
1563 1691 1906 1756 ξυμμετριῶν

226 1768 283 1824 δὲ
311 1769 378 1823 τὰ
409 1771 509 1839 μὲν
548 1767 749 1838 σμικρὰ
778 1769 1232 1838 διαισθανόμενοι
1271 1768 1715 1838 ξυλλογιζόμεθα,
1749 1767 1816 1822 τὰ
1847 1768 1906 1823 δὲ

224 1849 535 1919 κυριώτατα
553 1851 643 1904 καὶ
664 1850 887 1919 μέγιστα
908 1849 1207 1918 ἀλογίστως
1237 1854 1443 1919 ἔχομεν.
1482 1847 1619 1919 πρὸς
1646 1871 1751 1917 γαρ
1782 1846 1906 1918 ὑγι-

162 1950 196 1989 D
228 1938 338 1996 είας
357 1933 448 1986 καὶ
466 1929 669 1994 νόσους
696 1929 892 2000 ἀρετ-ας
921 1951 978 1985 τε
1010 1933 1101 1985 καὶ
1127 1935 1319 1994 κακίας
1351 1928 1578 2001 οὐδεμία
1611 1934 1905 2028 ξυμμετρία

226 2035 316 2068 και
329 2016 555 2083 αμετρια
580 2008 829 2082 μείζων
803 2010 839 2082 η’
864 2018 1041 2081 ψυχῆς
1070 2011 1238 2082 αὐτῆς
1266 2011 1404 2083 πρὸς
1435 2019 1590 2082 σῶμα
1623 2009 1785 2064 αυτό·
1825 2031 1906 2063 ων

228 2093 391 2150 οὐδεν
411 2101 731 2164 σκοποῦμεν
751 2092 875 2148 οὐδ’
904 2095 1226 2164 ἐννοοῦμεν,
1248 2092 1333 2148 ότι
1351 2091 1533 2162 ψυχὴν
1553 2089 1783 2161 ἰσχυρὰν
1815 2112 1906 2144 και

227 2175 403 2244 πάντη
428 2174 670 2244 μεγαλην
690 2172 1092 2243 ασθενέστερον
1111 2174 1202 2227 καὶ
1222 2175 1447 2226 ἔλαττον
1468 2169 1648 2235 εἶδος
1628 2169 1762 2225 όταν
1785 2168 1902 2239 ὀχῇ,

226 2255 316 2308 καὶ
360 2252 496 2308 ὅταν
525 2275 597 2307 αυ
633 2251 961 2307 τούναντίον
997 2257 1351 2322 ξυμπαγῆτον
1388 2251 1585 2320 τούτω,
1629 2249 1696 2304 οὐ
1732 2249 1907 2304 καλὸν

226 2333 360 2389 όλον
378 2333 440 2389 τὸ
464 2337 628 2399 ζῶον·
666 2331 1014 2403 αξύμμετρον
1033 2331 1139 2402 γὰρ
1169 2344 1284 2397 ταῖς
1310 2338 1584 2402 μεγίσταις
1614 2329 1905 2402 ξυμμετρί-

228 2437 312 2479 αις
326 2437 338 2447 ·
375 2413 436 2469 τὸ
458 2416 517 2469 δὲ
538 2416 797 2477 ἐναντίως
821 2418 946 2484 ἔχον
965 2414 1191 2468 πάντων
1201 2412 1500 2483 θεαμάτων
1517 2419 1594 2486 τῷ
1616 2414 1904 2482 δυναμένῳ
1943 2437 1951 2440 ·

164 2510 197 2548 Ε
228 2501 487 2567 καθορᾷν
515 2495 811 2550 κάλλιστον
842 2496 934 2550 καὶ
970 2494 1392 2565 ἐρασμιώτατον.
1448 2489 1567 2549 οἷον
1597 2487 1700 2547 οὖν
1733 2490 1905 2562 ὑπερ-

228 2577 413 2640 σκελὲς
433 2572 468 2646 ἦ
486 2582 583 2630 καί
597 2598 719 2630 τινα
739 2578 929 2646 ἑτέραν
950 2572 1204 2645 ὑπέρεξιν
1230 2575 1469 2645 ἄμετρον
1488 2576 1665 2647 ἑαυτῷ
1680 2595 1730 2627 τι
1751 2578 1905 2641 σῶμα

228 2654 295 2712 ὂν
323 2655 435 2728 ἅμα
473 2655 575 2727 μὲν
600 2657 845 2727 αἰσχρόν,
880 2656 992 2727 ἅμα
1015 2655 1068 2711 δ’
1098 2659 1158 2711 ἐν
1185 2662 1250 2729 τῇ
1278 2660 1541 2728 κοινωνίᾳ
1567 2661 1682 2709 τῶν
1716 2653 1905 2707 πόνων

228 2736 465 2801 πολλοὺς
485 2737 586 2808 μὲν
605 2738 833 2807 κόπους,
855 2738 1033 2792 πολλοὶ
1054 2738 1110 2792 δὲ
1142 2737 1433 2808 σπάσματα
1462 2740 1550 2791 καὶ
1572 2735 1659 2790 διὰ
1678 2731 1778 2803 τὴν
1798 2753 1904 2787 πα-

229 2819 581 2889 ραφορότητα
604 2819 866 2889 πτώματα
887 2821 1124 2889 παρέχον
1139 2824 1354 2889 μυρίων
1374 2823 1560 2872 κακῶν
1580 2822 1755 2869 αἴτιον
1775 2815 1905 2869 ἑαυ-
