1962 3236
588 175 1076 224 ΠοΛΙΤΕΙΑΣ
1105 166 1166 238 β’.
1650 175 1718 227 63

37 311 352 384 νιμωτάτην
367 308 549 384 ἥκιστ’
570 307 646 365 ἄν
661 331 714 364 τι
729 312 941 374 ἔξωθεν
958 306 1143 373 πάθος
1165 308 1420 380 ταράξειέ
1433 329 1490 364 τε
1509 311 1601 365 καὶ
1619 308 1722 366 ἆλ-

38 393 347 459 λοιώσειενς
385 398 515 449 Ναί.
578 392 688 446 Καὶ
715 388 830 460 μήν
858 408 969 444 που
987 390 1082 444 καὶ
1107 387 1177 444 τά
1192 410 1256 459 γε
1275 388 1521 454 ξύνθετα
1538 389 1721 446 πάντα

40 476 213 546 σκεύη
231 496 290 530 τε
311 476 403 530 καὶ
420 471 834 543 οἰκοδομήματα
857 469 996 527 κατὰ
1017 468 1120 528 τὸν
1137 468 1313 527 αὐτὸν
1330 470 1530 542 λόγον,
1567 470 1635 527 τὰ
1656 468 1722 528 εὖ

39 558 369 627 εἰργασμένα
395 557 488 611 καὶ
516 547 582 610 εὖ
608 557 802 624 ἔχοντα
833 550 943 609 ὑπὸ
975 553 1186 625 χρόνον
1213 574 1272 608 τε
1292 555 1516 610 καὶτῶν
1535 554 1722 611 ἄλλων

37 638 385 710 παθημάτων
400 635 599 708 ἥκιστα
616 634 951 691 ἀλλοιοῦται.
998 635 1145 691 ’Ἐστι
1164 633 1232 707 δὴ
1256 640 1447 692 ταῦτα.
1502 642 1630 692 Πᾶν
1653 635 1720 709 δὴ

37 719 98 777 τό
130 725 312 784 καλῶς
339 724 468 790 ἔχον
494 715 532 789 ἦ
559 717 730 789 φύσει
757 713 794 788 ἢ
821 719 983 789 τέχνῃ
1008 713 1047 788 ἦ
1079 715 1412 789 ἀμφοτέροις
1430 721 1719 790 ἐλαχίστην
1748 729 1783 771 Β

34 798 348 873 μεταβολὴν
385 797 483 855 ὑπ’
524 798 701 855 ἄλλον
737 801 1026 870 ἐνδέχεται.
1060 797 1297 855 ”Εοικεν.
1346 797 1508 856 ’Anac
1545 798 1659 872 μὴν
1688 797 1718 855 ὃ

35 883 170 948 θεός
198 905 258 953 γε
287 885 381 938 καὶ
406 880 475 938 τὰ
503 889 608 937 τοῦ
634 888 779 938 θεοῦ
806 881 986 954 πάντῃ
1005 879 1200 952 ἄριστα
1219 885 1342 952 ἔχει.
1397 886 1531 945 Παῖς
1551 878 1606 935 δ’
1626 879 1721 946 οὕς

40 964 227 1036 Ταύτῃ
264 965 367 1035 μὲν
396 961 463 1035 δὴ
494 962 692 1035 ἥκιστα
725 961 798 1018 ἂν
828 963 1035 1029 πολλὰς
1062 960 1283 1035 μορφὰς
1314 970 1459 1034 ἴσχοι
1499 961 1528 1019 ὁ
1567 964 1717 1029 θεός.

18 1045 251 1101 ’Ἠκιστα
273 1049 424 1117 δῆτα.

175 1131 280 1182 XX.
333 1125 478 1181 Ἀλλ’
510 1120 618 1198 ἆρα
647 1122 817 1190 αὐτὸς
845 1122 1021 1181 αὑτὸν
1047 1125 1383 1198 μεταβάλλοι
1418 1122 1491 1182 ἄν
1510 1128 1604 1183 καὶ
1622 1127 1724 1182 ἆλ-

36 1218 203 1275 λοιοτ;
223 1214 443 1279 Δῆλον,
475 1211 609 1277 ἔφη,
645 1205 759 1277 ὅτι,
781 1214 933 1277 εἴπερ
953 1206 1286 1263 ἀλλοιοῦται.
1341 1208 1595 1279 Πότερον
1614 1203 1723 1265 οὖν

33 1291 121 1345 ἐπὶ
148 1286 209 1344 τὸ
240 1286 461 1359 βέλτιόν
478 1308 536 1342 τε
562 1287 656 1342 καὶ
673 1286 906 1343 κάλλιον
924 1288 1252 1359 μεταβάλλει
1273 1288 1477 1345 ἑαυτὸν
1492 1286 1532 1361 ἦ
1551 1292 1638 1347 ἐπὶ
1656 1290 1718 1347 τό

34 1383 220 1444 χεῖρον
237 1372 330 1427 καὶ
350 1369 413 1427 τὸ
433 1378 649 1442 αἴσχιον
667 1371 895 1435 ἑαυτοῦς
929 1370 1193 1443 Ἀνάγκη,
1232 1376 1339 1444 ἔφη
1354 1414 1369 1442 ,
1407 1374 1495 1429 ἐπὶ
1524 1372 1586 1429 τὸ
1607 1385 1721 1444 χεῖ-

38 1475 158 1525 ρον,
180 1460 332 1523 ειπερ
353 1450 675 1509 ἀλλοιοῦται
687 1474 700 1487 ·
739 1450 808 1509 οὐ
826 1452 934 1524 γάρ
953 1472 1066 1508 που
1085 1455 1246 1509 ἐνδεᾶ
1264 1475 1329 1524 γε
1349 1452 1603 1525 φήσομεν
1621 1453 1722 1513 τὸν
1751 1472 1783 1515 C

34 1533 180 1592 θεὸν
199 1534 440 1599 κάλλους
455 1530 493 1605 ἦ
513 1532 711 1606 ἀρετῆς
730 1533 885 1590 εἶναι.
936 1532 1269 1607 Ὀρθότατα,
1300 1529 1374 1608 ἦν
1398 1533 1450 1591 δ’
1472 1538 1580 1607 ἐγώ
1590 1579 1605 1607 ,
1631 1540 1724 1594 λε’-

35 1639 171 1688 γεις·
203 1618 293 1673 καὶ
322 1615 503 1682 οὕτως
533 1620 753 1688 ἔχοντος
780 1620 936 1673 δοκεῖ
963 1616 1037 1672 ἄν
1065 1621 1146 1683 τίς
1165 1633 1280 1688 σοι,
1329 1611 1375 1674 ὦ
1390 1616 1722 1690 Ἀδείμαντε,

36 1698 181 1755 ἑκὼν
215 1695 388 1755 αὑτὸν
416 1703 579 1770 χείρω
609 1709 788 1755 ποιεῖν
815 1696 1038 1771 ὁπῃοῦν
1062 1695 1101 1771 ἦ
1129 1706 1284 1755 θεῶν
1301 1695 1338 1771 ἦ
1367 1698 1719 1771 ἀνθρώπωνς

29 1777 366 1851 Ἀδύνατον,
394 1784 517 1851 ἔφη.
563 1779 867 1836 Ἀδύνατον
887 1779 1025 1852 ἄρα,
1053 1784 1226 1853 ἔφην,
1255 1783 1348 1837 καὶ
1363 1789 1484 1857 θεῷ
1507 1785 1723 1839 ἐθέλειν

38 1859 213 1917 αὑτὸν
231 1858 515 1932 ἀλλοιοῦν,
531 1859 676 1932 ἀλλ’,
699 1860 772 1927 ὡς
791 1867 952 1932 ἔοικε,
974 1861 1264 1927 κάλλιστος
1282 1865 1374 1919 καὶ
1396 1862 1620 1934 ἄριστος
1641 1860 1723 1920 αἲν

36 1948 111 2008 εἰς
128 1942 190 1999 τό
213 1941 459 1999 δυνατὸν
477 1945 705 2008 ἕκαστος
733 1941 920 1999 αὐτῶν
941 1946 1093 2015 μένει
1121 1942 1205 2000 αἐὶ
1234 1942 1420 2010 ἁπλῶς
1449 1946 1511 2001 ἐν
1527 1951 1598 2018 τῇ
1616 1943 1723 2002 αὑ-

34 2030 137 2081 τοῦ
155 2031 364 2099 μορφῇ.
404 2024 651 2095 Ἅπασα,
672 2029 806 2096 ἔφη,
838 2023 1057 2097 ἀνάγκη
1084 2031 1267 2098 ἔμοιγε
1289 2030 1452 2083 δοκεῖ.
1507 2030 1722 2100 Μηδεὶς

34 2106 171 2179 ἄρα,
198 2099 272 2178 ἦν
290 2105 346 2163 δ’
366 2106 475 2178 ἐγώ
487 2150 502 2178 ,
536 2100 582 2162 ὦ
608 2105 794 2176 ἄριστε
808 2149 823 2177 ,
845 2109 1046 2176 λεγέτω
1066 2105 1198 2179 ἡμῖν
1215 2115 1329 2164 τῶν
1349 2115 1620 2181 ποιητῶν,
1644 2107 1716 2175 (ὃς

379 2189 505 2244 θεοὶ
524 2192 784 2253 ξείνοισιν
805 2188 1042 2254 ἐοικότες
1060 2188 1421 2246 ἀλλοδαποῖσι

176 2280 427 2326 παντοῖοι
442 2273 764 2336 τελέθοντες
783 2273 1172 2343 ἐπιστρωφῶσι
1196 2270 1406 2344 πόληας
1419 2294 1430 2305 ·

36 2353 172 2425 μηδὲ
198 2353 469 2424 Πρωτέως
497 2354 589 2409 καὶ
614 2354 839 2419 Θέτιδος
866 2357 1305 2421 καταψευδέσθω
1334 2358 1550 2427 μηδείς,
1588 2355 1720 2426 μηδ’

37 2438 99 2491 ἐν
127 2437 455 2507 τραγῳδίαις
483 2433 616 2507 μηδ’
654 2438 717 2491 ἐν
752 2446 867 2500 τοῖς
901 2434 1088 2502 ἄλλοις
1122 2436 1425 2509 ποιήμασιν
1457 2441 1719 2508 εἰσαγέτω

22 2515 203 2586 ’Ἡραν
220 2514 599 2588 ἠλλοιωμένην
617 2515 691 2582 ὥς
709 2520 915 2587 ἱέρειαν
939 2516 1276 2589 ἀγείρουσαν

172 2596 645 2669 ἸνάχουἈργείου
664 2606 918 2671 ποταμοῦ
935 2601 1126 2656 παισὶν
1143 2600 1439 2673 βιοδιόροις
1453 2618 1464 2629 ·

1755 2121 1791 2162 Ι)

36 2682 128 2737 καὶ
150 2678 291 2736 ἄλλα
311 2687 537 2737 τοιαῦτα
559 2677 733 2736 πολλὰ
754 2679 827 2752 μὴ
848 2678 981 2753 ἡμῖν
1010 2686 1437 2749 ψευδέσθωσαν·
1477 2677 1608 2754 μηδ’
1641 2675 1717 2736 αὖ
1751 2697 1783 2738 Β

34 2760 144 2819 ὑπὸ
175 2764 392 2819 τούτων
421 2761 865 2835 ἀναπειθόμεναι
899 2769 960 2820 αἱ
984 2765 1208 2836 μητέρες
1236 2762 1303 2820 τὰ
1333 2767 1523 2820 παιδία
1543 2765 1722 2820 ἐκδει-

35 2845 389 2918 ματούντων,
428 2851 688 2917 λέγουσαι
714 2847 845 2913 τοὺς
872 2846 1095 2919 μύθους
1113 2852 1322 2918 κακῶς,
1368 2844 1442 2912 ὥς
1464 2844 1574 2918 ἄρα
1592 2850 1724 2903 θεοί
