1962 3236
204 157 308 209 452
909 160 1216 210 ΜΙΝΩΣ.
1805 171 1889 215 134

343 283 474 348 XIII.
504 291 643 364 ’Ήδη
666 290 772 347 οὖν
801 294 891 348 καὶ
912 294 1035 362 περὶ
1057 299 1259 364 Μίνω,
1276 294 1349 360 ὡς
1379 294 1553 351 αὐτὸν
1571 296 1811 367 ’Όμηρός
1830 319 1888 352 τε
1960 315 1962 317 “

145 392 178 432 Β
208 375 300 430 καὶ
337 372 592 438 Ἡσίοδος
639 375 1054 444 ἐγκωμιάζουσι,
1096 375 1300 430 τούτου
1337 377 1501 431 ἕνεκα
1538 377 1752 447 φράσω,
1797 382 1886 433 ἵνα
1959 440 1962 444 ,

202 453 276 527 μὴ
297 455 600 526 ἅνθρωπος
618 452 699 510 οόν
717 454 1028 524 ἀνθρώπου
1049 461 1124 521 εἰς
1152 455 1270 527 ἥρω
1289 456 1427 522 Διὸς
1455 457 1580 514 υἱὸν
1601 460 1747 532 λόγῳ
1767 463 1887 525 ἐξα-

201 537 497 609 μαρτάνης.
535 536 774 608 Ὅμηρος
811 536 918 608 γὰρ
955 541 1078 607 περὶ
1107 539 1328 609 Κρήτης
1357 543 1551 609 λέγων,
1583 537 1667 596 ὅτι
1694 541 1887 596 πολλοὶ

204 617 500 689 ἅνθρωποι
524 620 585 673 ἐν
606 615 748 690 αὐτῇ
779 621 880 675 εἰσὶ
916 623 1008 675 καὶ
1037 622 1371 691 ἐνενήκοντα
1400 621 1616 692 πόληες,
1647 630 1772 692 τῇσι
1807 625 1883 692 δέ,

169 751 173 755 ,
204 703 391 770 φησίν,

480 786 568 848 ,ἔνι
587 782 820 847 Κνωσός
840 783 1046 854 μεγάλη
1067 783 1241 854 πόλις,
1265 789 1404 839 ἔνθα
1424 806 1480 839 τε
1499 791 1698 850 Μίνως

343 867 613 933 ἐννέωρος
637 870 913 936 βασίλευε,
942 862 1078 928 Διὸς
1096 866 1342 935 μεγάλου
1364 863 1632 937 ὀαριστής.

141 963 174 1006 c
202 947 352 1000 ἔστιν
383 945 489 999 οὐν
513 953 677 1001 τοῦτο
704 943 947 1016 Ὁμήρου
972 946 1247 1016 ἐγκώμιον
1278 951 1353 1010 εἰς
1382 953 1585 1002 Μίνων
1623 948 1710 1003 διὰ
1748 956 1886 1020 βρα-

201 1030 342 1096 χέων
374 1030 679 1098 εἰρημένον,
711 1025 831 1083 οἷον
869 1025 994 1082 οὐδ’
1035 1032 1110 1092 είς
1139 1028 1235 1082 ἕνα
1263 1035 1374 1082 τῶν
1404 1027 1605 1099 ἡρώων
1636 1033 1886 1101 ἐποίησεν

188 1106 444 1180 Ὅμηρος.
493 1107 576 1164 ὅτι
606 1111 708 1180 μὲν
737 1107 845 1180 γὰρ
875 1108 903 1164 ὁ
933 1107 1073 1173 Ζευς
1100 1110 1366 1180 σοφιστής
1395 1112 1507 1165 ἐστι
1536 1112 1626 1165 καὶ
1661 1109 1695 1181 ἡ
1726 1114 1886 1183 τέχνη

203 1189 344 1260 αὕτη
373 1190 623 1262 παγκάλῃ
648 1194 775 1260 ἐστί,
798 1198 1077 1261 πολλαχοῦ
1097 1195 1187 1245 καὶ
1218 1190 1419 1246 ἄλλοθι
1439 1196 1610 1262 δηλοῖ,
1634 1191 1772 1261 άταρ
1795 1197 1885 1248 καὶ

202 1274 464 1328 ἐνταῦθα.
504 1275 647 1342 λέγει
666 1274 774 1343 γὰρ
795 1272 892 1327 τὸν
926 1279 1125 1327 Μίνων
1156 1278 1555 1342 συγγίγνεσθαι
1584 1274 1756 1348 ἐνάτῳ
1780 1281 1886 1329 ἔτει

200 1361 279 1427 τῷ
296 1355 439 1409 Διὶ’
414 1376 473 1409 εν
492 1356 678 1424 λόγοις
698 1357 787 1409 καὶ
807 1361 1008 1426 φοιτᾷν
1030 1354 1549 1455 παιδευθησόμενον
1568 1376 1639 1418 ως
1660 1351 1769 1408 ὑπὸ
1788 1373 1886 1409 σο-

86 1445 94 1461 ”
134 1483 137 1487 ,
153 1443 405 1507 φιστοῦ
424 1434 583 1499 ὄντος
601 1442 703 1491 τοῦ
725 1436 876 1499 Διός.
917 1435 1001 1489 ότι
1021 1457 1126 1489 ουν
1145 1441 1308 1489 τοῦτο
1339 1436 1399 1490 τό
1430 1438 1592 1504 γέρας
1616 1433 1718 1491 οὐκ
1740 1441 1886 1491 ἔστιν

128 1549 136 1597 >⁵
202 1515 311 1572 ὅτω
342 1515 636 1587 ἀπένειμεν
659 1516 898 1588 Ὅμηρος
926 1539 1040 1571 των
1059 1515 1275 1587 ἡρωων,
1297 1514 1406 1570 ὑπὸ
1426 1515 1563 1581 Διὸς
1585 1522 1882 1572 πεπαιδεῦ-

132 1604 174 1662 'D
206 1607 357 1669 σθαι,
381 1597 528 1671 ἄλλῳ
551 1594 587 1669 ἦ
606 1605 791 1671 Μίνῳ,
822 1597 974 1652 τοῦτ’
1010 1602 1157 1652 ἔστιν
1178 1603 1400 1661 ἐπαινος
1418 1599 1755 1668 θαυμαστός
1796 1601 1885 1655 καὶ

195 1677 509 1743 Ὀδυσσείας
522 1681 584 1734 ἐν
600 1684 818 1755 Νεκυίᾳ
831 1679 1117 1745 δικάζοντα
1137 1686 1386 1749 χρυσοῦν
1399 1682 1681 1749 σκῆπτρον
1692 1684 1883 1749 ἔχοντα

201 1767 464 1833 πεποίηκε
485 1763 582 1816 τὸν
602 1766 823 1831 Μίνων,
847 1759 914 1817 οὐ
934 1761 1032 1816 τὸν
1056 1760 1445 1831 Ῥαδάμανθυν
1459 1782 1469 1792 ·
1495 1758 1884 1831 Ῥαδάμανθυν

201 1843 261 1899 δὲ
282 1842 406 1898 οὔτ’
427 1846 675 1899 ἐνταῦθα
707 1844 995 1910 δικάζοντα
1028 1848 1329 1914 πεποίηκεν
1358 1842 1487 1897 οὔτε
1517 1843 1885 1913 συγγιγνόμε-

201 1948 303 1981 νον
323 1932 401 1999 τῷ
419 1928 514 1981 Διὶ
546 1924 798 1996 οὐδαμοῦ
817 1949 827 1959 ·
867 1925 955 1980 διὰ
981 1925 1155 1980 ταῦτά
1181 1925 1320 1996 φημ’
1345 1926 1448 1994 ἐγώ
1482 1930 1687 1979 Μίνων
1705 1922 1885 1979 ἁπάν-

200 2030 312 2063 των
342 2008 577 2079 μάλιστα
606 2006 716 2063 ὑπὸ
745 2007 988 2078 Ὁμήρου
1018 2006 1472 2078 ἐγκεκωμιάσθαι.
1527 2005 1587 2061 τὸ
1615 2005 1721 2075 γάρ
1746 2004 1883 2069 Διὸς

200 2090 333 2147 ὄντα
353 2094 520 2145 παῖδα
540 2091 717 2160 μόνον
738 2089 847 2158 ὑπὸ
868 2090 1006 2154 Διὸς
1031 2093 1435 2144 πεπαιδεῦσθαι
1457 2085 1558 2142 οὐκ
1577 2091 1683 2157 ἔχει
1709 2084 1884 2157 ὑπερ-

200 2170 376 2244 βολὴν
397 2175 642 2227 ἐπαίνου.

339 2258 468 2309 XIV.
515 2260 690 2308 Τοῦτο
709 2251 815 2322 γὰρ
837 2256 1086 2323 σημαίνει
1105 2251 1162 2306 τό
1188 2257 1317 2314 ἔπος
1335 2249 1395 2304 τὸ

411 2338 681 2431 ἐννέωρος
700 2341 973 2405 βασίλευε,
995 2332 1131 2397 Διὸς
1150 2333 1395 2403 μεγάλου
1414 2330 1688 2435 ὀαριστής,

135 2437 170 2478 Ε
201 2414 614 2487 συνουσιαστὴν
642 2423 744 2471 τοῦ
763 2418 902 2480 Διὸς
934 2415 1073 2471 εἶναι
1101 2413 1202 2470 τὸν
1229 2418 1543 2469 Μίνων.οι
1574 2411 1682 2484 γὰρ
1725 2413 1884 2482 ὅαροι

201 2499 356 2568 λόγοι
396 2503 516 2569 εἰσί,
554 2500 644 2554 καὶ
682 2496 940 2568 ὀαριστής
977 2494 1379 2566 συνουσιαστής
1414 2498 1559 2550 ἐστιν
1590 2498 1651 2550 ἐν
1683 2493 1883 2564 λόγοις.

201 2584 394 2652 ἐφοίτα
427 2583 532 2636 οὐν
569 2580 643 2636 δι’
686 2581 884 2635 ἐνάτου
915 2585 1069 2644 ἔτους
1107 2583 1182 2644 εἰς
1215 2577 1274 2633 τὸ
1315 2583 1415 2633 τοῦ
1446 2575 1583 2641 Διὸς
1611 2575 1818 2647 ἄντρον
1854 2572 1883 2630 ὁ

202 2663 504 2732 Μίνως,τά
533 2686 633 2733 μεν
662 2662 1071 2734 μαθησόμενος,
1103 2683 1167 2715 τα
1200 2658 1260 2715 δε
1288 2658 1727 2729 ἀποδειξόμενος,
1758 2656 1793 2712 ἃ
1815 2663 1883 2728 τῇ

203 2749 442 2818 προτέρᾳ
463 2749 796 2815 ἐννεετηρίδι
825 2743 1162 2815 ἐμεμαθήκει
1194 2739 1341 2811 παρὰ
1373 2747 1472 2796 τοῦ
1501 2740 1652 2803 Διός,
1693 2740 1794 2793 εἰσὶ
1825 2739 1883 2793 δὲ

205 2832 260 2881 οἳ
284 2824 742 2897 ὑπολαμβάνουσι
776 2826 876 2880 τὸν
906 2822 1169 2896 ὀαριστὴν
1204 2824 1493 2892 συμπότην
1521 2824 1609 2875 καὶ
1641 2838 1883 2889 συμπαι-
