1962 3236
242 150 347 203 270
867 152 1339 201 ΠΛΑΤΩΝΟΣ

237 283 389 357 ορῶν
408 283 756 354 ἐκπλήττεται
775 282 884 339 ὑπὸ
911 289 1007 354 τῆς
1026 288 1137 338 τῶν
1165 305 1518 352 τυραννικῶν
1544 289 1910 358 προστάσεως,

235 364 307 435 ἢν
337 364 477 437 πρὸς
504 364 633 429 τοὺς
664 369 763 430 ε”ξω
794 368 1222 435 σχηματίζονται,
1253 362 1376 419 ἀλλ’
1409 368 1610 429 ικανεός
1641 370 1827 440 διορα;
1865 375 1914 424 εἰ

237 450 343 501 οὐν
361 452 578 516 οἰοίμην
598 451 713 501 δεῖν
734 447 946 501 ἐκείνου
965 445 1175 509 πάντας
1193 443 1337 516 ἡμας
1355 443 1598 516 ἀκούειν,
1618 454 1718 502 τοῦ
1739 451 1912 502 δυνα-

236 535 336 583 τοῦ
373 527 472 597 μὲν
506 539 706 628 κρῖναι,
745 525 1124 600 ξυνωκηκότος
1157 527 1215 582 δὲ
1243 529 1304 582 ἐν
1328 533 1404 599 τῷ
1434 524 1583 600 αὐτῷ
1615 530 1704 584 και
1733 548 1911 598 παρα-

236 608 527 677 γεγονότος
549 611 610 663 ἔν
632 629 689 662 τε
710 619 825 673 ταῖς
842 603 965 663 κατ’
999 612 1176 663 οἰκίαν
1204 607 1483 679 πράξεσιν,
1517 630 1588 672 ως
1616 606 1753 678 πρὸς
1782 609 1906 664 ἑκά-

182 709 213 748 Β
237 705 400 752 στους
418 687 546 753 τοὺς
567 693 837 753 οἰκείὀυς
816 693 939 759 ε’χει,
959 691 1019 744 ἐν
1038 684 1116 753 οἷς
1136 690 1367 759 μάλιστα
1387 687 1597 760 γυμνὸς
1618 685 1686 744 ἀν
1706 687 1909 759 ὀφθείη

235 776 330 839 τῆς
348 776 607 841 τραγικῆς
637 776 851 841 σκευῆς,
872 773 963 825 καὶ
983 774 1042 825 ἐν
1073 774 1144 824 αὐ
1165 782 1276 835 τοῖς
1305 775 1581 842 δημοσίοις
1610 771 1908 840 κινδύνοις,

238 852 327 906 καὶ
348 857 519 906 ταῦτα
541 852 719 906 πάντα
740 852 927 906 ἰδόντα
946 852 1265 922 κελεύοιμεν
1290 854 1645 922 ἐξαγγέλλειν,
1666 858 1781 917 πῶς
1802 857 1907 921 ἔχει

237 930 588 1002 εὐδαιμονίας
624 935 716 987 καὶ
752 932 1075 1003 ἀθλιότητος
1119 931 1146 987 ὁ
1184 933 1457 1004 τύραννος
1485 931 1622 1004 πρὸς
1650 932 1779 997 τούς
1807 932 1910 987 ἅλ-

234 1020 417 1113 λοΗυς;
427 1011 717 1079 Ὀρθότατ’
746 1011 834 1083 ἄν,
870 1017 992 1084 ἔφη,
1029 1014 1119 1068 καὶ
1152 1021 1323 1069 ταῦτα
1359 1022 1672 1086 προκαλοῖο.
1709 1013 1906 1069 Βούλει

237 1088 357 1165 οὖν,
379 1117 452 1165 ην
472 1093 522 1150 δ’
556 1096 680 1166 ἐγώ,
713 1097 1219 1200 προσποιησώμεθα
1245 1093 1398 1166 ἡμεῖς
1427 1095 1565 1151 εἶναι
1596 1101 1709 1150 τῶν
1737 1099 1905 1150 δυνα-

236 1198 347 1230 των
367 1171 439 1229 ἂν
457 1187 637 1246 κρῖναι
657 1178 748 1232 και
767 1176 917 1247 ᾔδη’
892 1178 1233 1247 εντυχόντων
1261 1177 1544 1247 τοιούτοις,
1577 1180 1670 1231 ἵνα
1701 1182 1906 1246 ἔχωμεν

238 1254 385 1321 ὅστις
405 1254 778 1326 ἀποκρινεῖται
793 1257 828 1312 ὁὶ
846 1262 1160 1328 ἐρωτωμεν;
1195 1258 1361 1312 Πάνυ
1379 1280 1454 1327 γε.

178 1371 206 1410 C
375 1344 432 1393 V.
454 1338 568 1394 Ἴθι
588 1338 655 1410 δή
674 1362 784 1410 μοι,
807 1344 962 1409 ἔφην,
989 1333 1093 1395 ωδε
1114 1340 1319 1395 σκόπει.
1341 1338 1443 1409 τὴν
1463 1337 1754 1408 ὁμοιότητα
1778 1336 1903 1392 ἀνα-

233 1419 671 1490 μιμνησκόμενος
686 1427 780 1491 τῆς
799 1442 854 1475 τε
875 1420 1084 1484 πόλεως
1111 1425 1199 1474 καὶ
1228 1425 1327 1474 τοῦ
1353 1418 1572 1488 ἀνδρός,
1595 1417 1740 1472 οὕτω
1768 1426 1882 1472 καθ

231 1501 465 1556 ἕκαστον
497 1505 555 1556 ἐν
597 1506 747 1573 μέρει
783 1503 996 1572 ἀθρῶν,
1034 1500 1097 1556 τοὶ
1132 1501 1430 1571 παθήματα
1470 1502 1727 1571 ἑκατέρου
1766 1502 1903 1568 λέγε.

237 1584 316 1638 Τὰ
335 1594 490 1649 ποῖα;
523 1587 642 1654 ἔφη.
683 1590 917 1654 Πρῶτον
946 1586 1062 1655 μέν,
1094 1577 1166 1654 ἦν
1197 1582 1246 1638 δ’
1273 1583 1397 1653 ἐγώ,
1431 1580 1501 1646 ὡς
1531 1582 1694 1637 πόλιν
1716 1587 1903 1644 εἰπεῖν,

234 1661 591 1735 ἐλευθέρανῆ
621 1666 829 1735 δούλην
854 1665 955 1736 τὴν
983 1669 1437 1735 τυραννουμένην
1467 1668 1632 1732 ἐρεῖς;
1663 1661 1753 1727 Ὡς
1782 1658 1865 1717 οἷό
1874 1685 1901 1715 ν

231 1744 300 1815 τ’,
321 1749 442 1816 ἔφη,
466 1745 698 1816 μάλιστα
723 1747 945 1818 δούλην.
971 1749 1076 1801 Καὶ
1102 1746 1211 1817 μὴν
1232 1745 1363 1818 ὁρᾷς
1381 1767 1441 1815 γε
1467 1748 1527 1801 ἐν
1548 1743 1688 1817 αὐτῇ
1705 1744 1905 1800 δεσπό-

234 1848 328 1890 τας
345 1829 434 1882 καὶ
459 1831 802 1898 ἐλευθέρους.
834 1826 993 1898 ‘Ope-5,
1028 1834 1150 1898 ἔφη,
1182 1827 1420 1896 σμικρόν
1446 1830 1511 1897 γε’
1536 1849 1586 1880 τι
1613 1832 1803 1880 τοῦτο·
1839 1825 1900 1879 τὸ

233 1910 290 1962 δὲ
317 1906 467 1973 ὅλον,
491 1907 562 1972 ὡς
583 1914 710 1973 ἔπος
736 1916 923 1977 εἰπεῖν,
946 1911 1005 1963 ἐν
1025 1907 1164 1979 αὐτῇ
1184 1911 1273 1962 καὶ
1296 1904 1356 1962 τὸ
1382 1909 1779 1962 ἐπιεικέστατον
1798 1905 1902 1961 ἀτί·

163 2012 195 2052 D
233 2010 346 2058 μως
365 2010 422 2043 τε
443 1989 531 2043 καὶ
557 1987 765 2053 ἀθλίως
788 1993 1006 2044 δοῦλον.
1045 1995 1116 2044 Εἰ
1132 1983 1254 2058 οὖν,
1276 1988 1448 2058 εἶπον,
1471 1987 1657 2058 ὅμοιος
1675 1986 1815 2057 ἀνὴρ
1838 1993 1901 2057 τῇ

233 2075 404 2137 πόλει,
425 2068 494 2123 οὐ
522 2072 611 2125 καὶ
635 2073 694 2124 ἐν
723 2074 911 2141 ἐκείνω
942 2069 1154 2139 ἀνάγκη
1178 2068 1278 2140 τὴν
1307 2068 1480 2138 αὐτὴν
1504 2068 1656 2133 τάξιν
1684 2071 1900 2133 ἐνεῖναι,

231 2152 322 2204 καὶ
345 2156 548 2220 πολλῆς
576 2173 677 2220 μεν
706 2155 955 2214 δουλείας
973 2173 1029 2205 τε
1057 2153 1147 2205 καὶ
1176 2148 1566 2220 ἀνελευθερίας
1593 2150 1779 2218 γέμειν
1803 2147 1902 2218 τὴν

230 2229 413 2299 ψυχὴν
439 2228 628 2302 αὐτοῦ,
660 2235 750 2286 καὶ
779 2238 950 2286 ταῦτα
971 2229 1135 2302 αὐτῆς
1168 2231 1232 2286 τὰ
1260 2234 1395 2302 μέρη
1429 2230 1732 2299 δουλεύειν,
1761 2229 1900 2297 α’περ

230 2315 303 2381 ἠν
339 2315 738 2384 ἐπιεικέστατα,
764 2313 998 2383 σμικρὸν
1036 2314 1094 2369 δε
1135 2314 1224 2368 καὶ
1257 2313 1317 2367 τὸ
1361 2313 1780 2383 μοχθηρότατον
1811 2315 1901 2367 καὶ

230 2393 612 2461 μανικώτατον
637 2393 944 2458 δεσπόζειν;
980 2392 1231 2464 Ἀνάγκη,
1262 2398 1382 2464 ἔφη.
1426 2399 1494 2448 Τί
1525 2387 1656 2460 οὖν;
1694 2395 1901 2463 δούλην

227 2469 263 2542 ἦ
292 2476 594 2545 ἐλευθέραν
621 2475 725 2545 τὴν
749 2475 1010 2546 τοιαύτην
1040 2475 1232 2546 φήσεις
1259 2475 1399 2531 εἶναι
1427 2473 1634 2546 ψυχήν;
1670 2475 1899 2544 Δούλην

231 2554 297 2624 δή
318 2575 428 2609 που
453 2559 635 2625 ἔγωγε.
678 2554 905 2612 Οὐκοῦν
926 2555 962 2627 ἤ
982 2579 1044 2627 γε
1062 2551 1134 2611 αὖ
1165 2557 1334 2627 δούλη
1363 2557 1454 2611 καὶ
1480 2557 1897 2624 τυραννουμένη

227 2636 386 2700 πόλις
403 2635 597 2707 ἥκιστα
630 2649 776 2692 ποιεῖ
800 2661 833 2693 α
862 2637 1142 2709 βούλεται;
1180 2639 1337 2693 Πολύ
1371 2659 1448 2707 γε.
1485 2638 1594 2691 Καὶ
1628 2634 1659 2705 ἡ
1691 2656 1897 2702 τυραν-

166 2740 198 2778 E
231 2721 473 2788 νουμένη
495 2716 602 2787 άρα
621 2718 766 2790 ψυχη
786 2718 980 2790 η’κιστα
1001 2721 1214 2791 ποιήσει
1245 2716 1280 2774 ὁὶ
1298 2717 1369 2774 ἄν
1389 2724 1661 2790 βουληθῇ,
1685 2738 1754 2779 ως
1774 2718 1896 2785 περι

228 2795 358 2867 όλης
384 2804 555 2854 εἰπεῖν
574 2807 774 2870 ψυχῆς·
811 2799 920 2857 ὑπὸ
944 2801 1002 2856 δε
1021 2811 1244 2870 οἰστρου
1275 2798 1356 2854 ἀεὶ
1387 2801 1645 2868 ἑλκομένη
1676 2802 1769 2869 βία
1797 2818 1872 2850 τα
