1962 3236
734 11 763 32 ω’
1034 31 1054 40 -

738 185 1128 231 PRAEFATIO.
1752 200 1833 231 xm

39 314 82 347 ut
115 307 253 360 ipsius
283 303 532 345 Schneideri
561 304 688 345 rerba
722 303 765 344 in
804 303 1058 344 contrariam
1087 309 1253 356 partem
1285 309 1470 355 vertam,
1509 314 1592 343 non
1626 303 1832 356 ineptum,

37 363 115 404 sed
139 364 269 404 multo
293 363 480 404 deterius
507 368 592 406 est:
625 359 728 401 mihi
756 368 868 401 certe
897 368 939 401 et
966 361 1106 413 ipsius
1137 359 1272 400 multit
1306 360 1419 401 dinis
1442 360 1676 401 dominatio
1707 361 1834 414 longe

37 423 284 475 expressius
313 419 544 475 significari
577 419 764 467 videtur,
803 418 841 458 si
875 417 1072 472 qzdcqm'd
1109 418 1191 458 sibi
1229 418 1482 470 obsequium
1514 420 1757 471 negaverit,
1793 422 1834 461 vi

36 479 214 531 adigere
254 479 434 522 dicitur.
475 485 516 516 et
547 476 767 526 sequentia
798 466 827 514 ὅ
854 487 901 515 τι
939 486 1026 525 περ
1064 463 1124 514 ἂν
1157 472 1292 528 σωθῇ
1331 487 1374 517 κ.
1402 487 1442 515 τ.
1473 474 1515 517 λ.
1560 475 1686 528 plane
1724 476 1835 520 lianc

38 538 244 577 rationem
278 534 551 582 conflrmant3
594 532 704 573 adde
742 546 781 576 c.
818 532 896 575 10:
931 528 1228 584 πάνσμικρον
1266 528 1346 572 καὶ
1377 525 1526 586 βραχὺ
1557 525 1739 584 εὐφυές.
1777 556 1834 566 —-

36 594 82 636 P.
115 591 203 635 492
233 593 268 634 E
297 591 456 643 aliquid
489 590 676 643 negativi
712 590 767 630 ad
800 589 883 630 loci
923 591 1005 630 vim
1039 591 1187 632 deesse
1224 590 1347 630 docte
1384 590 1624 644 intelligens
1656 591 1834 647 Niigels·

35 651 212 692 bachius
243 649 421 692 Emend.
449 647 614 690 Platon.
639 659 681 701 p.
716 648 746 688 4
775 640 861 686 οὔκ
891 648 1021 689 inseri
1050 649 1203 701 jussit,
1234 660 1318 699 quo
1344 655 1486 688 tamen
1517 647 1632 689 haud
1661 651 1748 690 scio
1781 663 1835 691 an

33 709 162 750 nimis
191 708 439 762 negationes
466 705 753 749 cumulemur:
780 704 962 758 praetuli
990 707 1122 759 igitur
1146 696 1255 745 ἄλλο
1283 698 1335 757 ἥ,
1369 707 1485 758 quod
1515 715 1615 747 ante
1645 699 1835 748 ἀλλοῖον

35 765 162 807 facile
193 765 390 807 excidere
420 764 581 817 potnit,
616 763 696 803 nisi
728 764 854 803 etiarn
888 763 1056 815 longius
1085 763 1351 804 emendando
1386 764 1586 818 progredi
1616 771 1835 819 totumque

36 824 172 864 locum
204 824 267 863 sic
306 822 509 875 refingere
535 821 765 875 placuerit:
817 812 925 860 οὐδὲ
968 808 1055 860 οὖν
1091 815 1154 871 μὴ
1196 814 1385 873 γένηται
1430 812 1541 861 ἄλλο
1578 810 1609 873 ἢ
1649 812 1834 872 ὄνειδος

32 874 152 934 πρὸς
180 872 289 932 ἀρετ
310 874 377 929 ’νς
411 887 526 920 certe
544 868 671 931 ἦθος
701 886 742 919 et
770 871 896 925 εἶδος
924 877 1100 919 confusa
1126 877 1330 919 habemus
1363 879 1490 919 etiam
1523 891 1567 932 p.
1603 878 1689 921 497
1716 883 1760 924 Β.
1777 904 1836 912 -—

34 940 81 981 P.
115 936 202 980 493
234 939 267 980 B
372 931 499 983 ’στας
538 936 596 989 Η,
635 931 828 983 ἕκαστος
858 935 997 977 VBST
1027 949 1123 976 curn
1166 937 1283 976 libris
1319 936 1554 988 plerisque,
1598 938 1679 978 nisi
1719 939 1836 991 quod

36 997 121 1038 duo
151 985 208 1042 ἃς
238 988 319 1046 ἐφ’
351 987 586 1044 ἑκάστοις,
625 1006 735 1035 nnus
771 995 898 1035 Vind.
932 994 965 1034 E
1005 985 1082 1045 ἐφ’
1120 987 1194 1039 οἷς
1226 985 1437 1034 ἑκάστοτε
1476 996 1671 1047 praebet.
1720 997 1834 1048 quud

37 1054 156 1094 Astio
186 1066 354 1105 qnoque
385 1061 424 1094 et
453 1052 710 1093 Schneider-o
740 1052 923 1105 placuit;
958 1051 1059 1092 mihi
1085 1050 1221 1092 leuior
1245 1051 1410 1092 medela
1440 1060 1612 1104 praesto
1643 1066 1738 1095 esse
1771 1055 1833 1095 vi-

35 1112 238 1158 debatur,
279 1113 403 1163 cujus
442 1111 552 1151 idem
588 1123 764 1159 seusus,
799 1118 1009 1151 structura
1039 1116 1178 1150 autem
1217 1109 1380 1161 planior
1418 1117 1531 1150 esset
1561 1122 1697 1163 neque
1737 1125 1832 1154 cum

35 1172 128 1210 Ast.
161 1176 202 1209 et
230 1166 376 1208 Stalib.
411 1158 467 1213 ἃς
500 1176 596 1208 ante
627 1158 711 1218 ἐφ’
736 1161 810 1213 οἷς
843 1169 972 1208 inseri
1004 1166 1252 1219 postularet.
1281 1189 1335 1196 —
1371 1166 1417 1211 P.
1450 1166 1537 1209 493
1566 1167 1601 1208 D
1633 1161 1776 1210 αὐτοῦ
1803 1172 1833 1211 Ρ

31 1234 73 1268 et
101 1226 152 1266 V.
186 1218 331 1265 αὑτοῦ
369 1225 464 1265 BST
505 1235 542 1264 et
583 1224 867 1266 Schneiderus
899 1234 1066 1277 praeter
1105 1226 1427 1272 necessitatem,
1469 1238 1599 1276 quum
1639 1226 1834 1279 κυρίους

31 1283 207 1337 propius
235 1283 291 1325 ad
313 1277 422 1330 τοὺς
448 1275 647 1328 πολλοὺς
672 1295 798 1334 quam
832 1282 887 1322 ad
914 1274 998 1321 τὸν
1028 1279 1256 1321 ποιοῦντα
1283 1283 1496 1335 respiciat.
1613 1284 1657 1326 P.
1681 1284 1768 1326 494
1801 1287 1829 1325 Β

31 1335 198 1381 παισὶν
239 1341 269 1380 Η
304 1353 357 1382 ex
387 1341 497 1393 conj.
539 1340 591 1381 de
624 1339 765 1380 Geerii
796 1339 920 1380 diatr.
957 1340 997 1378 in
1039 1340 1155 1392 polit.
1194 1340 1296 1379 Plat.
1333 1341 1464 1392 princ.
1505 1352 1550 1392 p.
1588 1341 1670 1391 58,
1705 1343 1832 1383 stall-

31 1399 203 1440 baumio
243 1412 410 1449 quoque
450 1406 491 1439 et
521 1397 740 1439 Somuiero
781 1399 823 1437 iu
863 1397 973 1451 Atlg.
1009 1395 1234 1437 Schulzeit.
1272 1395 1408 1447 1832,
1439 1410 1483 1451 p.
1519 1397 1605 1439 783
1639 1401 1831 1451 probata,

30 1468 109 1510 pro
138 1453 302 1504 πᾶσιν,
334 1458 443 1509 quod
476 1455 542 1495 vel
569 1454 872 1496 Schneiderum
901 1456 1121 1495 retinuisse
1148 1457 1289 1498 miror.
1399 1455 1443 1495 P.
1470 1454 1558 1495 494
1587 1455 1622 1496 D
1648 1449 1834 1510 ἐξαρεῖν

32 1526 111 1568 pro
140 1504 364 1565 ἐξαίρειν,
394 1513 595 1567 Stephani
631 1514 942 1567 conjecturam.
973 1521 1138 1565 praeter
1164 1513 1270 1553 alios
1299 1512 1430 1552 libros
1456 1513 1546 1565 Jam
1577 1514 1701 1555 etiam
1732 1517 1828 1561 Par.

32 1570 278 1611 confirmare
317 1571 453 1625 praef.
494 1571 636 1612 Turic.
678 1579 875 1618 testatur;
920 1570 1071 1611 vellem
1114 1571 1239 1611 etiam
1274 1582 1318 1624 p.
1359 1569 1445 1611 496
1482 1573 1512 1610 Α
1555 1574 1832 1615 omissionem

32 1640 126 1671 voc.
158 1621 316 1680 ἄξιον,
356 1629 470 1680 quod
502 1630 845 1670 circumscribere
876 1636 989 1669 certe
1021 1642 1115 1669 cum
1151 1629 1241 1671 Ast.
1277 1635 1317 1668 et
1350 1628 1495 1668 stant).
1535 1630 1678 1670 nullus
1711 1632 1834 1672 dubi·

33 1686 139 1728 tavi:
172 1699 215 1740 p.
239 1685 325 1728 499
348 1687 380 1727 Β
400 1696 540 1727 autem
561 1689 650 1727 Par.
672 1695 710 1727 et
728 1686 1004 1740 plurimorum
1037 1687 1232 1727 codicum
1269 1686 1489 1726 lectionem
1522 1681 1748 1743 περιβάλῃ
1779 1701 1832 1730 ue

32 1746 256 1785 consensui
287 1744 456 1796 quidem
489 1746 695 1785 editorum
730 1745 880 1786 cedere
907 1756 1060 1796 passus
1088 1756 1206 1791 sum,
1235 1744 1389 1796 quibus
1421 1745 1528 1797 ipsis
1553 1747 1701 1787 dubito
1731 1759 1831 1788 num

32 1801 99 1840 sui
133 1802 248 1842 verbi
282 1795 528 1856 παραβάλῃ
566 1814 738 1855 prorsus
773 1803 988 1855 geminum
1019 1802 1258 1854 exemplum
1290 1809 1507 1854 suppetat:
1547 1805 1662 1855 quod
1697 1805 1834 1845 donec

34 1859 293 1906 inveniatur,
334 1859 538 1900 librorum
569 1859 721 1907 fidem,
763 1871 889 1912 quam
922 1860 987 1899 vel
1019 1858 1301 1899 Schneiderus
1333 1867 1573 1912 comparato
1607 1861 1703 1905 Eur.
1736 1863 1826 1905 Ion.

30 1915 117 1957 843
150 1916 290 1958 rntsit.
325 1918 575 1957 servandam
606 1918 722 1958 duxi.
753 1939 804 1946 —-
840 1916 883 1957 P.
911 1915 997 1957 499
1027 1918 1056 1955 Ρ.
1088 1908 1195 1955 ἀλλ’
1224 1914 1334 1956 οἵαν
1354 1917 1407 1967 V,
1439 1910 1632 1958 α’λλοιάν
1663 1918 1763 1960 BST
1790 1930 1832 1961 et.

28 1970 335 2015 Schneiderus.
370 1975 484 2025 quod
511 1975 588 2014 etsi
620 1974 714 2018 Par.
741 1986 909 2026 quoque
937 1974 1092 2015 habere
1118 1975 1318 2018 traditur.
1349 1981 1487 2015 tamen
1521 1984 1562 2016 ct
1593 1978 1732 2030 ipsum
1758 1978 1830 2018 ab·

29 2033 197 2083 ruptins
234 2030 411 2071 infertur
447 2040 486 2071 et
518 2043 566 2071 ea
598 2030 843 2072 difficultate
872 2032 1055 2072 laborat.
1098 2032 1210 2082 quod
1251 2032 1360 2071 idem
1391 2045 1490 2072 mox
1526 2045 1700 2086 prorsus
1732 2047 1831 2075 con-

27 2088 156 2128 trario
186 2100 312 2128 sensu
346 2099 594 2142 usurpatur:
627 2096 771 2130 nostra
803 2088 940 2133 lectio.
973 2090 1095 2141 cujus
1118 2102 1244 2140 quam
1275 2101 1407 2142 prona
1432 2091 1669 2144 corruptela
1692 2091 1831 2142 fuerit,

27 2154 180 2198 sponte
211 2154 350 2199 patet,
389 2146 742 2200 praecedentibus
787 2148 844 2187 ita
877 2149 1130 2201 opponitur,
1170 2154 1215 2187 ut
1247 2146 1440 2187 Socrates
1480 2148 1634 2201 vulgus
1667 2163 1749 2202 pro
1778 2163 1832 2191 ea

28 2204 174 2256 potius
214 2205 417 2244 sententia
451 2204 631 2255 judicari
665 2206 834 2255 jubeat,
872 2217 997 2256 quain
1033 2204 1203 2245 metiore
1235 2205 1425 2246 doctriua
1458 2214 1727 2260 accepturum
1761 2209 1829 2257 sit,

28 2249 145 2299 eiu&
171 2260 262 2301 scil.
294 2256 607 2313 λογιζόμενος.
636 2259 746 2302 οἵαν
776 2275 819 2306 κ.
844 2275 884 2303 τ.
918 2261 954 2302 λ.
1002 2262 1161 2303 Deinde
1193 2260 1489 2313 φιλομαθίας
1519 2276 1596 2317 pro
1632 2264 1830 2316 φιλομα-

25 2312 168 2363 θείας
200 2325 243 2357 ut
267 2318 360 2359 Ate.
396 2319 444 2360 Π.
480 2330 523 2372 p.
562 2320 657 2366 147.
694 2333 877 2373 moxque
909 2320 995 2362 500
1026 2322 1058 2360 Α
1091 2311 1285 2359 ἄλλ-θίαν
1316 2332 1364 2361 τε
1398 2333 1471 2374 pro
1502 2333 1601 2369 τοι,
1636 2324 1748 2374 quod
1780 2337 1831 2364 cx

29 2377 291 2428 antegressis
321 2377 363 2416 in
396 2377 664 2418 librariorum
694 2379 896 2419 memoria
924 2378 1113 2419 haesisse
1148 2379 1335 2427 violetur-3
1367 2391 1512 2420 verum
1544 2381 1585 2421 in
1612 2382 1831 2434 superiore

29 2430 214 2472 editione
234 2430 381 2478 Stant).
406 2434 697 2485 intellexerat,
731 2450 855 2503 quem
880 2444 1072 2477 constare
1094 2437 1174 2478 sibi
1209 2436 1393 2477 noluisse
1418 2438 1559 2478 miror.
1591 2460 1647 2467 —
1675 2440 1717 2479 Ρ.
1743 2438 1830 2479 500

30 2487 64 2529 Β
92 2480 254 2534 &rote
282 2490 357 2531 VB
385 2505 479 2532 cum
513 2492 658 2542 libris,
700 2495 861 2541 αυτοῖς
894 2494 957 2534 ST
988 2507 1083 2534 cum
1118 2493 1400 2537 Schneidero.
1444 2507 1568 2547 quem
1603 2504 1713 2537 recte
1737 2497 1826 2547 juni

31 2545 276 2586 Summem-
308 2545 335 2585 Ι.
360 2562 397 2588 c.
426 2561 466 2601 p.
493 2550 571 2590 781
600 2551 826 2595 refutavit:
861 2553 1145 2605 respiciuntur
1176 2554 1287 2593 enim
1308 2545 1360 2591 οἷ
1377 2551 1554 2592 πολλοί.
1580 2574 1638 2584 -
1671 2555 1714 2597 Ρ.
1745 2553 1822 2594 v‘³01

0 2622 1 2632 t
29 2605 67 2645 Α
100 2598 381 2655 διενέγκοιεν
408 2604 493 2647 BS.
525 2603 778 2660 διενεγκεῖν
797 2610 871 2649 V‘r
896 2619 935 2649 ct
956 2609 1236 2651 Schneiderus
1260 2623 1352 2650 cum
1383 2609 1501 2650 libris
1524 2619 1691 2663 praeter
1713 2611 1822 2654 Μυιι.

0 2658 62 2703 [Β
93 2670 130 2699 ct
168 2660 271 2700 Flor.
303 2661 338 2703 U
367 2664 581 2708 amnibus.
617 2677 697 2705 nou
730 2675 866 2707 tamen
897 2675 939 2706 ut
972 2667 1120 2708 horum
1153 2669 1445 2707 micturitatem
1474 2667 1690 2722 legitimae
1718 2681 1827 2709 stru·

0 2716 172 2761 flaturae
206 2719 466 2771 praeferam.
498 2734 603 2773 quae
639 2731 792 2763 rectam
820 2725 1048 2764 orationem
1083 2725 1134 2764 ad
1165 2724 1361 2777 obliquae
1390 2725 1710 2767 similitudinem
1738 2729 1827 2767 oxi·

68 2775 190 2816 imeri
225 2786 404 2819 rec-isat.
437 2801 491 2808 —-
522 2780 565 2819 Ρ.
602 2779 686 2821 502
718 2783 749 2820 Α
778 2775 823 2820 εἰ
845 2775 911 2833 μή
940 2793 983 2820 τι
1009 2775 1123 2822 ἀλλὰ
1155 2782 1184 2821 Η
1218 2795 1270 2823 ex
1305 2784 1404 2823 ‘tatii
1438 2785 1549 2835 conj.
1583 2796 1658 2837 pro
1691 2776 1827 2826 ἄλλοι

0 2830 86 2878 ιβῐ.
118 2844 162 2887 p.
195 2833 279 2876 509
312 2834 342 2875 C
374 2844 413 2877 et
446 2836 611 2882 Menon,
648 2851 689 2891 p.
724 2838 781 2880 86
815 2839 858 2879 E.
921 2839 1020 2880 item
1050 2853 1091 2893 p.
1130 2841 1214 2883 504
1252 2842 1287 2881 Α
1319 2832 1486 2888 ἄθλοις
1526 2854 1577 2883 ex
1610 2842 1827 2896 praeclara
