1962 3236
0 0 365 60 'fwtj'zjss'xgs’
407 0 514 42 *ss-*7
541 7 546 9 ·
571 0 596 30 2:
619 19 634 27 Α»
664 0 761 37 ’,τί
786 0 818 11 τ·
1002 3 1007 11 ’
1047 12 1050 17 -
1094 1 1099 7 ·
1138 30 1151 38 ,

80 120 155 209 η’
733 157 1116 206 ΤΙΜΑΙΟΣ
1659 151 1766 207 329

0 288 18 337 ἰ’
77 292 176 347 τὸν
196 292 284 348 ἐπὶ
302 290 399 357 τὰς
418 291 588 357 ἄλλας
604 292 811 363 νήσους
819 301 931 355 τοῖς
949 288 1072 347 τότε
1090 291 1334 360 ἐγίγνετο
1353 290 1767 360 πορευομένοις,

78 375 141 428 ἐκ
160 372 220 430 δὲ
238 379 353 429 τῶν
368 373 562 445 νήσων
579 376 667 430 ἐπὶ
685 371 791 445 τὴν
819 372 1158 442 καταντικρὺ
1191 377 1379 427 πᾶσαν
1405 368 1641 443 ἤπειρον
1667 367 1772 440 τὴν
1798 380 1859 426 25

18 448 21 450 ’
81 458 204 524 περὶ
240 453 343 510 τὸν
373 453 650 526 ἀληθινὸν
675 456 891 511 ἐκεῖνον
928 454 1155 512 πόντον.
1204 452 1333 509 τάδε
1366 454 1469 524 μὲν
1501 453 1627 523 γάρ,
1666 450 1771 507 ὅσα

0 579 14 605 ,,
81 533 236 601 ἐντὸς
271 541 376 591 τοῦ
407 536 679 607 στόματος
701 529 772 590 οὗ
803 538 1055 606 λέγομεν,
1090 539 1346 606 φαίνεται
1376 534 1544 607 λιμὴν
1573 531 1772 590 στενόν

0 611 6 670 ἶ
80 640 205 673 τινα
225 620 365 688 ἔχων
393 624 682 674 εἴσπλουν·
719 619 897 672 έκεῖνο
924 618 984 671 δὲ
1002 617 1239 686 πέλαγος
1259 614 1434 681 ὅντως
1452 615 1491 686 ἦ
1511 637 1570 672 τε
1588 616 1774 686 περιέ-

81 717 256 769 χουσα
294 698 430 755 αὐτὸ
470 706 542 770 γῆ
577 704 861 763 παντελῶς
898 697 1124 769 ἀληθῶς
1159 695 1421 768 ὀρθότατ’
1451 695 1525 753 ἀν
1559 700 1771 768 λέγοιτο

82 781 320 852 ἤπειρος.
356 783 419 835 ἐν
438 780 499 836 δὲ
520 780 587 851 δὴ
607 786 675 852 τῇ
691 777 992 835 Ἀτλαντίδι
1011 780 1165 853 νήσῳ
1186 780 1358 851 ταύτῃ
1387 778 1596 851 μεγάλη
1618 781 1772 835 συνέ-

81 880 182 934 στη
201 866 292 918 καὶ
309 862 606 933 θαυμαστὴ
637 862 872 933 δύναμις
891 867 1181 934 βασιλέων,
1202 867 1483 931 κρατοῦσα
1503 862 1604 933 μὲν
1627 859 1775 916 ἁπά-

84 962 183 1015 σης
210 951 305 1014 τῆς
334 945 530 1014 νήσου,
554 949 779 999 πολλῶν
811 944 871 999 δὲ
900 941 1087 998 ἄλλων
1111 943 1303 1013 νήσων
1338 946 1431 999 καὶ
1466 949 1654 1015 μερῶν
1681 947 1775 1012 τῆς

84 1024 342 1097 ἠπείρου·
374 1023 513 1095 πρὸς
533 1026 591 1082 δὲ
611 1025 828 1090 τούτοις
855 1029 934 1080 ἔτι
953 1032 1067 1080 τῶν
1095 1024 1251 1090 έντὸς
1276 1031 1406 1097 τῇδε
1437 1026 1653 1098 Λιβύης
1673 1025 1775 1095 μὲν
1806 1047 1845 1089 Β
1866 1060 1869 1061 ⁷

83 1104 258 1178 ἦρχον
277 1109 432 1176 μέχρι
455 1108 596 1175 πρὸς
615 1115 923 1177 Αἰγυπτον,
955 1114 1051 1178 τῆς
1070 1108 1130 1163 δὲ
1154 1105 1433 1180 Εὐρώπης
1450 1111 1607 1180 μέχρι
1627 1113 1778 1175 Τυρ-

86 1194 294 1260 ρηνίας.
334 1187 473 1258 αὕτη
495 1188 563 1259 δὴ
595 1195 744 1243 πᾶσα
774 1192 1251 1258 ξυναθροισθεῖσα
1282 1195 1359 1254 εἰς
1389 1186 1510 1261 ἓνὴ
1543 1189 1779 1260 δύναμις

84 1271 185 1327 τόν
214 1292 271 1325 τε
307 1267 437 1338 παρ’
477 1268 613 1340 ὑμῖν
649 1273 741 1326 καὶ
777 1270 879 1326 τὸν
918 1267 1051 1339 παρ’
1085 1267 1216 1341 ἡμῖν
1246 1272 1338 1327 καὶ
1369 1271 1468 1327 τὸν
1500 1272 1655 1336 ἐντὸς
1677 1277 1778 1327 τοῦ

87 1354 356 1423 στόματος
384 1352 567 1408 πάντα
595 1352 770 1408 τόπον
798 1360 896 1426 μιᾷ
924 1355 1057 1409 ποτὲ
1086 1356 1437 1425 ἐπεχείρησεν
1465 1353 1611 1425 ὁρμῇ
1642 1357 1778 1408 δου-

89 1441 347 1490 λοῦσθαι.
384 1435 507 1491 τότε
527 1429 635 1490 οὖν
655 1432 832 1505 ὑμῶν,
855 1428 900 1489 ὦ
930 1434 1150 1503 Σόλων,
1181 1441 1276 1504 τῆς
1295 1434 1510 1499 πόλεως
1537 1431 1571 1506 ἡ
1601 1434 1779 1490 δύνα-

88 1539 177 1587 μις
198 1521 272 1581 εἰς
293 1517 540 1582 ἅπαντας
562 1515 903 1585 ἀνθρώπους
933 1514 1211 1587 διαφανὴς
1235 1514 1404 1590 ἀρετῇ
1422 1538 1481 1572 τε
1510 1519 1603 1572 καὶ
1620 1515 1778 1589 ῥώμῃ

89 1599 302 1667 ἐγένετο
319 1620 329 1629 ·
368 1599 596 1654 πάντων
614 1598 721 1669 γὰρ
740 1606 1025 1667 προστᾶσα
1046 1596 1280 1670 εὐψυχίᾳ
1311 1600 1402 1652 καὶ
1421 1599 1635 1668 τέχναις
1654 1595 1781 1653 ὅσαι

90 1678 227 1735 κατὰ
262 1680 524 1751 πόλεμον,
559 1678 626 1736 τά
663 1681 765 1752 μὲν
801 1686 914 1735 τῶν
953 1679 1232 1751 Ἑλλήνων
1268 1677 1578 1751 ἡγουμένη,
1616 1679 1682 1735 τὰ
1723 1675 1775 1734 δ’
1811 1693 1851 1735 C·

91 1762 230 1835 αὐτή
253 1773 572 1835 μονωθεῖσα
605 1768 658 1832 ἐξ
678 1764 923 1837 ἀνάγκης
940 1772 1054 1821 τῶν
1082 1764 1267 1821 ἄλλων
1288 1762 1669 1835 ἀποστάντων,
1693 1764 1780 1820 ἐπὶ

90 1845 222 1911 τοῦς
242 1847 504 1917 ἐσχάτους
521 1846 833 1920 ἀφικομένη
863 1848 1181 1918 κινδύνους,
1209 1846 1528 1918 κρατήσασα
1547 1847 1650 1918 μὲν
1667 1852 1782 1903 τῶν

91 1931 364 1986 ἐπιόντων
394 1932 630 2001 τρόπαια
660 1938 869 2003 ἔστησε,
900 1933 1031 1997 τούς
1060 1934 1120 1987 δὲ
1147 1929 1308 2001 μήπω
1330 1930 1783 2000 δεδουλωμένους

92 2012 394 2067 διεκώλυσε
416 2016 793 2085 δουλωθῆναι,
809 2012 939 2078 τούς
960 2012 1011 2069 δ’
1033 2012 1256 2082 ἄλλους,
1272 2011 1394 2067 ὅσοι
1414 2016 1783 2082 κατοικοῦμεν

91 2092 248 2157 ἐντὸς
274 2091 426 2161 ὅρων
436 2092 795 2164 Ἡρακλείων,
816 2092 1091 2165 ἀφθόνως
1110 2092 1356 2159 ἅπαντας
1374 2092 1781 2165 ἠλευθέρωσεν.

94 2172 304 2246 ὑστέρω
327 2176 384 2230 δὲ
405 2178 589 2250 χρόνῳ
611 2183 856 2248 σεισμῶν
876 2180 1131 2243 ἐξαισίων
1153 2179 1243 2232 καὶ
1263 2180 1671 2246 κατακλυσμῶν
1690 2196 1785 2246 γε·-

93 2258 365 2326 νομένων,
396 2264 524 2326 μιᾶς
546 2257 754 2329 ἡμέρας
783 2261 875 2315 καὶ
911 2258 1114 2324 νυκτὸς
1151 2263 1389 2329 χαλεπῆς
1419 2258 1783 2329 ἐπελθούσης,

95 2339 157 2394 τό
187 2359 244 2393 τε
263 2335 399 2407 παρ’
425 2336 559 2409 ὑμῖν
584 2341 823 2412 μάχιμον
853 2349 967 2397 πᾶν
996 2340 1215 2410 ἀθρόον
1242 2345 1341 2397 ἔδυ
1361 2338 1500 2396 κατά
1522 2347 1640 2412 γῆς,
1671 2338 1710 2412 ἥ
1728 2361 1787 2395 τε
1815 2358 1854 2399 D

96 2420 364 2483 Ατλαντὶς
392 2427 561 2490 νῆσος
593 2419 860 2486 ώσαύτως
888 2420 1025 2477 κατὰ
1055 2427 1153 2492 τῆς
1175 2423 1455 2493 θαλάττης
1474 2425 1618 2477 δῦσα
1634 2420 1786 2493 ἠφα-

44 2504 54 2513 “
97 2507 291 2572 νίσθη·
328 2502 414 2556 διὸ
438 2504 530 2557 καὶ
554 2509 664 2558 νῦν
699 2502 916 2572 ἄπορον
942 2505 1034 2559 καὶ
1064 2501 1458 2574 ἀδιερεύνητον
1493 2506 1687 2573 γέγονε
1723 2502 1784 2559 τὸ

95 2586 212 2639 ἐκεῖ
225 2586 476 2654 πέλαγος,
497 2591 679 2655 πηλοῦ
698 2584 873 2655 κάρτα
892 2587 1124 2657 βραχέος
1152 2584 1412 2655 ἐμποδῶν
1444 2582 1622 2654 ὄντος,
1655 2581 1724 2641 ὃν
1751 2581 1786 2656 ἡ

99 2671 265 2736 νῆσος
284 2667 501 2736 ἱζομένη
522 2671 834 2737 παρέσχετο.

236 2749 316 2800 lv,
361 2746 439 2801 Τὰ
459 2747 561 2817 μὲν
591 2746 659 2818 δὴ
688 2750 951 2818 ῥηθέντα,
981 2741 1027 2803 ὦ
1062 2747 1373 2818 Σώκρατες,
1403 2744 1515 2803 ὑπὸ
1546 2768 1647 2803 του
1681 2767 1785 2803 πα-

98 2834 258 2884 λαιοῦ
276 2834 510 2897 Κριτίου
530 2827 651 2885 κατ’
669 2828 851 2900 ἀκοήν
866 2828 972 2900 τὴν
990 2829 1273 2899 Σόλωνος,
1297 2826 1371 2893 ὥς
1390 2828 1680 2899 συντόμως
1709 2834 1789 2886 εί-
1829 2836 1862 2877 Ε
