1962 3236
219 178 326 232 394
797 182 1277 230 ΠΛΑΤΩΝΟΣ
1840 189 1897 238 76

219 335 408 385 γνεται
427 313 642 385 νοτερά,
663 314 754 368 καὶ
774 317 963 383 κοῦφα
983 311 1050 383 δὴ
1070 314 1161 368 καὶ
1181 316 1371 384 βαρέα,
1391 316 1483 371 καὶ
1512 315 1691 381 πάσας
1719 315 1897 388 πάντη

220 393 525 467 μεταβολὰς
545 395 767 464 δέχεται.
804 393 988 464 μόνως
1005 389 1113 462 γὰρ
1134 393 1220 463 δή,
1251 396 1451 465 φαμέν,
1484 392 1689 452 ταύτὸν
1716 392 1899 470 ταύτῷ

220 475 358 532 κατὰ
378 474 546 531 ταύτὸ
567 475 658 531 καὶ
678 472 942 540 ὡσαύτως
969 477 1060 530 καὶ
1089 472 1196 530 άνόι
1227 475 1398 546 λόγον
1421 477 1901 548 προσγιγνόμενον

219 558 312 613 καὶ
331 554 775 628 άπογιγνόμενον
805 558 950 613 ἐάσει
978 553 1182 612 ταύτὸν
1205 555 1273 612 ὂν
1306 555 1458 631 αὐτῷ
1488 564 1604 613 σῶν
1631 559 1722 614 καὶ
1751 556 1902 629 ὑγιὲς

220 640 432 709 μένειν·
480 637 512 693 ὂ
547 635 602 692 δ’
642 633 714 692 ἂν
747 637 1106 710 πλημμελήσῃ
1140 659 1192 693 τι
1225 638 1442 694 τούτων
1472 637 1627 704 ἐκτὸς
1663 636 1831 695 ἀπιὸν
1866 635 1902 708 ἢ

221 718 471 790 προσιόν,
494 716 850 790 άλλοιότητας
881 725 1246 790 παμποικίλοις
1263 722 1354 776 καὶ
1382 720 1585 786 νόσους
1603 719 1828 791 φθοράς
1844 741 1902 775 τε

219 798 479 868 ἀπείρους
498 803 799 871 παρέξεται.
826 803 1101 873 δευτέρων
1118 800 1184 872 δὴ
1203 800 1519 867 ξυστάσεων
1538 795 1613 857 αὖ
1629 800 1766 857 κατα
1788 801 1903 871 φύ-

160 895 191 937 C
221 898 310 936 σιν
356 884 766 953 ξυνεστηκυιῶν
807 884 1036 953 δευτέρα
1083 883 1413 954 κατανόησις
1448 883 1779 954 νοσημάτων
1823 885 1902 955 τῷ

218 965 542 1036 βουλομένῳ
571 968 814 1033 γίγνεται
844 967 1157 1034 ξυννοῆσαι.
1214 964 1558 1034 μυελοῦγάρ
1592 967 1645 1029 ἐξ
1677 966 1903 1019 ἐκείνων

220 1039 391 1098 ὀστοῦ
411 1064 468 1097 τε
489 1044 579 1098 καὶ
610 1042 814 1114 σαρκὸς
843 1046 934 1099 καὶ
962 1044 1172 1115 νεύρου
1199 1047 1589 1115 ξυμπαγέντος,
1623 1047 1700 1099 ἔτι
1730 1063 1789 1098 τε
1817 1045 1904 1097 αἴ-

220 1146 388 1196 ματος
405 1123 579 1180 ἄλλον
596 1126 699 1196 μὲν
713 1124 940 1197 τρόπον,
962 1128 1022 1181 ἐκ
1042 1127 1101 1181 δὲ
1118 1132 1231 1181 τῶν
1251 1123 1439 1181 αὐτῶν
1457 1125 1768 1197 γεγονότος,
1790 1129 1903 1179 τῶν

221 1211 323 1278 μὲν
348 1206 534 1263 ἄλλων
570 1207 637 1262 τὰ
673 1214 899 1263 πλεῖστα
933 1201 1073 1280 ᾗπερ
1102 1206 1166 1262 τὰ
1199 1207 1469 1276 πρόσθεν,
1491 1205 1558 1261 τοὶ
1590 1209 1649 1261 δὲ
1676 1209 1902 1276 μέγιστα

220 1295 333 1344 τῶν
352 1288 681 1359 νοσημάτων
709 1292 838 1361 τῇδε
855 1289 1062 1359 χαλεπὰ
1083 1290 1488 1359 ξυμπέπτωκεν,
1521 1285 1656 1341 ὅταν
1684 1284 1896 1342 άνάπα-

222 1377 311 1425 λιν
327 1367 362 1440 ἡ
383 1372 595 1439 γένεσις
613 1368 828 1424 τούτων
846 1369 1165 1440 πορεύηται,
1178 1370 1302 1424 τότε
1319 1374 1491 1423 ταῦτα
1507 1371 1900 1438 διαφθείρεται.

222 1449 360 1506 κατὰ
381 1450 555 1521 φύσιν
573 1448 678 1520 γὰρ
699 1450 898 1519 σάρκες
910 1450 1010 1521 μὲν
1021 1450 1112 1505 καὶ
1133 1455 1306 1520 νεῦρα
1325 1451 1380 1514 ἐξ
1397 1451 1620 1518 αἵματος
1639 1453 1900 1518 γίγνεται,

155 1549 190 1589 D
221 1538 428 1602 νεῦρον
457 1533 558 1602 μὲν
595 1533 647 1597 ἐξ
679 1536 816 1587 ἰνῶν
846 1530 936 1586 διὰ
966 1530 1068 1603 τὴν
1101 1533 1438 1601 ξυγγένειαν,
1468 1529 1668 1600 σάρκες
1696 1527 1754 1583 δὲ
1793 1527 1900 1582 άπὸ

221 1618 320 1667 τοῦ
350 1616 635 1683 παγέντος,
666 1611 698 1667 ὂ
735 1611 1010 1683 πήγνυται
1037 1613 1407 1683 χωριζόμενον
1428 1616 1589 1667 ἰνῶν·
1629 1607 1690 1665 τὸ
1713 1610 1772 1665 δὲ
1791 1606 1898 1664 άπὸ

221 1698 334 1749 τῶν
353 1693 574 1765 νεύρων
594 1695 684 1748 καὶ
710 1700 935 1763 σαρκῶν
965 1691 1132 1749 ἀπιὸν
1157 1688 1230 1749 αὖ
1258 1699 1520 1765 γλίσχρον
1548 1694 1639 1747 καὶ
1667 1687 1902 1759 λιπαρὸν

221 1773 334 1845 ἅμα
369 1773 471 1845 μὲν
502 1773 603 1845 τὴν
641 1775 819 1845 σάρκα
854 1782 1027 1848 κολλᾷ
1065 1772 1203 1847 πρὸς
1236 1776 1338 1846 τὴν
1368 1780 1480 1830 τῶν
1510 1771 1689 1829 ὀστῶν
1727 1772 1903 1843 φύσιν

222 1853 358 1911 αύτό
378 1877 435 1911 τε
455 1855 517 1911 τὸ
545 1859 668 1926 περὶ
700 1855 800 1912 τὸν
827 1855 1038 1928 μυελὸν
1070 1855 1275 1912 ὀστοῦν
1303 1857 1511 1926 τρέφον
1547 1853 1714 1922 αὔξει,
1744 1851 1805 1907 τὸ
1847 1848 1899 1907 δ’

222 1929 297 1991 αὖ
321 1935 409 1991 διὰ
429 1934 534 2007 τὴν
552 1937 870 2009 πυκνότητα
888 1944 1002 1993 τῶν
1030 1935 1211 1994 ὀστῶν
1238 1938 1616 2009 διηθούμενον
1635 1932 1900 2004 καθαρῶ-

221 2038 387 2072 τατον
404 2018 564 2087 γένος
582 2024 696 2074 τῶν
709 2018 995 2090 τριγώνων
1015 2018 1297 2075 λειότατόν
1321 2039 1379 2073 τε
1397 2020 1488 2073 καὶ
1502 2014 1898 2086 λιπαρώτατον,

158 2109 192 2149 Ε
220 2098 546 2170 λειβόμενον
567 2097 672 2155 ἀπὸ
695 2106 807 2155 τῶν
827 2096 1009 2155 ὀστῶν
1027 2101 1117 2155 καὶ
1137 2099 1351 2168 στάζον,
1367 2098 1520 2166 ἄρδει
1550 2093 1649 2151 τὸν
1672 2093 1899 2166 μυελόν,

221 2181 313 2235 καὶ
339 2177 478 2234 κατὰ
506 2185 681 2234 ταῦτα
704 2182 806 2250 μὲν
824 2183 1169 2250 γιγνομένων
1189 2179 1435 2235 ἑκάστων
1465 2175 1642 2248 ὑγίεια
1672 2181 1901 2248 ξυμβαί-

222 2280 306 2315 νει
335 2258 399 2314 τὰ
431 2260 634 2315 πολλά·
669 2260 827 2315 νόσοι
858 2262 935 2330 δέ,
969 2260 1103 2316 ὅταν
1131 2263 1406 2323 ἐναντίως.
1444 2257 1577 2314 ὅταν
1601 2258 1706 2328 γὰρ
1735 2279 1898 2327 τηκο-

221 2345 357 2414 μένη
386 2342 522 2414 σὰρξ
554 2340 834 2398 ἀνάπαλιν
865 2347 940 2407 εἰς
966 2340 1065 2408 τοὶς
1094 2344 1300 2414 φλέβας
1330 2340 1432 2412 τὴν
1462 2341 1731 2412 τηκεδόνα
1770 2342 1898 2411 ἐξιῇ,

221 2424 342 2479 τότε
360 2423 495 2494 μετὰ
515 2423 825 2497 πνεύματος
846 2419 976 2494 αἷμα
991 2424 1136 2480 πολύ
1156 2445 1212 2479 τε
1225 2426 1314 2479 καὶ
1334 2422 1692 2479 παντοδαπὸν
1711 2424 1771 2477 ἐν
1787 2431 1901 2485 ταῖς

223 2506 391 2575 φλεψὶ
410 2505 658 2576 χρώμασι
685 2508 777 2562 καὶ
796 2506 1085 2577 πικρότησι
1104 2506 1547 2576 ποικιλλόμενον,
1569 2510 1646 2560 ἔτι
1671 2505 1730 2560 δὲ
1761 2502 1902 2569 ὀξεί-

222 2608 307 2651 αις
334 2588 424 2643 καὶ
457 2585 724 2659 ἁλμυραῐς
756 2588 1041 2659 δυνάμεσι,
1074 2586 1239 2658 χολὰς
1267 2590 1358 2643 καὶ
1386 2593 1584 2659 ἰχῶρας
1609 2586 1701 2642 καὶ
1732 2586 1902 2655 φλέγ-

221 2691 363 2738 ματα
381 2681 615 2725 παντοῖα
636 2678 774 2740 ἴσχει
787 2689 798 2700 ·
820 2675 1178 2738 παλιναίρετα
1198 2668 1305 2739 γὰρ
1329 2668 1508 2724 πάντα
1526 2666 1792 2738 γεγονότα
1811 2666 1902 2719 καὶ

223 2753 606 2822 διεφθαρμένα
625 2751 685 2806 τό
707 2772 766 2806 τε
785 2747 915 2822 αἷμα
936 2749 1070 2806 αὐτὸ
1098 2758 1322 2822 πρῶτον
1342 2751 1608 2817 διόλλυσι,
1636 2749 1725 2803 καὶ
1760 2742 1900 2799 αὐτὰ

137 2840 196 2886 83
224 2829 488 2902 οὐδεμίαν
505 2832 721 2904 τροφὴν
739 2838 816 2889 ἔτι
835 2840 913 2908 τῷ
931 2826 1140 2905 σῶματι
1160 2837 1468 2904 παρέχοντα
1487 2833 1708 2901 φέρεται
1720 2827 1899 2898 πάντη
