1962 3236
613 182 1103 233 ΠοΛΙΤΕΙΑΣ
1134 198 1194 244 γ.
1670 176 1738 228 81

53 318 328 375 Γλαύκων
356 319 708 388 ἐπιγελάσας,
751 313 886 386 Ἐγώ
923 318 1145 383 τοίνυν,
1186 316 1321 382 ἔφη,
1355 304 1399 367 ὦ
1428 308 1740 380 Σώκρατες,

55 400 368 456 κινδυνεύω
404 400 559 464 ἐκτὸς
591 405 706 455 τῶν
742 397 969 452 πάντων
1000 393 1156 450 εἶναι
1201 414 1414 449 ουκουν
1442 395 1644 456 ἱκανως
1680 413 1742 461 γε

55 486 159 551 ἔχω
178 484 240 536 ἐν
257 488 335 556 τῷ
348 482 583 552 παρόντι
605 480 999 549 ξυμβαλέσθαι,
1012 473 1172 531 ποῖ”’
1136 496 1270 531 αττα
1290 471 1419 530 δεῖ“
1391 480 1534 545 ημᾶς
1545 474 1743 542 λέγειν,

58 560 357 618 ὑποπτεύω
380 563 581 633 μέντοι.
654 560 892 623 Πάντως
922 559 1132 629 δήπου,
1170 551 1318 628 ἦνδ’
1346 554 1477 626 ἐγώ,
1516 561 1740 624 πρῶτον

57 646 160 713 μὲν
176 642 305 699 τόδε
324 646 527 706 ίκανως
551 646 689 711 ἔχεις
709 642 920 708 λέγειν,
948 638 1032 694 ὅτι
1058 639 1119 694 τὸ
1154 638 1315 709 μέλος
1344 639 1404 693 ἐκ
1439 657 1608 709 τριων
1636 637 1747 691 ἐστὶ
1781 647 1813 687 D

60 728 441 795 συγκείμενον,
464 722 636 792 λόγου
665 741 723 775 τε
751 721 842 774 καὶ
872 716 1140 789 ἁρμονίας
1165 721 1257 774 καὶ
1283 721 1527 790 ῥυθμοῦ.
1603 722 1745 787 Ναί,

56 810 190 876 ἔφη,
207 805 372 860 τοῦτό
390 825 468 874 γε.
522 800 751 858 Οὐκοῦν
773 799 910 856 ὅσον
930 821 992 871 γε
1013 799 1189 855 αὐτοῦ
1209 799 1374 869 λόγος
1393 802 1559 869 ἐστίν,
1582 798 1748 855 οὐδὲν

58 886 239 958 δήπου
271 888 518 956 διαφέρει
541 891 643 939 τοῦ
667 881 739 954 μὴ
765 879 1042 955 ᾀδομένου
1074 880 1248 950 λόγου
1267 881 1406 952 πρὸς
1442 879 1501 935 τὸ
1539 883 1600 935 ἐν
1634 892 1748 945 τοῖς

58 966 246 1032 αὐτοῖς
265 970 380 1022 δεῖν
397 964 593 1030 τύποις
609 966 868 1034 λέγεσθαι
889 959 968 1028 οἷς
996 961 1122 1062 ἄρτι
1153 965 1490 1034 προείπομεν
1519 963 1611 1016 καὶ
1646 957 1748 1025 ὦς-

57 1049 268 1115 αύτως;
304 1046 517 1118 Ἀληθῆ
521 1089 536 1116 ,
566 1051 688 1118 ἔφη.
737 1048 844 1102 Καὶ
863 1043 973 1116 μὴν
993 1044 1096 1116 τήν
1113 1066 1175 1114 γε
1195 1041 1469 1116 ἁρμονίαν
1489 1045 1579 1098 καὶ
1599 1044 1748 1114 ῥυθ-

58 1127 171 1201 μὸν
204 1127 543 1184 ἀκολουθεῖν
586 1132 673 1183 δεῖ
696 1134 773 1201 τῷ
791 1127 953 1201 λόγῳ.
1028 1132 1156 1191 Πῶς
1182 1124 1231 1181 δ’
1257 1125 1354 1193 ού;
1379 1122 1539 1180 Ἀλλά
1562 1124 1748 1195 μέντοι

58 1209 295 1281 θρήνων
323 1231 381 1264 τε
410 1212 503 1265 καὶ
530 1206 794 1279 ὀδυρμῶν
822 1213 1034 1278 ἔφαμεν
1070 1210 1130 1263 ἐν
1171 1205 1356 1277 λόγοις
1375 1202 1543 1262 οὐδὲν
1579 1225 1748 1278 προς-

60 1295 294 1347 δεῖσθαι.
371 1287 458 1345 Οὐ
478 1287 588 1361 γὰρ
606 1283 726 1344 οὖν.
807 1293 965 1353 Τίνες
983 1282 1088 1343 οὖν
1120 1287 1433 1359 θρηνώδεις
1460 1288 1747 1359 ἁρμονίαι;
1779 1300 1813 1342 Ε

60 1376 183 1443 λέγε
202 1393 296 1443 μοι
310 1394 320 1406 ·
357 1371 429 1427 σὺ
449 1369 557 1442 γὰρ
578 1370 855 1442 μουσικός.
919 1374 1310 1442 Μιξολυδιστί,
1332 1373 1438 1441 ἔφη
1453 1411 1467 1439 ,
1496 1371 1587 1425 καὶ
1607 1388 1748 1426 συν-

62 1453 409 1509 τονολυδιστὶ
445 1454 537 1508 καὶ
565 1457 818 1508 τοιαῦταί
842 1473 1001 1518 τινες.
1080 1449 1309 1508 Οὐκοῦν
1350 1447 1541 1522 αὗται,
1580 1444 1654 1523 ἦν
1690 1449 1741 1507 δ’

60 1535 168 1605 ἐγώ
181 1577 195 1604 ,
232 1532 549 1604 ἀφαιρετέαι
562 1556 573 1566 ·
596 1532 857 1605 ἄχρηστοι
875 1533 981 1605 γάρ
1001 1536 1092 1590 καὶ
1112 1537 1364 1604 γυναιξὶν
1383 1532 1448 1600 ἅς
1470 1537 1557 1589 δεῖ
1579 1535 1747 1588 ἐπιει-

62 1628 172 1681 κεῖς
190 1613 355 1683 εἶναι,
393 1613 466 1685 μὴ
488 1613 574 1669 ὅτι
590 1612 877 1685 ἀνδράσιν.
951 1614 1116 1671 Πάνυ
1133 1636 1211 1685 γε.
1281 1612 1442 1671 Ἀλλά
1463 1614 1574 1687 μὴν
1597 1616 1744 1686 μέθη

63 1719 126 1768 γε
145 1697 386 1767 φύλαξιν
406 1693 818 1767 ἀπρεπέστατον
847 1698 939 1753 καὶ
971 1702 1210 1767 μαλακία
1239 1699 1332 1753 καὶ
1361 1694 1542 1770 ἀργία.
1616 1703 1748 1761 Παῖς

61 1780 168 1850 γὰρ
188 1777 259 1834 οὔ
271 1802 284 1844 ;
330 1783 486 1843 Τίνες
503 1772 611 1834 οὖν
630 1783 875 1850 μαλακαί
885 1800 942 1834 τε
961 1780 1052 1834 καὶ
1071 1780 1401 1850 συμποτικαὶ
1434 1785 1549 1835 τῶν
1570 1776 1748 1850 ἁρμο-

62 1867 228 1926 νιῶν;
262 1858 447 1930 Ἰαστί,
486 1854 523 1931 ἦ
554 1859 606 1916 δ’
630 1858 720 1930 ὅς,
755 1863 847 1916 καὶ
878 1864 1115 1929 λυδιστί,
1165 1864 1365 1926 αἵτινες
1393 1862 1625 1932 χαλαραὶ
1643 1882 1746 1916 καθ

63 1948 306 1997 λοῦνται.
390 1940 627 2005 Ταύταις
645 1934 777 2011 οὖν,
813 1933 859 1996 ω’
877 1946 1031 2012 φίλε,
1064 1942 1150 1997 ἐπὶ
1179 1948 1494 2013 πολεμικῶν
1521 1939 1746 2015 ἀνδρῶν
1774 1956 1863 2003 399

59 2020 189 2080 ἔσθ’
220 2022 253 2079 ὅ
277 2044 330 2079 τι
356 2022 573 2094 χρήσει;
617 2021 921 2094 Οὐδαμῶς,
959 2027 1092 2095 ἔφη·
1131 2021 1270 2080 ἀλλὰ
1306 2024 1624 2080 κινδυνεύει
1660 2041 1747 2080 σοι

62 2106 283 2175 δωριστὶ
304 2108 593 2159 λείπεσθαι
622 2107 713 2160 καὶ
742 2110 1018 2175 φρυγιστί.
1098 2104 1217 2161 Οὐκ
1244 2104 1397 2176 οἶδα,
1431 2110 1574 2178 ἔφην
1608 2105 1745 2177 ἐγώ,

60 2206 159 2250 τας
177 2183 470 2256 ἁρμονίας,
507 2184 647 2243 ἀλλα
675 2186 968 2243 κατάλειπε
999 2189 1219 2259 ἐκείνην
1247 2189 1352 2260 τὴν
1372 2186 1672 2261 ἁρμονίαν,
1711 2186 1746 2261 ἢ

62 2270 124 2321 ἔν
143 2287 200 2322 τε
225 2273 490 2339 πολεμικῇ
510 2267 737 2339 πράξει
718 2268 877 2334 όντος
904 2266 1167 2341 ἀνδρείου
1196 2272 1288 2326 καὶ
1319 2274 1380 2326 ἐν
1410 2270 1559 2344 πάσῃ
1586 2275 1745 2343 βιαίῳ

62 2349 289 2421 ἐργασίᾳ
310 2347 630 2421 πρεπόντως
644 2372 715 2405 αν
732 2349 1024 2422 μιμήσαιτο
1040 2353 1332 2423 φθόγγους
1347 2373 1404 2408 τε
1416 2354 1507 2409 καὶ
1525 2370 1748 2426 προσῳ-

64 2433 210 2497 δίας,
246 2430 337 2484 καὶ
365 2427 764 2502 ἀποτυχόντος,
802 2428 839 2503 ἦ
869 2436 945 2497 εἰς
973 2432 1260 2504 τραύματα
1290 2430 1327 2505 ἢ
1357 2439 1433 2499 είς
1463 2433 1748 2499 θανάτους

64 2510 246 2574 ἰόντος
262 2505 298 2580 ἦ
316 2518 393 2575 εἰς
411 2532 533 2567 τινα
554 2510 729 2584 ἄλλην
748 2513 1041 2585 ξυμφορὰν
1062 2514 1328 2581 πεσόντος
1342 2557 1357 2584 ,
1378 2518 1439 2571 ἐν
1458 2522 1590 2571 πᾶσι
1610 2515 1744 2571 τού-
1777 2521 1807 2562 Β

63 2611 176 2655 τοις
195 2595 686 2663 παρατεταγμένως
705 2596 794 2649 καὶ
814 2596 1232 2666 καρτερούντως
1257 2594 1614 2668 ἀμυνομένου
1645 2595 1746 2669 τὴν

60 2671 259 2743 τύχην
283 2672 564 2744 καὶᾶλλην
585 2670 657 2729 αὖ
677 2678 736 2730 έν
757 2679 1005 2747 εἰρηνικῇ
1025 2699 1079 2733 τε
1110 2679 1199 2733 καὶ
1231 2676 1304 2749 μὴ
1339 2682 1498 2752 βιαίῳ
1530 2675 1651 2735 ἀλλ’
1685 2681 1748 2735 ἐν

62 2755 297 2827 ἑκουσίᾳ)
317 2755 552 2825 πράξει”
521 2779 680 2821 οντος
692 2799 705 2826 ,
724 2756 759 2828 ἤ
771 2756 894 2812 τινά
907 2780 955 2812 τι
978 2759 1275 2823 πείθοντός
1288 2781 1342 2814 τε
1356 2782 1445 2816 και
1429 2761 1745 2832 δεομένου,

61 2830 98 2905 ἦ
125 2834 258 2959 εύχρῇ
275 2834 472 2962 θεόῗκνή
493 2842 685 2911 διδαχῇ
706 2842 794 2895 καὶ
815 2840 1145 2911 νουθετήσει
1171 2838 1512 2967 άνθρωποιὲ,
1547 2837 1584 2913 ἦ
1614 2841 1749 2898 τού-

238 2930 352 2959 LATO
