1962 3236
0 0 401 76 &zuo-:5252
421 0 501 33 «ῥ-«ι
525 0 668 34 10:2¹³
688 0 695 13 .-
719 0 770 13 -w,
791 0 846 15 ω,
866 3 876 11 .
980 1 982 4 .
1096 0 1118 2 ,,

555 172 1040 221 ΠΟΛΙΤΕΙΑΣ
1070 163 1127 237 γ’.
1615 168 1683 221 95

6 317 216 379 Εγωγε,
250 312 373 377 ἔφη,
402 304 487 361 ὅτι
518 307 573 359 οἱ
594 302 696 374 μὲν
728 308 1072 374 γυμναστικῇ
1096 300 1319 376 ἀκράτῳ
1347 303 1684 374 χρησάμενοι

3 389 332 461 ἀγριώτεροι
352 393 452 442 τοῦ
481 389 702 448 δεόντος
724 382 1144 455 ἀποβαίνουσιν,
1166 387 1223 439 οἱ
1239 384 1297 440 δὲ
1315 389 1558 455 μουσικῇ
1574 406 1682 454 μα-

8 474 309 542 λακώτεροι
339 463 413 525 αὖ
438 475 720 540 γίγνονται
758 464 794 538 ἢ
821 467 893 532 (ὃς
923 469 1152 524 κάλλιον
1171 466 1373 534 αὐτοῖς.
1412 471 1521 524 Καὶ
1553 468 1681 539 μήν,

2 550 74 627 ἦν
94 554 145 611 δ’
173 554 299 626 ἐγώ,
326 551 389 608 τό
405 573 465 622 γε
489 549 688 621 ἄγριον
710 549 770 604 τὸ
785 552 1079 620 θυμοειδὲς
1097 547 1171 607 ἂν
1188 556 1282 623 τῆς
1305 551 1527 623 φύσεως
1541 571 1683 620 παρ-

4 643 193 707 ἑχοιτο,
235 637 327 691 καὶ
363 632 550 704 ὀρθῶς
589 633 692 702 μὲν
734 631 946 702 τραφὲν
970 630 1230 703 ἀνδρεῖον
1256 630 1329 687 ἄν
1349 640 1449 704 εἴη,
1470 638 1683 704 μᾶλλον

8 718 60 774 δ’
85 717 346 774 ἐπιταθὲν
368 721 471 771 τοῦ
490 717 710 778 δέοντος
737 713 982 782 σκληρόν
999 735 1056 769 τε
1076 717 1168 769 καὶ
1189 713 1431 785 χαλεπὸν
1453 712 1681 785 γίγνοιτ’

2 799 91 870 ἄν,
124 796 197 862 ὥς
213 794 275 852 τὸ
297 795 453 860 εἰκός.
492 802 672 850 Δοκεῖ
683 814 793 864 μοι,
822 797 945 863 ἔφη.
990 799 1059 849 Τί
1072 796 1137 849 δέ
1144 818 1158 860 ;
1191 794 1251 850 τὸ
1273 794 1484 866 ἥμερον
1514 793 1616 866 οὐχ
1644 793 1678 866 ἡ
1703 808 1735 848 Ε

1 879 311 952 φιλόσοφος
329 873 402 932 ἄν
422 881 532 947 ἔχοι
551 875 746 946 φύσις;
773 878 862 930 καὶ
887 881 1100 946 μᾶλλον
1119 877 1222 946 μὲν
1248 874 1548 940 ἀνεθέντος
1578 874 1684 931 αὐ-

1 958 527 1030 τοῦ“μαλακω’τερον
556 964 639 1027 εἴη
667 962 768 1012 τοῦ
799 959 1036 1026 δέοντος,
1068 962 1251 1020 καλαῖς
1290 954 1350 1011 δὲ
1380 958 1685 1026 τραφέντος

0 1040 214 1113 ἥμερόν
244 1061 301 1095 τε
336 1041 425 1094 καὶ
455 1037 715 1108 κόσμιον;
741 1035 892 1092 ’Ἐστι
917 1042 1104 1091 ταῦτα.
1150 1044 1289 1092 Δεῖν
1317 1039 1379 1091 δέ
1405 1037 1471 1106 γε’
1497 1057 1684 1107 φαμεν

0 1120 132 1187 τοὺς
150 1122 403 1191 φύλακας
421 1117 705 1189 ἀμφοτέρα
736 1123 877 1188 ἔχειν
907 1118 1086 1173 τούτω
1110 1117 1185 1172 τώ
1206 1117 1387 1188 φύσει.
1428 1123 1536 1173 Δεῖ
1554 1116 1679 1186 γάρ.

4 1201 235 1260 Οὐκοῦν
255 1198 535 1271 ἡρμόσθαι
555 1203 642 1254 δεῖ
666 1197 837 1263 αὐτὰς
865 1197 1004 1269 πρὸς
1033 1198 1300 1271 ἄλλήλαςς
1337 1204 1468 1263 Πῶς
1499 1196 1553 1253 δ’
1586 1196 1681 1261 οὕ;

0 1286 108 1340 Καὶ
128 1288 228 1339 τοῦ
246 1281 347 1354 μὲν
364 1279 718 1353 ἡρμοσμένου
737 1280 983 1351 σώφρων
1001 1301 1058 1336 τε
1078 1282 1168 1336 καὶ
1193 1279 1421 1349 ἀνδρεία
1441 1277 1474 1351 ἡ
1503 1281 1681 1351 ψυχῆς
1710 1287 1796 1335 411

0 1364 167 1421 Πάνυ
187 1385 262 1433 γε.
317 1368 431 1418 Τοῦ
468 1363 527 1419 δὲ
560 1361 916 1433 α’ναρμόστου
953 1361 1102 1432 δειλὴ
1132 1363 1223 1417 καὶ
1247 1360 1534 1433 ἅγροικοςς
1573 1363 1682 1415 Καὶ

0 1446 164 1518 μα’λα.

144 1529 317 1581 XVIII.
359 1524 589 1581 Οὐκοῦν
607 1525 743 1582 ὅταν
761 1529 864 1598 μέν
883 1547 962 1591 τις
981 1531 1222 1597 μουσικῇ
1241 1528 1448 1598 παρέχῃ
1475 1546 1681 1580 καταυ-

0 1618 118 1666 λεῖν
155 1612 243 1664 καὶ
272 1619 527 1678 καταχεῖν
562 1613 657 1679 τῆς
702 1615 878 1680 ψυχῆς
907 1606 998 1663 διὰ
1034 1613 1148 1662 ταῖν
1186 1607 1345 1663 ὤτων
1376 1606 1562 1679 ὥσπερ
1589 1605 1679 1662 διὰ

0 1691 179 1763 χώνης
205 1689 267 1756 ἃς
288 1697 394 1746 νῦν
413 1688 479 1762 δὴ
505 1686 658 1762 ἡμεῖς
676 1692 937 1762 ἐλέγομεν
965 1688 1062 1755 τὰς
1086 1696 1343 1760 γλυκείας
1364 1711 1423 1746 τε
1453 1692 1544 1747 καὶ
1572 1712 1681 1762 μα-

1 1772 172 1838 λακὰς
197 1775 287 1829 καὶ
305 1773 617 1844 θρηνώδεις
635 1771 920 1845 ἁρμονίας,
951 1775 1040 1828 καὶ
1061 1777 1361 1843 μινυρίζων
1381 1795 1439 1830 τε
1467 1774 1558 1829 καὶ
1586 1794 1680 1844 γε-

1 1857 319 1927 γανωμένος
338 1852 447 1909 ὑπὸ
474 1859 570 1925 τῆς
591 1851 734 1928 ᾠδῆς
755 1857 975 1925 διατελῇ
994 1852 1093 1909 τὸν
1111 1858 1238 1925 βίον
1259 1852 1411 1924 ὅλον,
1433 1846 1597 1918 οὗτος
1615 1852 1676 1909 τὸ

0 1936 103 2009 μὲν
116 1942 353 2005 πρῶτον,
374 1943 427 1991 εἰ
441 1957 490 1990 τι
501 1934 796 2006 θυμοειδὲς
816 1934 974 2006 εἶχεν,
996 1933 1180 2005 ὥσπερ
1201 1938 1431 2006 σίδηρον
1450 1934 1680 2006 ἐμάλαξε
1704 1954 1736 1994 Β

0 2019 90 2074 καὶ
110 2015 378 2088 χρήσιμον
403 2018 457 2081 ἐξ
476 2013 754 2087 ἀχρήστου
774 2018 863 2071 καὶ
884 2022 1130 2087 σκληροῦ
1147 2019 1404 2087 ἐποίησεν
1418 2037 1429 2048 ·
1469 2014 1604 2072 ὅταν
1623 2014 1674 2072 δ’

2 2101 210 2169 ἐπέχων
237 2098 311 2169 μὴ
341 2095 472 2170 ἀνίῃ
497 2094 636 2152 α’λλᾶ
664 2103 821 2170 κηλῇ,
850 2096 911 2154 τὸ
938 2095 1074 2168 μετὰ
1094 2103 1258 2153 τοῦτο
1288 2096 1393 2169 ἤδη
1413 2099 1564 2169 τήκει
1589 2099 1682 2154 καὶ
1757 2109 1760 2112 “
1786 2101 1791 2111 '

3 2185 187 2251 λείβει,
207 2179 309 2244 ἕως
326 2174 399 2233 ἄν
420 2177 613 2251 ἐκτήξῃ
632 2175 940 2250 τὸνθυμόν
969 2180 1059 2235 καὶ
1083 2180 1280 2252 ἐκτέμῃ
1302 2178 1486 2252 ὥσπερ
1507 2185 1680 2251 νεῦρα

1 2262 62 2316 ἐκ
81 2266 175 2331 τῆς
195 2266 369 2331 ψυχῆς
392 2261 484 2316 καὶ
512 2261 715 2333 ποιήσῃ
742 2258 1039 2332 μαλθακὰν
1069 2260 1352 2332 αἰχμητήν.
1389 2258 1558 2315 Πάνυ
1576 2259 1680 2330 μὲν

5 2334 127 2408 οὖν,
157 2344 279 2412 ἔφη.
328 2343 436 2397 Καὶ
471 2340 572 2397 ἐὰν
606 2345 707 2413 μέν
736 2364 815 2413 γε,
853 2335 925 2414 ἦν
964 2340 1017 2397 δ’
1054 2342 1181 2412 ἐγώ,
1210 2344 1264 2408 ἐξ
1304 2339 1473 2414 ἀρχῆς
1510 2340 1680 2411 φύσει

4 2421 411 2494 ἇθυμοζλᾷβῃ,
436 2421 572 2493 ταχύ
594 2430 756 2480 τοῦτο
785 2424 1139 2495 διεπράξατο·
1177 2421 1276 2480 ἐὰν
1302 2424 1362 2480 δὲ
1381 2426 1676 2494 θυμοειδῆ,
1774 2462 1778 2477 .

3 2502 219 2573 ἀσθενῆ
238 2503 470 2575 ποιήσας
488 2503 588 2560 τὸν
605 2505 795 2575 θυμὸν
815 2503 1129 2577 ὀξύρροπον
1147 2504 1540 2575 ἀπειργάσατο,
1568 2500 1675 2557 ἀπὸ

5 2591 254 2656 σμικρῶν
300 2583 435 2655 ταχύ
466 2586 873 2655 ἐρεθιζόμενόν·
900 2609 956 2642 τε
999 2589 1090 2643 καὶ
1137 2586 1675 2657 κατασβεννύμενον.
1701 2605 1732 2648 c

0 2664 295 2735 ἀκράχολοι
331 2661 436 2721 οὖν
464 2670 554 2723 καὶ
582 2666 792 2738 ὀργίλοι
822 2667 945 2724 ἀντὶ
974 2671 1309 2739 θυμοειδοῦς
1336 2669 1675 2737 γεγένηνται,

6 2750 299 2813 δυσκολίας
319 2753 556 2820 ἔμπλεοι.
614 2754 830 2821 Κομιδῇ
861 2750 962 2820 μὲν
987 2744 1107 2805 οὖν.
1163 2755 1230 2804 Τί
1250 2753 1333 2813 δές
1371 2746 1443 2804 ἂν
1463 2740 1539 2802 αὖ
1577 2767 1677 2816 γυ-

0 2839 270 2902 μναστικῇ
290 2830 464 2886 πολλὰ
488 2839 633 2903 πονῇ
653 2833 740 2888 καὶ
769 2829 1035 2902 εὐωχῆται
1056 2824 1121 2886 εὖ
1138 2830 1299 2902 μάλα,
1321 2834 1589 2901 μουσικῆς
1618 2827 1677 2883 δὲ
