1962 3236
608 167 1090 215 ΠΟΛΙΤΕΙΑΣ
1129 161 1185 224 ς’.
1627 163 1726 217 187

48 299 232 366 ὄντων
247 291 678 371 προθυμότερον
696 303 775 354 ἔτι
793 297 1119 354 ἀντιτείνειν
1136 296 1260 354 οὐδ’
1283 296 1598 354 ὁπωστιοῦν
1618 319 1727 354 πει-

55 380 58 382 ’
116 388 334 454 μένους,
363 379 471 436 ἀπὸ
502 378 881 449 Θρασυμάχου
909 376 1264 449 ἀρξαμένους.
1314 378 1414 450 Μὴ
1446 379 1727 452 διάβαλλε,

45 457 120 536 ἦν
147 461 198 519 δ’
232 461 360 532 ἐγώ,
389 461 483 532 ἐμὲ
509 461 602 516 καὶ
631 458 1003 528 Θρασύμαχον
1029 458 1154 527 ἄρτι
1184 464 1382 529 φίλους
1408 461 1724 532 γεγονότας,
1749 474 1781 514 D

45 543 177 602 οὐδὲ
197 541 304 613 πρὸ
323 549 427 598 τοῦ
443 538 678 612 ἐχθρούς
696 538 876 603 ὄντας.
912 546 1103 606 πείρας
1121 541 1229 610 γάρ
1241 539 1408 597 οὐδὲν
1426 539 1724 613 ἀνήσομεν,

47 628 150 691 ἕως
170 623 241 680 ἀν
257 621 295 695 ἦ
314 629 589 692 πείσωμεν
606 623 697 676 καὶ
713 626 917 676 τοῦτον
934 621 1026 675 καὶ
1054 620 1184 685 τούς
1202 621 1421 693 ἄλλους,
1454 619 1492 694 ἦ
1510 621 1727 695 προῦρ-

44 728 153 779 γου
171 729 222 762 τι
245 702 565 775 ποιήσωμεν
591 706 667 766 εἰς
685 702 898 757 ἐκεῖνον
924 700 1024 755 τὸν
1041 699 1239 772 βίον,“
1206 724 1340 757 οταν
1369 697 1537 768 αὖθις
1562 702 1727 804 γενό-

43 809 203 861 μενοι
236 798 349 851 τοῖς
380 804 652 848 τοιούτοις
696 781 963 853 ἐντύχωσι
995 781 1192 851 λόγοις.
1244 788 1343 848 Εἰς
1382 783 1616 855 σμικρόν
1647 783 1724 855 γ’,

41 871 169 963 ἔφη,
190 868 395 937 χρόνον
413 873 647 965 εἴρηκας.
669 868 768 928 Εἰς
784 862 951 919 οὐδὲν
969 885 1070 934 μεν
1090 857 1211 934 οὖν,
1231 868 1392 934 ἔφην,
1416 886 1491 929 ως
1507 886 1570 934 γε
1590 863 1727 935 πρὸς

41 948 144 1004 τὸν
164 968 396 1002 απαντα.
433 944 493 1002 τὸ
516 947 705 1016 μέντοι
722 946 794 1015 μὴ
821 950 1118 1000 πεύθεσθαι
1136 957 1248 1010 τοῖς
1265 947 1581 1015 λεγομένοις
1598 943 1728 1009 τοὺς

45 1028 289 1092 πολλοὺς
304 1033 501 1097 θαῦμα
528 1024 721 1081 οὐδέν·
759 1023 830 1079 οὐ
856 1023 966 1095 γάρ
994 1044 1214 1080 πωποτε
1245 1023 1395 1080 εἶδον
1421 1025 1727 1095 γενόμενον

39 1108 107 1168 τὸ
127 1114 238 1163 νῦν
258 1108 575 1178 λεγόμενον,
594 1104 733 1162 ἀλλά
753 1104 897 1161 πολὺ
907 1113 1121 1176 μᾶλλον
1130 1105 1340 1162 τοιαῦτ’
1361 1106 1494 1162 ἄττα
1513 1106 1727 1177 ῥήματα
1756 1118 1790 1158 Ε

45 1192 348 1260 ἐξεπίτηδες
367 1187 621 1259 ἀλλήλοις
641 1184 983 1256 ὦμοιωμένα,
1004 1185 1125 1242 ἀλλ’
1161 1185 1265 1243 οὐκ
1298 1185 1405 1242 ἀπὸ
1435 1194 1538 1242 τοῦ
1556 1186 1727 1243 αὐτο-

46 1272 226 1344 μα’του
245 1269 430 1339 ὥσπερ
450 1275 561 1324 νῦν
579 1267 926 1339 ξυμπεσόντα
941 1290 952 1301 ·
992 1267 1171 1340 ἄνδρα
1199 1270 1259 1324 δὲ
1286 1267 1456 1340 ἀρετῇ
1479 1287 1727 1339 παρισω-

44 1355 217 1424 μένον
234 1353 326 1407 καὶ
346 1348 701 1421 ωμοιωμένον
719 1354 873 1420 μέχρι
890 1355 992 1404 τοῦ
1013 1353 1259 1406 δυνατοῦ
1285 1352 1480 1415 τελέως
1508 1354 1650 1425 ἔργω
1669 1370 1728 1404 τε

44 1437 138 1492 καὶ
173 1434 338 1506 λόγῳ,
364 1433 774 1488 δυναστεύοντα
801 1434 863 1488 έν
881 1433 1038 1487 πόλει
1068 1434 1223 1504 ἑτέρᾳ
1250 1433 1493 1505 τοιαύτῃ,
1519 1431 1590 1487 οὐ
1609 1453 1729 1487 πω-

46 1537 178 1572 ποτε
201 1514 509 1581 εωράκασιν
545 1512 672 1568 οὔτε
690 1513 789 1567 ἕνα
808 1511 937 1568 οὔτε
957 1519 1205 1579 πλείους·
1239 1510 1277 1584 ἢ
1295 1522 1425 1580 οἴει;
1451 1512 1724 1584 Οὐδαμῶς
1752 1528 1840 1574 499

48 1617 125 1667 γε.
171 1593 325 1650 Οὐδέ
347 1616 409 1663 γε
429 1586 503 1648 αὖ
522 1594 723 1662 λόγων,
744 1615 787 1647 ω
808 1593 1056 1664 μακάριε,
1089 1599 1277 1650 καλων
1299 1616 1357 1649 τε
1382 1595 1475 1650 καὶ
1499 1595 1730 1650 ἐλευθέ-

46 1698 165 1747 ρων
182 1679 387 1740 ίκανως
404 1674 628 1746 ἐπήκοοι
647 1673 962 1744 γεγόνασιν,
984 1678 1118 1730 οἴων
1135 1679 1311 1746 ζητεῖν
1327 1678 1429 1747 μὲν
1446 1696 1508 1731 το
1492 1672 1731 1746 “άληθὲς

49 1758 458 1827 ξυντεταμένως
475 1758 536 1811 ἐκ
555 1755 762 1821 παντὸς
779 1755 988 1823 τρόπου
1009 1763 1111 1812 τοῦ
1141 1762 1352 1827 γνῶναι
1370 1757 1549 1827 χάριν,
1580 1757 1647 1812 τὰ
1669 1755 1730 1812 δὲ

0 1870 1 1889 2
48 1842 236 1910 κομψά
263 1861 321 1894 τε
350 1841 440 1894 καὶ
466 1836 707 1908 έριστικά
739 1840 828 1892 καὶ
866 1837 1151 1908 μηδαμόσε
1180 1836 1378 1892 ἄλλοσε
1407 1842 1658 1892 τείνοντα
1692 1830 1730 1907 ἦ

51 1918 190 1989 πρὸς
209 1921 378 1985 δόξαν
395 1921 487 1974 καὶ
508 1924 627 1987 ἔριν
644 1919 734 1973 καὶ
764 1920 825 1974 ἐν
845 1922 1021 1982 δίκαις
1039 1920 1130 1973 καὶ
1149 1920 1209 1972 έν
1228 1921 1388 1982 ἰδίαις
1406 1923 1730 1983 συνουσίαις

47 2001 347 2070 πόρρωθεν
364 1997 774 2069 ἀσπαζομένων.
816 1997 963 2054 Οὐδὲ
982 1999 1212 2065 τούτων,
1233 2002 1355 2069 ἔφη.
1398 1998 1626 2054 Τούτων
1643 2019 1728 2054 τοι
1755 2027 1787 2069 B

47 2081 226 2153 χάριν,
245 2074 316 2151 ἦν
335 2078 389 2136 δ’
420 2081 548 2150 ἐγώ,
576 2083 667 2135 καὶ
693 2087 866 2135 ταῦτα
899 2079 1280 2151 προορώμενοι
1306 2077 1460 2151 ἡμεῖς
1487 2080 1608 2136 τότε
1637 2082 1730 2135 καὶ

49 2161 288 2225 δεδιότες
307 2158 455 2231 ὅμως
476 2163 749 2231 ἐλέγομεν,
766 2158 875 2216 ὑπὸ
899 2159 1180 2232 τάληθοῦς
1197 2158 1623 2231 ἠναγκασμένοι,
1644 2159 1729 2216 ὅτι

48 2241 178 2297 οὕτε
208 2242 366 2306 πόλις
395 2240 523 2296 οὔτε
550 2248 792 2297 πολιτεία
828 2240 966 2299 οὐδέ
990 2240 1044 2312 γ’
1083 2240 1224 2312 ἀνὴρ
1256 2239 1459 2312 ὁμοίως
1486 2241 1562 2313 μή
1596 2262 1730 2298 ποτε

50 2326 270 2392 γένηται
287 2325 485 2392 τέλεος,
508 2325 641 2390 πρὶν
658 2319 729 2378 ἀν
747 2335 859 2389 τοῖς
878 2325 1207 2394 φιλοσόφοις
1224 2323 1441 2389 τούτοις
1467 2334 1581 2388 τοῖς
1611 2322 1731 2379 ὀλί-

48 2425 166 2473 γοις
202 2406 290 2457 καὶ
329 2401 398 2457 οὐ
443 2416 720 2473 πονηροῖς,
770 2404 1059 2477 ἀχρήστοις
1102 2407 1160 2462 δὲ
1194 2412 1303 2461 νῦν
1355 2409 1726 2477 κεκλημένοις,

48 2483 260 2554 ἀνάγκη
282 2506 359 2548 τις
376 2486 435 2539 lx
453 2485 618 2555 τύχης
635 2486 921 2558 περιβάλῃ,
943 2495 1046 2542 εἴτε
1063 2486 1363 2558 βούλονται
1384 2495 1490 2542 εἴτε
1518 2484 1592 2556 μὴ
1623 2486 1731 2541 πό-

48 2572 184 2630 λεως
202 2567 598 2636 ἐπιμεληθῆναι
617 2568 707 2622 καὶ
726 2574 792 2638 τῇ
809 2569 962 2623 πόλει
984 2566 1243 2638 κατήκοοι
1261 2570 1541 2637 γενέσθαι,
1562 2563 1599 2638 ἦ
1615 2573 1730 2622 τῶν

48 2652 156 2701 νῦν
176 2648 237 2701 έν
257 2650 601 2712 δυναστείαις
620 2644 655 2717 ἦ
673 2653 971 2718 βασιλείαις
991 2647 1172 2703 ὄντων
1190 2651 1368 2703 υἱέσιν
1384 2644 1421 2718 ἢ
1450 2645 1637 2713 αὐτοῖς
1668 2651 1729 2703 ἔκ

48 2748 198 2791 τινος
243 2735 399 2792 θείας
445 2731 727 2794 ἐπιπνοίας
770 2727 1041 2800 ἀληθινῆς
1087 2735 1419 2799 φιλοσοφίας
1464 2726 1731 2800 ἀληθινὸς
1760 2754 1791 2796 c

52 2812 188 2878 ἔρως
211 2810 428 2879 ἐμπέσῃ.
477 2810 692 2864 τούτων
713 2811 767 2865 δὲ
791 2810 995 2877 πότερα
1014 2813 1274 2880 γενέσθαι
1293 2806 1329 2880 ἢ
1349 2808 1635 2881 ἀμφότερα
1658 2806 1732 2874 ὥς
