1962 3236
149 207 223 236 xvi
844 192 1227 235 PRAEFATIO.

145 311 194 351 7:
224 306 456 360 δηλοῦντα
485 301 631 361 μόνον
664 297 694 347 ἃ
723 303 863 359 λέγει,
891 319 944 348 ne
974 308 1034 348 ita
1065 307 1235 358 quidem
1267 307 1446 359 tentavi,
1481 313 1527 347 nt
1559 321 1653 349 cum
1673 308 1928 352 Sclnneidero

138 379 194 407 ex
224 369 318 410 Par.
347 378 475 407 manu
501 378 587 408 sec.
624 362 765 418 λέγεις
795 365 1044 418 reciperem.
1074 364 1229 404 nedum
1265 376 1361 406 cum
1391 364 1577 418 Rettigio
1605 365 1632 408 l.
1665 380 1700 405 c.
1735 381 1777 420 p,
1811 369 1862 410 21
1897 363 1926 422 ἡ

142 417 269 476 ψυχὴ
292 423 497 478 legerem:
524 423 665 476 plures
693 423 804 464 enim
833 421 1083 462 emendandi
1109 422 1202 462 viae
1223 422 1436 482 patebant,
1466 434 1640 488 quarum
1667 425 1772 465 nulli
1796 432 1927 467 totum

141 494 208 523 me
233 481 433 524 addicere
461 487 667 533 poteram.
690 502 748 510 -—
770 480 815 523 P.
846 480 931 522 534
955 479 986 520 C
1012 470 1281 530 ἐξεγρέσθαι
1306 492 1382 532 pro
1412 472 1680 530 ἔξεγρεσθαι
1703 484 1857 535 scripsi
1885 492 1930 524 ut

143 538 335 592 Sympos.
371 551 407 582 c.
439 537 516 587 393
556 550 600 591 p.
635 537 720 580 535
749 536 780 577 G
810 545 949 578 autem
991 528 1019 587 ἤ
1057 548 1151 576 τινι
1180 537 1310 578 ascivi
1343 550 1438 577 cum
1470 537 1729 579 Prinsterero
1763 540 1927 582 Platon.

141 607 395 649 prosopogr.
427 607 468 648 p.
504 594 589 636 209
624 608 700 648 pro
739 584 770 646 ἢ
799 593 917 644 τίνι,
950 596 1015 634 cui
1049 606 1296 647 responsum
1327 607 1406 635 non
1439 597 1577 646 magis
1609 609 1733 647 quam
1759 610 1852 650 sup.
1883 610 1928 665 p.

145 653 230 696 530
262 652 292 693 C
328 651 541 720 congrum
586 664 696 692 nunc
728 658 791 692 est
821 659 866 692 ut.
895 664 939 705 p.
974 649 1059 693 578
1091 653 1148 692 A:
1181 649 1271 692 οἴει
1300 646 1350 692 ἔν
1380 664 1472 692 τινι
1502 649 1614 707 ἄλλῃ
1647 652 1833 701 πλείους
1860 666 1929 695 ευ-

143 704 326 761 ρήσεινς
367 706 597 759 ουὸαμῶς.
640 732 699 739 --
735 710 783 749 P.
814 708 898 750 536
933 710 970 748 A
999 700 1191 762 ἄρχουσι
1221 711 1261 750 V
1296 717 1335 750 et
1366 708 1672 759 Schneiderus,
1706 702 1928 765 ἄρχουσιν

142 767 255 816 BsT,
283 769 425 808 nescio
457 766 583 807 unde.
617 788 672 796 —
698 767 743 807 P.
779 765 862 808 537
890 767 921 806 E
948 757 1261 818 ἐμπίπλανται
1296 770 1384 807 Ast.
1419 774 1459 808 et
1489 766 1634 809 Stallb.
1669 782 1762 810 curn
1787 770 1927 811 Ficino

140 837 218 865 nec
247 825 338 866 sine
366 824 504 872 libris,
537 824 616 864 etsi
646 824 792 877 optimi
812 819 1117 875 ἐμπίπλαται,
1150 825 1266 876 quod
1293 823 1573 866 Schneiderus
1598 825 1652 866 ad
1677 826 1814 880 ipsam
1839 828 1926 869 dia-

140 882 328 923 lecticam
359 881 508 929 refert;
549 881 662 922 idem
694 888 836 922 tamen
871 881 1074 934 pluralem
1105 889 1278 936 propter
1308 894 1490 934 sequens
1521 876 1689 929 αὐτοὺς
1724 886 1928 936 aptiorem

137 952 236 979 esse
266 938 478 993 agnoscit,
508 951 632 990 quem
662 939 856 989 equidem
879 939 946 979 vel
975 941 1214 991 conjectura
1238 940 1542 980 restituendum
1566 940 1698 980 fuisse
1726 941 1927 986 dixerim:

140 998 373 1048 eodemque
400 996 595 1049 exemplo
625 1008 725 1036 mox
755 1009 794 1049 p.
825 995 909 1037 538
936 996 968 1036 Β
996 997 1060 1037 vel
1090 1003 1230 1037 contra
1253 1009 1503 1038 consensum
1534 997 1734 1038 librorum
1766 992 1928 1040 αἰσθό-

140 1064 282 1106 μενον
319 1066 395 1106 pro
437 1046 720 1104 αἰσθόμενος
764 1054 937 1106 scripsi,
979 1067 1104 1104 quem
1148 1054 1454 1095 nominativum
1494 1053 1734 1096 absolutum
1778 1056 1921 1098 haberi

136 1124 264 1165 posse
295 1110 549 1152 Schneidero
582 1112 632 1153 T.
662 1112 691 1153 I.
727 1122 769 1162 p.
806 1110 888 1151 377
921 1111 1160 1162 neutiquam
1194 1112 1389 1153 concedo.

254 1225 380 1278 Reip.
406 1224 561 1266 LVIII.
585 1235 629 1276 p.
659 1223 743 1265 543
762 1223 792 1264 C
808 1216 903 1264 ἄλλ’
921 1215 1000 1276 ἄγε
1025 1223 1101 1273 BS,
1129 1217 1245 1265 οἷλλοέ
1269 1237 1319 1278 γε
1337 1227 1410 1266 VT
1436 1232 1475 1266 et
1501 1225 1794 1276 Schneiderus,
1815 1229 1927 1279 quod

138 1283 221 1324 etsi
252 1282 352 1323 ferri
380 1293 509 1335 posse
534 1293 575 1333 p.
611 1280 690 1322 331
724 1283 753 1321 B
786 1282 951 1323 codices
983 1282 1181 1331 doceant,
1212 1296 1323 1324 nunc
1352 1290 1492 1324 tamen
1521 1286 1798 1325 restrictivam
1825 1287 1924 1334 vim,

142 1340 368 1391 quae‘illic
401 1338 626 1378 manifesta
659 1348 743 1386 est,
784 1345 856 1379 aut
886 1339 1042 1379 nullam
1076 1340 1222 1389 video,
1263 1348 1334 1381 aut
1366 1342 1403 1381 si
1443 1353 1526 1392 qua
1558 1349 1669 1383 esset
1697 1344 1924 1383 incommo-

141 1399 265 1445 dam,
293 1404 353 1446 ut,
386 1397 509 1463 guasi
540 1394 656 1436 aliud
688 1397 857 1450 egisset,
886 1396 994 1438 haec
1022 1399 1167 1438 saltem
1190 1399 1401 1439 recordari
1428 1398 1585 1439 Glauco
1612 1401 1842 1452 juberetur.
1870 1422 1926 1430 —

141 1455 186 1495 P.
213 1456 298 1495 544
319 1453 350 1495 G
377 1467 406 1506 η
433 1449 654 1502 δευτέρως
679 1454 735 1504 Η,
764 1449 842 1493 καὶ
869 1449 1092 1505 δευτέρως
1121 1455 1240 1504 libri,
1274 1455 1491 1497 deficiente
1512 1457 1702 1509 subjecto
1723 1457 1790 1498 vel
1817 1462 1949 1497 certe'

139 1512 340 1560 articulo,
372 1524 455 1563 quo
479 1511 560 1551 hoc
586 1518 625 1552 et
649 1518 771 1551 antea
803 1519 842 1552 et
866 1520 963 1564 post
993 1513 1240 1566 insignitur3
1274 1514 1434 1554 correxi
1460 1514 1603 1567 igitur,
1632 1515 1744 1565 quod
1767 1515 1927 1566 passim

140 1569 362 1610 confusum
394 1581 488 1610 esse
520 1570 563 1609 in
594 1569 793 1613 Ritsehel,
825 1569 1100 1613 Illus.‘Rhen.
1139 1570 1184 1609 T.
1216 1570 1285 1610 IV.
1316 1583 1358 1623 p.
1393 1572 1473 1610 441
1509 1573 1675 1619 monui3
1709 1572 1789 1611 nisi
1819 1571 1927 1612 forte

141 1627 272 1667 lenior
291 1619 407 1668 'haec
434 1626 600 1667 medela
628 1627 842 1675 videatur,
869 1634 913 1667 ut
940 1619 994 1677 ἡ,
1026 1627 1140 1678 quod
1166 1640 1265 1668 mox
1298 1634 1392 1669 ante
1426 1626 1588 1668 πασῶν
1617 1629 1659 1668 in
1690 1630 1782 1670 Par.
1816 1629 1927 1668 aliis-

138 1697 222 1736 que
254 1683 372 1725 libris
407 1691 575 1736 praeter
612 1697 778 1724 omnem
815 1685 1107 1724 necessitatem
1139 1684 1312 1739 legitur,
1345 1691 1543 1737 tanquam
1574 1687 1710 1726 alieno
1742 1687 1834 1726 loco
1866 1687 1926 1726 in-

138 1749 300 1782 trusum
329 1742 422 1781 huc
443 1754 699 1783 revocemus.
748 1742 852 1782 [bid.
889 1734 916 1792 ἤ
941 1754 1047 1780 τινα
1076 1740 1104 1781 S
1135 1755 1170 1782 c.
1203 1742 1324 1783 Astio
1358 1755 1435 1784 nec
1463 1744 1554 1783 sine
1584 1744 1726 1791 libris,
1761 1733 1790 1794 ἢ
1821 1739 1928 1782 τίνα

139 1798 318 1847 VBTet.
352 1797 655 1847 Schneiderus,
689 1801 801 1850 quod
831 1811 913 1839 non
946 1800 1082 1853 magis
1113 1799 1182 1839 hic
1208 1812 1334 1850 quam
1363 1813 1459 1853 sup.
1497 1814 1538 1853 p.
1570 1802 1656 1842 474
1688 1801 1720 1841 E
1747 1800 1925 1841 colloca·
1960 1818 1962 1843 :

90 1858 254 1899 :stione
283 1858 543 1911 pronominis
584 1864 679 1896 ante
721 1849 864 1909 ἄλλην
897 1856 1159 1905 defenditur,
1198 1858 1340 1897 sensui
1378 1866 1513 1898 autern
1546 1859 1684 1900 minus
1715 1859 1924 1906 convenit,

142 1917 216 1967 qui
252 1915 461 1955 numerari
499 1915 640 1967 potius
682 1927 807 1965 quam
840 1915 1046 1954 uomInari
1077 1927 1214 1954 rerum
1246 1915 1507 1966 publicarum
1543 1927 1699 1969 genera
1726 1915 1924 1967 postulat.
1960 1916 1962 1918 ’

141 1995 198 2002 -
219 1974 264 2014 P.
292 1972 377 2014 546
405 1972 440 2012 D
463 1965 797 2023 καταστήσουσι
816 1972 851 2011 Η
883 1973 1037 2024 exigua
1066 1972 1190 2010 trium
1216 1972 1415 2011 librorum
1440 1984 1522 2012 non
1550 1973 1802 2025 optimorum
1827 1972 1924 2019 fide,
1958 1987 1962 1994 ·

142 2031 218 2071 sed
247 2029 497 2070 necessaria.
530 2035 574 2068 ut
606 2030 769 2082 opinor,
801 2036 1035 2069 correctura
1066 2040 1142 2080 pro
1173 2021 1556 2082 καταστήσονται,
1583 2031 1698 2080 quod
1729 2028 1923 2082 Aeschyli

138 2087 332 2140 exemplo
365 2087 540 2126 Eumen.
571 2086 655 2127 676
685 2098 811 2139 aegre
839 2087 1020 2132 tuearis,
1054 2086 1301 2137 praesertim
1326 2099 1452 2137 quum
1477 2087 1662 2128 librariis
1694 2087 1798 2127 nihil
1830 2099 1926 2139 pro·
1959 2111 1962 2136 :

140 2146 291 2187 clivius
318 2144 457 2192 fuerit,
481 2156 605 2195 quam
625 2150 867 2196 antegresso
891 2143 1030 2183 medio
1052 2143 1235 2183 medium
1257 2145 1428 2193 iterare3
1456 2143 1509 2184 cf.
1537 2144 1716 2198 Strange
1741 2145 1783 2183 in
1799 2143 1923 2184 Jahn.
1957 2181 1962 2190 ‚

140 2202 310 2251 Archiv.
337 2201 384 2244 T.
414 2202 481 2244 ΙΙΙ.
507 2213 535 2254 p
564 2200 647 2243 13.
709 2201 815 2243 Ibid.
850 2194 1066 2251 δεύτερον
1097 2193 1148 2240 δὲ
1176 2194 1234 2239 τὰ
1256 2199 1567 2253 γυμναστικῆς
1599 2214 1702 2243 sana
1725 2213 1818 2243 esse
1843 2212 1926 2241 non
1952 2203 1962 2246 'j

141 2261 341 2307 arbitror,
385 2259 483 2309 quia
515 2265 674 2298 tantum
708 2259 827 2298 abest
866 2266 908 2297 ut
949 2257 1131 2298 deterius
1173 2258 1278 2298 illud
1315 2260 1375 2299 rei
1406 2259 1603 2312 publicae
1641 2270 1774 2313 genus
1805 2259 1927 2310 juxta
1958 2264 1962 2274 ²

142 2318 348 2358 musicam
381 2316 504 2355 etiam
538 2317 842 2369 gymnasticam
868 2322 1125 2360 contemnat.
1158 2323 1201 2355 ut
1234 2316 1305 2368 qui
1332 2316 1369 2356 ei
1401 2318 1596 2370 congruit
1624 2316 1751 2356 homo
1777 2328 1819 2382 p.
1843 2313 1926 2356 549
1960 2350 1962 2353 .

142 2377 181 2415 A
207 2370 581 2426 φιλογυμναστὴς
608 2369 687 2413 καὶ
708 2364 970 2425 φιλόθηρος
993 2374 1272 2421 describatur;
1298 2374 1412 2423 quod
1435 2375 1471 2413 si
1495 2375 1589 2425 quis
1610 2386 1688 2426 pro
1712 2370 1926 2422 ὃευτερον
1960 2371 1962 2426 ]

143 2431 271 2472 alium
315 2431 643 2484 comparativum
679 2431 906 2482 invenerit,
948 2431 1018 2481 qui
1054 2430 1257 2483 praeferri
1285 2430 1372 2471 illic
1402 2432 1708 2484 gymnasticam
1740 2429 1927 2470 musicae

143 2488 347 2541 declaret,
381 2501 430 2528 eo
461 2489 522 2528 uti
554 2501 636 2528 non
670 2500 883 2536 recusem,
918 2488 1081 2527 interim
1115 2494 1253 2528 autem
1285 2489 1414 2529 verba
1450 2489 1503 2528 ad
1534 2488 1783 2529 sententiam
1818 2491 1926 2526 certe
1954 2491 1962 2512 ·=‘

141 2559 222 2587 non
256 2547 494 2587 necessaria
522 2546 847 2597 circumscripsi.
871 2569 929 2576 —
960 2545 1004 2584 P.
1026 2546 1109 2585 547
1131 2547 1166 2584 Α
1190 2542 1384 2596 σιδηροῦ
1413 2538 1598 2600 ἀργυρῷ
1621 2547 1649 2586 Ρ
1679 2557 1763 2585 sec.
1787 2542 1922 2596 praef.
1957 2554 1962 2592 ζ

143 2605 244 2644 Tur.
281 2617 321 2655 p.
353 2602 505 2646 XXlII.
541 2596 737 2654 σιδήρου
768 2594 951 2656 ἀργύρῳ
983 2601 1121 2641 VBST
1146 2609 1185 2643 et
1214 2601 1521 2643 Schneiderus.
1552 2603 1668 2643 haud
1697 2603 1859 2655 inepte.
1890 2600 1927 2638 si
1952 2618 1962 2625 -·

141 2661 311 2712 quidem
345 2661 461 2700 Plato
493 2673 538 2713 p.
563 2661 647 2702 415
679 2659 844 2700 metalla
874 2661 967 2712 ipsa
994 2671 1101 2712 pura
1132 2661 1289 2701 servari
1317 2661 1466 2713 jussit3
1491 2659 1596 2700 illud
1622 2666 1758 2714 tamen
1783 2654 1926 2710 γενῶν
1955 2654 1962 2666 ”

141 2718 364 2763 mentioni,
399 2730 505 2767 quae
532 2719 782 2770 praecessit,
823 2717 962 2769 aptius
995 2723 1070 2757 est.
1116 2739 1162 2745 -
1205 2719 1250 2759 P.
1282 2718 1365 2758 547
1394 2717 1427 2757 Β
1457 2709 1517 2756 mi
1554 2709 1604 2755 δ’
1635 2712 1693 2754 αὐ
1727 2709 1779 2754 τὸ
1811 2714 1845 2753 H
1876 2726 1927 2754 ex

142 2776 314 2828 egregia
342 2773 587 2822 Schneid‹›ri
610 2777 876 2826 conjectura,
908 2776 1029 2825 cujus
1060 2774 1187 2814 miror
1215 2787 1268 2814 ne
1293 2775 1524 2815 secundam
1556 2773 1724 2824 quidem
1747 2780 1921 2825 partem,
1959 2796 1962 2827 1

141 2844 264 2884 quam
293 2831 448 2885 ipse,P
477 2833 631 2883 aliique
661 2833 754 2873 libri
783 2823 894 2871 αὐτὸ
922 2832 1150 2871 scribentes
1175 2831 1362 2881 firmant,
1395 2831 1511 2872 illius
1545 2829 1737 2880 exemplo
1767 2829 1831 2869 ST
1860 2840 1927 2866 re·
1955 2839 1958 2865 ς
