1962 3236
225 160 331 211 364
842 161 1320 209 HAAmzvoz
1852 126 1931 213 46¹

222 292 260 366 ἢ
280 294 631 351 παντάπασιν
655 291 956 362 ω’θούμενα
982 295 1074 347 καὶ
1104 295 1438 348 διαλυθέντα
1456 293 1673 366 ἐκφύγῃ
1692 295 1830 365 πρὸς
1847 293 1910 350 τὸ

225 378 498 446 ξυγγενές,
519 369 556 444 ἦ
585 373 905 443 νικηθέντα,
938 375 1000 427 ἓν
1028 375 1090 428 ἐκ
1120 379 1344 428 πολλῶν
1373 373 1568 444 ὅμοιον
1597 381 1674 447 τῷ
1702 375 1911 446 κρατή-

165 464 193 504 C
226 472 382 511 σαντι
400 454 725 525 γενόμενον,
747 451 923 508 αὐτοῦ
942 452 1202 518 ξύνοικον
1222 459 1396 526 μείνῃ.
1435 457 1527 509 καὶ
1557 457 1623 526 δὴ
1651 459 1741 510 καὶ
1772 454 1911 511 κατὰ

223 542 396 591 ταῦτα
415 533 482 590 τά
501 534 803 605 παθήματα
833 538 1167 606 διαμείβεται
1195 534 1291 600 τὰς
1312 536 1493 608 χώρας
1521 535 1762 592 ἅπαντα·
1798 540 1911 592 διέ-

225 635 388 688 στηκε
408 617 510 687 μὲν
529 615 636 687 γὰρ
657 623 760 671 τοῦ
778 619 978 687 γένους
1007 617 1244 672 ἑκάστου
1263 616 1328 672 τὰ
1358 616 1546 688 πλήθη
1576 616 1714 673 κατὰ
1733 619 1909 674 τόπον

222 702 368 753 ἴδιον
387 697 477 753 διὰ
495 699 599 769 τὴν
618 704 714 769 τῆς
733 701 1025 769 δεχομένης
1048 703 1288 770 κίνησιν,
1310 698 1376 753 τὰ
1407 701 1466 753 δὲ
1495 697 1908 770 ἀνομοιούμενα

222 778 481 834 ἑκάστοτε
501 779 732 845 ἑαυτοῖς,
756 777 944 842 σίλλοις
967 775 1070 833 δὲε
1046 778 1401 848 ομοιούμενα,
1433 782 1656 851 φέρεται
1688 779 1777 835 διὰ
1807 779 1910 836 τὸν

221 860 448 931 σεισμὸν
465 858 604 932 πρὸς
621 858 724 915 τὸν
743 863 971 915 ἐκείνων
990 855 1070 923 οἷς
1087 856 1160 914 ἂν
1179 857 1436 931 ὁμοιωθῇ
1453 861 1641 916 τόπον.
1682 859 1787 916 ὅσα
1806 862 1910 932 μὲν

222 944 328 995 οὐν
348 940 561 1010 άκρατα
591 944 683 996 καὶ
713 947 902 1009 πρῶτα
934 940 1179 1010 σώματα,
1199 938 1287 994 διὰ
1308 942 1577 996 τοιούτων
1598 947 1786 997 αἰτιῶν
1815 944 1910 1012 γέ-

221 1043 380 1091 γονε·
429 1029 529 1077 τοῦ
561 1022 613 1077 δ’
647 1025 708 1077 ἐν
736 1034 850 1086 τοῖς
878 1025 1082 1077 εἴδεσιν
1115 1018 1301 1076 αὐτῶν
1340 1022 1497 1092 ἕτερα
1531 1025 1908 1094 ἐμπεφυκέναι

219 1107 351 1173 γένη
368 1101 474 1174 τὴν
495 1105 754 1174 ἑκατέρου
772 1110 886 1158 τῶν
906 1107 1189 1173 στοιχείων
1219 1107 1491 1159 αἰτιατέον
1518 1104 1801 1174 σύστασιν,
1831 1104 1905 1175 μὴ

219 1183 398 1255 μόνον
435 1187 498 1240 ἓν
528 1185 792 1255 ἑκατέραν
822 1187 1060 1254 μέγεθος
1088 1189 1215 1255 ἔχον
1239 1182 1301 1239 τὸ
1331 1190 1603 1255 τρίγωνον
1632 1192 1907 1255 φυτεῦσαι

156 1277 188 1318 D
221 1261 341 1320 κατ’
383 1261 571 1336 ἀρχάς,
610 1263 733 1320 ἀλλ’
769 1265 973 1320 ἐλάττω
1001 1285 1060 1319 τε
1089 1269 1180 1319 καὶ
1215 1269 1393 1335 μείζω,
1431 1265 1531 1320 τὸν
1568 1264 1813 1336 ἀριθμὸν
1851 1268 1910 1321 δὲ

215 1349 409 1415 ἔχοντα
428 1353 715 1416 τοσοῦτον,
739 1344 949 1417 ὅσαπερ
970 1343 1042 1400 ἀν
1059 1339 1096 1417 ᾗ
1116 1345 1219 1400 τάν
1240 1357 1352 1410 τοῖς
1373 1350 1540 1401 εἴδεσι
1559 1348 1708 1417 γένη.
1736 1347 1819 1401 διὸ
1841 1345 1907 1417 δὴ

216 1426 643 1497 συμμιγνύμενα
674 1425 816 1482 αὐτά
849 1449 906 1482 τε
934 1425 1071 1496 πρὸς
1100 1426 1240 1483 αὐτοὶ
1274 1430 1364 1483 καὶ
1399 1427 1536 1497 πρὸς
1565 1426 1772 1498 ἄλληλα
1803 1428 1906 1499 τὴν

215 1513 496 1562 ποικιλίαν
515 1509 664 1563 ἐστὶν
675 1506 873 1578 ἄπειρα
889 1529 899 1539 ·
921 1501 984 1579 ἧς
1005 1506 1070 1579 δὴ
1094 1513 1180 1564 δεῖ
1193 1508 1448 1580 θεωροὺς
1466 1514 1757 1579 γίγνεσθαι
1775 1509 1908 1576 τούς

217 1593 517 1660 μέλλοντας
539 1590 658 1657 περὶ
682 1589 903 1660 φύσεως
922 1590 1089 1645 εἰκότι
1109 1591 1254 1664 λόγῳ
1275 1591 1596 1662 χρήσεσθαι.

354 1675 535 1726 XXIII.
576 1672 860 1741 Κινήσεως
889 1666 994 1727 οὖν
1022 1672 1267 1737 στάσεώς
1285 1695 1344 1728 τε
1373 1675 1515 1741 πέρι,
1545 1678 1667 1728 τίνα
1691 1673 1905 1743 τρόπον

215 1754 305 1806 καὶ
341 1753 475 1822 μεθ’
507 1774 761 1808 ωντινων
791 1758 1121 1824 γίγνεσθον,
1146 1759 1198 1810 εἰ
1222 1754 1297 1825 μή
1325 1775 1404 1818 τις
1434 1755 1902 1825 διομολογήσεται,

153 1849 182 1889 Ε
216 1831 377 1888 πόλλ’
410 1830 483 1890 ἀν
513 1842 596 1939 εἴη
625 1834 884 1905 ἐμποδών
913 1858 990 1891 τω
1019 1836 1359 1892 κατόπισθεν
1390 1842 1649 1908 λογισμῷ.
1705 1858 1769 1890 τα
1802 1859 1903 1906 μεν

218 1907 323 1969 οὖν
341 1914 446 1986 ἤδη
474 1918 596 1984 περι
617 1914 807 1971 αὐτων
829 1924 1057 1988 εἴρηται,
1080 1915 1216 1988 πρὸς
1238 1915 1290 1972 δ’
1314 1920 1540 1981 ἐκείνοις
1560 1921 1636 1972 ἔτι
1661 1917 1807 1986 τάδε,
1840 1920 1901 1971 έν

215 1998 316 2065 μὲν
337 1994 632 2069 ὁμαλότητι
651 2001 922 2069 μηδέποτε
953 2002 1168 2055 ἐθέλειν
1198 2004 1417 2070 κίνησιν
1447 1996 1760 2054 ἐνεῖναι.τό
1791 1995 1899 2068 γὰρ

216 2079 585 2149 κινησόμενον
604 2079 742 2135 ἄνευ
758 2087 861 2135 τοῦ
879 2079 1206 2149 κινήσοντος
1223 2075 1260 2149 ἦ
1277 2078 1339 2134 τὸ
1372 2085 1605 2149 κινῆσον
1634 2077 1771 2134 ἄνευ
1800 2083 1904 2133 τοῦ

217 2163 586 2230 κινησομένου
614 2161 873 2230 χαλεπόν,
897 2166 1108 2230 μᾶλλον
1139 2161 1199 2215 δὲ
1227 2157 1510 2214 ἀδύνατον
1540 2158 1680 2214 εἶναι
1698 2180 1708 2190 ·
1746 2163 1902 2229 κίνη-

216 2258 298 2303 σις
332 2243 392 2295 δὲ
419 2238 523 2295 οὐκ
553 2245 667 2296 ἔστι
696 2242 910 2297 τούτων
940 2240 1229 2297 ἀπόντων·
1265 2247 1437 2296 ταῦτα
1467 2240 1526 2297 δὲ
1554 2238 1733 2311 ὁμαλὰ
1763 2239 1908 2296 εἷναί

215 2341 348 2376 ποτε
368 2320 664 2378 ἀδύνατον.
704 2321 851 2378 οὕτω
874 2323 939 2394 δὴ
965 2322 1159 2378 στάσιν
1178 2345 1279 2393 μεν
1310 2325 1371 2378 ἐν
1401 2320 1712 2393 ὁμαλότητι,
1743 2328 1903 2392 κίνη-

133 2415 190 2458 58
219 2419 310 2457 σιν
331 2406 390 2457 δὲ
418 2407 495 2467 εἰς
523 2401 921 2475 ἀνωμαλότητα
950 2403 1035 2459 ἀεὶ
1066 2411 1337 2474 τιθωμεν·
1376 2407 1519 2459 αἰτία
1557 2405 1615 2458 δὲ
1643 2401 1901 2473 ἀνισότης

213 2476 287 2537 αὖ
306 2490 400 2554 τῆς
422 2482 723 2554 ἀνωμάλου
742 2485 978 2555 φύσεως.
1001 2484 1325 2555 ἀνισότητος
1344 2483 1403 2539 δε
1424 2488 1642 2553 γένεσιν
1661 2506 1762 2554 μεν
1784 2486 1898 2538 διε-

210 2564 565 2634 ληλύθαμεν·
611 2584 728 2630 πως
762 2569 826 2621 δέ
849 2586 983 2621 ποτε
1014 2564 1084 2621 οὐ
1112 2563 1249 2621 κατὰ
1282 2567 1415 2637 γένη
1456 2566 1894 2635 διαχωρισθέντα

210 2646 412 2700 ἕκαστα
441 2646 712 2700 πέπαυται
741 2653 837 2716 τῆς
873 2646 945 2702 δι’
985 2646 1241 2718 ἀλλήλων
1274 2646 1544 2718 κινήσεως
1579 2647 1670 2701 καὶ
1704 2650 1899 2715 φορᾶς,

213 2724 314 2780 οὐκ
339 2733 565 2797 εἴπομεν
579 2748 590 2759 ·
614 2720 721 2782 ὦδε
742 2721 847 2782 οὖν
866 2728 1037 2785 πάλιν
1058 2730 1309 2799 ἐροῦμεν.
1345 2726 1378 2799 ἡ
1399 2734 1502 2784 τοῦ
1520 2723 1723 2789 παντὸς
1742 2731 1900 2794 περί-

212 2809 355 2875 οδος,
383 2807 569 2878 ἐπειδὴ
591 2813 992 2881 συμπεριέλαβε
1009 2808 1076 2864 τά
1095 2813 1246 2880 γένη,
1279 2804 1614 2879 κυκλοτερὴς
1645 2801 1787 2862 οὖσα
1808 2808 1899 2862 καὶ
