1962 3236
205 195 310 247 406
601 198 1078 246 ΠΛΑΤΩΝΟΣ
1113 200 1494 249 ΤΙΜΑΙΟΣ.
1818 209 1877 254 88

115 343 174 388 92
206 327 316 384 ὑπὸ
338 327 530 399 ἀργίας
550 329 793 384 ἑκάστων
814 332 874 384 αἱ
888 335 1188 400 περιφοραί
1198 351 1208 361 ·
1230 331 1541 401 τετράπουν
1563 353 1622 388 τε
1640 331 1700 387 τὸ
1722 337 1882 403 γένος

206 408 393 465 αὐτῶν
419 412 477 463 ἐκ
511 409 713 478 ταύτης
742 409 942 478 ἐφύετο
973 412 1064 464 καὶ
1093 409 1386 465 πολύπουν
1411 417 1508 482 τῆς
1537 412 1879 483 προφάσεως,

205 498 349 546 θεοῦ
381 491 568 561 βάσεις
598 487 962 553 ὑποτιθέντος
994 495 1215 554 πλείους
1243 503 1355 555 τοῖς
1384 498 1592 561 μᾶλλον
1621 492 1878 563 ἄφροσιν,

208 571 279 637 ὥς
313 577 522 643 μᾶλλον
550 572 636 626 ἐπὶ
657 576 763 640 γῆν
792 571 1054 626 ἕλκοιντο.
1100 582 1211 635 τοῖς
1237 569 1285 626 δ’
1319 570 1750 644 ἀφρονεστάτοις
1780 570 1883 626 αὐ·-

205 659 319 707 τοῖν
336 651 549 708 τούτων
578 653 669 706 καὶ
690 650 1004 706 παντάπασι
1020 649 1159 723 πρὸς
1176 659 1283 722 γῆν
1300 658 1411 707 πᾶν
1435 651 1495 708 τὸ
1529 658 1685 723 σῶμα
1715 675 1882 708 κατα-

205 735 537 803 τεινομένοις
557 730 630 796 ὡς
650 729 817 787 οὐδὲν
837 736 915 787 ἔτι
935 736 1125 787 ποδῶν
1143 739 1324 804 χρείας
1344 733 1528 804 οὔσης,
1544 733 1723 788 ἄποδα
1744 731 1882 788 αὐτοὶ

206 817 295 870 καὶ
317 813 670 884 ἰλυσπώμενα
690 815 776 867 ε’πὶ
796 818 895 882 γῆς
914 814 1229 884 ἐγέννησαν.
1264 812 1324 877 τὸ
1347 815 1406 869 δὲ
1436 817 1694 883 τέταρτον
1725 817 1884 883 γένος

206 899 445 966 ἔνυδρον
474 895 703 965 γέγονεν
728 895 788 948 ἐκ
815 898 930 947 τῶν
955 893 1189 963 μάλιστα
1216 891 1597 964 ἀνοητοτάτων
1625 895 1714 948 καὶ
1742 891 1884 963 ἀμα-

205 978 511 1046 θεστάτων,
534 974 631 1039 οὓς
650 972 771 1030 οὐδ’
799 972 1080 1044 ἀναπνοῆς
1099 979 1352 1044 καθαροῖς
1371 977 1447 1028 ἔτι
1462 972 1701 1044 ἠξίωσαν
1719 977 1774 1028 οἱ
1789 994 1886 1043 με-

205 1058 619 1124 ταπλάττοντες,
635 1053 706 1120 ὡς
725 1053 828 1125 τὴν
847 1053 1031 1125 ψυχὴν
1051 1052 1157 1110 ὑπὸ
1181 1061 1543 1127 πλημμελείας
1564 1053 1742 1125 πάσης
1760 1052 1885 1108 ἀκα-

206 1139 430 1206 θάρτως
450 1135 706 1208 ἐχόντων,
719 1133 842 1191 ἀλλ’
865 1133 986 1191 ἀντὶ
1007 1142 1203 1207 λεπτῆς
1222 1137 1311 1192 καὶ
1331 1142 1586 1207 καθαρᾶς
1606 1133 1887 1204 ἀναπνοῆς

209 1221 370 1291 ἀέρος
390 1223 464 1283 εἰς
485 1217 687 1282 ὕδατος
705 1216 952 1286 θολεράν
971 1219 1058 1272 καὶ
1079 1223 1318 1289 βαθεῖαν
1330 1222 1510 1272 ἔωσαν
1530 1214 1884 1271 ἀνάπνευσιν·

148 1316 180 1356 Β
211 1299 351 1355 ὅθεν
382 1297 596 1369 ἰχθύων
626 1302 793 1361 ἔθνος
827 1298 918 1351 καὶ
943 1295 1003 1350 τὸ
1031 1304 1143 1351 τῶν
1172 1294 1414 1365 ὀστρέων
1442 1295 1804 1362 ξυναπάντων
1829 1316 1885 1349 τε

207 1382 312 1438 ὅσα
332 1384 537 1449 ἔνυδρα
561 1383 771 1450 γέγονε,
795 1382 952 1448 δίκην
976 1375 1219 1448 ἀμαθίας
1237 1379 1458 1449 ἐσχάτης
1488 1377 1714 1446 ἐσχάτας
1733 1376 1886 1445 οἰκή-

208 1480 319 1528 σεις
348 1460 657 1532 εἰληχότων.
706 1462 798 1515 καὶ
826 1457 964 1514 κατὰ
999 1466 1171 1514 ταῦτα
1200 1458 1265 1530 δὴ
1303 1459 1479 1514 πάντα
1505 1458 1627 1513 τότε
1661 1460 1751 1512 καὶ
1781 1463 1888 1511 νῦν

208 1548 540 1615 ὃιαμείβεται
568 1544 634 1597 τὰ
666 1547 773 1608 ζῶα
812 1546 885 1605 εἰς
919 1540 1144 1612 ἄλληλα,
1179 1548 1285 1597 νοῦ
1307 1542 1398 1596 καὶ
1423 1538 1611 1603 ἀνοίας
1639 1537 1886 1609 ἀποβολῇ

210 1629 300 1682 καὶ
322 1626 510 1697 κτήσει
527 1625 992 1698 μεταβαλλόμενα.
1015 1626 1104 1679 καὶ
1117 1623 1183 1695 δὴ
1204 1625 1295 1679 καὶ
1314 1628 1465 1687 τέλος
1483 1622 1606 1692 περὶ
1623 1626 1724 1676 τοῦ
1744 1639 1887 1674 παν-

205 1711 299 1775 τὸς
320 1716 429 1764 νῦν
447 1707 552 1779 ἤδη
572 1705 673 1762 τὸν
693 1706 864 1776 λόγον
887 1703 1019 1776 ἡμῖν
1038 1712 1230 1776 φαῖμεν
1251 1709 1392 1775 ἔχειν
1406 1727 1416 1736 ·
1453 1701 1634 1774 θνητὰ
1660 1701 1764 1772 γὰρ
1796 1703 1885 1757 καὶ

207 1790 464 1847 ἀθάνατα
476 1796 584 1857 ζῶα
597 1787 785 1861 λαβών
797 1791 887 1844 καὶ
906 1790 1323 1858 ξυμπληρωθεὶς
1336 1785 1430 1841 ὅδε
1449 1783 1476 1840 ὁ
1501 1785 1706 1856 κόσμος
1719 1783 1882 1851 οὕτω,

207 1879 348 1940 ζῶον
376 1871 577 1943 ὁρατὸν
607 1872 672 1927 τὰ
696 1868 868 1942 ὁρατὰ
895 1871 1166 1941 περιέχον,
1201 1867 1366 1925 εἰκών
1389 1873 1491 1923 τοῦ
1519 1871 1726 1937 νοητοῦ
1752 1866 1887 1930 θεὸς

208 1954 489 2026 αἰσθητός,
511 1956 762 2026 μέγιστος
781 1954 871 2008 καὶ
890 1952 1112 2021 ἀριστος
1131 1950 1419 2015 κάλλιστός
1436 1971 1493 2004 τε
1511 1951 1602 2004 καὶ
1620 1947 1886 2004 τελεώτα-

207 2060 299 2103 τος
319 2040 566 2109 γέγονεν,
592 2032 667 2101 εἷς
688 2033 927 2104 οὐρανὸς
948 2033 1041 2090 ὅδε
1060 2032 1365 2105 μονογενὴς
1395 2029 1488 2088 ὤν.
