1962 3236
218 178 323 230 278
888 180 1360 228 ΠΛΑΤΩΝΟΣ

212 318 421 385 χαίρων
449 335 545 381 τις,
582 310 615 383 ἡ
651 317 747 381 τῆς
774 310 978 382 ἡδονῆς
1004 309 1202 382 ἡσυχία
1233 311 1486 382 λυπηρὸν
1515 317 1678 368 ἔσται.
1712 314 1884 386 Ἴσως,

211 398 333 466 ἔφη.
363 391 425 451 0
440 392 685 464 μεταξύ’
662 392 770 461 α’ρα
796 400 904 448 νῦν
925 392 991 463 δὴ
1012 391 1342 464 ἀμφοτέρων
1363 398 1575 464 ἔφαμεν
1603 393 1759 464 εἶναι,
1786 394 1887 466 τὴν

210 475 461 547 ἡσυχίαν,
482 475 649 530 τοῦτό
669 496 800 530 ποτε
822 474 1109 547 ἀμφότερα
1129 482 1294 544 ἔσται,
1315 476 1462 547 λύπη
1490 498 1549 531 τε
1575 479 1666 532 καὶ
1694 475 1885 549 ἡδονή.

199 557 427 615 Ἔοικεν.
458 551 524 611 ’H
542 559 632 611 καὶ
653 556 897 612 δυνατὸν
914 558 974 613 τό
994 561 1261 629 μηδέτερα
1293 557 1360 613 ὂν
1389 557 1674 629 ἀμφότερα
1703 568 1888 630 γίγνε-

211 649 372 695 σθαι·
360 681 373 706 ,
416 637 504 694 Οὔ
522 661 615 709 μοι
634 642 795 694 δοκεῖ.
834 641 944 694 Καὶ
962 637 1073 710 μὴν
1091 638 1154 694 τό
1173 661 1235 710 γε
1255 637 1409 710 ἡδυ’
1383 662 1443 694 εν
1462 647 1607 712 ψυχῇ
1628 644 1889 712 γιγνόμε-

210 743 312 775 νον
341 723 431 775 καὶ
450 718 510 775 τὸ
533 717 787 790 λυπηρὸν
809 725 1019 790 κίνησίς
1051 743 1129 784 τις
1158 719 1451 825 αμφοτέρω
1485 721 1674 776 ἐστόν·
1719 718 1755 792 ἢ
1789 721 1887 789 οὕς

96 813 184 858 584
211 800 459 858 Ναί.Τὸ
493 802 553 857 δε
580 801 713 871 μήτε
743 801 994 871 λυπηρὸν
1023 801 1158 871 μήτε
1186 799 1294 870 ἡδὺ
1327 800 1449 871 οὐχὶ
1476 800 1672 872 ἡσυχία
1701 806 1889 873 μέντοι

212 885 303 939 καὶ
323 887 383 938 ἐν
402 887 547 956 μέσῳ
568 882 791 937 τούτοιν
810 883 991 951 ε’φοὶνη
1021 881 1173 949 ἅρτις
1208 881 1415 952 Έφάνη
1444 884 1566 951 γάρ.
1623 888 1753 946 Πῶς
1781 877 1887 937 οὖν

211 965 401 1036 ὀρθῶς
431 970 544 1020 ἔστι
572 962 633 1019 τὸ
667 963 738 1034 μὴ
768 962 957 1033 ἀλγεῖν
990 961 1097 1033 ἡδὺ
1133 961 1390 1033 ἡγεῖσθαι
1419 961 1456 1033 ἦ
1483 963 1545 1019 τὸ
1575 965 1648 1035 μὴ
1681 971 1889 1036 χαίρειν

212 1047 474 1145 ἀνιαρόν;
517 1043 804 1115 Οὐδαμῶς.
846 1044 965 1099 Οὐκ
996 1049 1142 1099 ἔστιν
1174 1044 1282 1113 ἄρα
1309 1051 1490 1114 τοῦτο,
1521 1043 1660 1101 ἀλλὰ
1693 1052 1890 1117 φαίνε-

212 1152 317 1196 ται,
339 1131 413 1199 ήν
442 1125 489 1182 δ’
524 1126 649 1197 ἐγώ,
688 1125 835 1194 παρὰ
863 1127 924 1181 τὸ
961 1125 1220 1197 ἀλγεινὸν
1255 1125 1362 1197 ἡδὺ
1393 1131 1482 1181 καὶ
1512 1147 1660 1197 παρα
1687 1127 1747 1183 τὸ
1780 1126 1888 1199 ἡδυ

213 1207 470 1280 ἀλγεινὸν
493 1210 615 1264 τότε
638 1206 672 1279 ἡ
687 1206 903 1279 ἡσυχία,
926 1210 1016 1264 καὶ
1037 1206 1250 1263 οὐδὲν
1221 1230 1371 1278 υγιες
1388 1209 1602 1264 τούτων
1619 1214 1732 1264 τῶν
1751 1231 1888 1279 φαν-

211 1292 503 1363 τασμοὲτων
534 1290 673 1361 πρὸς
691 1288 896 1360 ἡδονῆς
926 1289 1214 1360 ἀλήθειαν,
1247 1287 1384 1344 ἀλλὰ
1413 1295 1632 1360 γοητεία
1661 1312 1755 1354 τις.
1797 1289 1892 1354 Ὡς

154 1383 187 1424 Β
214 1381 355 1444 γοῦν
374 1371 402 1428 ὁ
424 1371 603 1440 λόγος,
627 1376 750 1441 ἔφη,
779 1377 1045 1441 σημαίνει.
1079 1369 1177 1426 Ἰδὲ
1194 1377 1404 1439 τοίνυν,
1426 1375 1568 1440 ε”φην
1599 1371 1724 1440 ἐγώ,
1758 1369 1892 1440 ἡδο-

214 1457 331 1525 νάς,
355 1460 414 1509 αἳ
431 1452 534 1508 οὐκ
554 1456 613 1507 ἐκ
633 1460 826 1508 λυπῶν
847 1458 1001 1522 εἰσίν,
1021 1457 1111 1507 ἵνα
1130 1451 1202 1522 μὴ
1235 1451 1496 1515 πολλάκις
1520 1457 1718 1524 οἰηθῇς
1737 1454 1798 1507 ἐν
1814 1457 1890 1525 τῷ

214 1538 448 1607 παρόντι
469 1534 616 1589 οὕτω
637 1540 801 1590 τοῦτο
824 1539 1146 1605 πεφυκέναι,
1167 1532 1381 1605 ἡδονὴν
1408 1535 1509 1604 μὲν
1542 1538 1763 1589 παῦλαν
1790 1535 1894 1589 λύ-

215 1641 319 1690 πης
338 1617 494 1688 εἶναι,
520 1616 703 1687 λύπην
733 1617 791 1673 δὲ
822 1615 1040 1688 ἡδονῆς.
1077 1622 1201 1670 Ποῦ
1231 1615 1315 1685 δή,
1346 1620 1470 1686 ἔφη,
1500 1620 1590 1670 καὶ
1619 1621 1777 1679 ποίας
1805 1618 1897 1670 λέ-

215 1726 357 1775 γεις;
394 1703 605 1757 Πολλαὶ
633 1703 750 1771 μέν,
773 1699 944 1767 εἷπον,
969 1703 1059 1756 καὶ
1079 1700 1256 1770 ἄλλαι,
1288 1700 1523 1770 μάλιστα
1555 1698 1604 1754 δ’
1639 1705 1688 1755 εἰ
1716 1703 1897 1763 θέλεις

215 1789 476 1854 ἐννοῆσαι
497 1784 593 1848 τὰς
612 1785 735 1851 περὶ
755 1785 851 1847 τὰς
871 1781 1045 1853 ὀσμὰς
1062 1780 1283 1852 ἡδονάς.
1335 1777 1496 1836 αὗται
1524 1779 1629 1850 γὰρ
1660 1780 1728 1836 οὐ
1757 1802 1897 1849 προ-

217 1870 524 1938 λυπηθέντι
544 1868 801 1936 ἐξαίφνης
821 1864 1089 1936 ἀμήχανοι
1106 1866 1166 1919 τό
1187 1867 1420 1934 μέγεθος
1438 1870 1739 1933 γίγνονται,
1762 1884 1896 1917 παυ-

218 1949 457 2020 σάμεναί
469 1970 527 2003 τε
548 1948 732 2018 λύπην
753 1946 1017 2018 οὐδεμίαν
1037 1952 1477 2002 καταλείπουσιν.
1512 1943 1894 2015 Ἀληθέστατα,

160 2044 192 2085 G
218 2035 337 2101 ἔφη.
376 2028 477 2099 Μὴ
498 2029 606 2098 ἄρα
625 2029 954 2098 πειθώμεθα
974 2026 1236 2095 καθαρὰν
1263 2025 1475 2096 ἡδονὴν
1502 2026 1641 2081 εἶναι
1663 2024 1764 2095 τὴν
1797 2032 1898 2079 λυ-

218 2133 322 2182 πης
341 2110 685 2180 ἀπαλλαγήν,
703 2111 843 2180 μηδὲ
865 2109 1049 2179 λύπην
1068 2108 1170 2178 τὴν
1196 2106 1414 2178 ἡδονῆς.
1453 2104 1552 2176 Μὴ
1583 2105 1703 2174 γάρ.
1739 2103 1895 2161 Ἀλλά

217 2195 421 2263 μέντοι,
448 2190 620 2259 εἷπον,
643 2194 703 2245 αἵ
720 2212 782 2259 γε
805 2189 894 2244 διὰ
915 2196 1014 2244 τοῦ
1047 2190 1298 2259 στόματος
1328 2191 1413 2243 ἐπὶ
1443 2187 1546 2258 τὴν
1575 2185 1758 2257 ψυχὴν
1787 2193 1898 2241 τεί-

218 2290 417 2328 νουσαι
446 2274 536 2327 καὶ
564 2272 857 2342 λεγόμεναι
888 2272 1084 2341 ἡδοναὶ
1120 2269 1317 2340 σχεδὸν
1353 2274 1412 2324 αἱ
1439 2275 1686 2324 πλεῖσταί
1718 2290 1776 2323 τε
1807 2270 1898 2323 καὶ

218 2355 466 2425 μέγισται
483 2353 685 2409 τούτου
703 2360 804 2408 τοῦ
826 2358 1006 2417 εἴδους
1027 2358 1147 2422 εἰσί,
1180 2358 1372 2407 λυπῶν
1403 2351 1543 2415 τινὲς
1573 2349 1895 2419 (ἐπαλλαγαί.

217 2438 342 2492 Εἰσὶ
359 2436 481 2506 γάρ.
523 2433 753 2491 Οὐκοῦν
773 2438 862 2490 καὶ
882 2440 942 2491 αἱ
955 2434 1061 2504 πρὸ
1085 2435 1402 2504 μελλόντων
1418 2432 1633 2487 τούτων
1652 2434 1712 2487 ἐκ
1740 2452 1896 2500 προς·

220 2523 409 2581 δοκίας
426 2517 748 2587 γιγνόμεναι
770 2518 1146 2588 προησθήσεις
1164 2538 1222 2571 τε
1250 2517 1340 2571 καὶ
1361 2513 1731 2583 προλυπήσεις
1759 2511 1896 2566 κατὰ

218 2597 391 2654 ταύτὰ
417 2603 662 2669 ἒχουσιν;
701 2597 856 2654 Κατὰ
876 2597 1063 2654 ταύτά.

157 2705 189 2745 1)
362 2685 421 2735 X.
484 2679 646 2737 Οἷσθ’
687 2703 809 2752 ουν,
840 2675 911 2752 ἦν
946 2680 995 2735 δ’
1037 2681 1162 2751 ἐγώ,
1203 2677 1318 2735 οἷαί
1342 2683 1444 2734 εἰσι
1474 2679 1564 2732 καὶ
1593 2670 1640 2749 ᾦ
1666 2677 1896 2746 μάλιστα

225 2766 491 2827 ἐοίκασινς
536 2768 654 2835 Τῶ;
679 2768 799 2832 ἐφη.
834 2768 1088 2833 Νομίζεις
1107 2785 1173 2832 τι,
1194 2761 1366 2831 εἷπον,
1386 2763 1450 2815 ἐν
1473 2765 1537 2829 τῇ
1568 2757 1733 2828 φύσει
1762 2755 1900 2811 εἶναι

225 2841 286 2897 τὸ
308 2864 409 2911 μεν
428 2843 562 2911 ἄνω,
594 2843 655 2898 τό
678 2845 736 2898 δε
766 2867 932 2911 κατω,
971 2844 1033 2898 τὸ
1065 2844 1124 2899 δε
1151 2847 1347 2914 μέσους
1366 2841 1591 2909 ’Έγωγέ
1646 2845 1765 2893 Οῐει
1796 2831 1903 2892 οὖν
