1962 3236
239 154 343 205 402
851 155 1333 205 ΠΛΑΤΩΝΟΣ
1856 167 1916 212 84

241 287 341 358 μὲν
360 286 629 358 μηδέποτε
649 284 882 357 ἡσυχίαν
900 287 1056 357 ἄγειν
1075 290 1157 360 ἐᾷ,
1179 293 1309 359 κινῇ
1337 289 1402 345 δὲ’
1424 291 1514 345 καὶ
1544 291 1800 362 σεισμοὺς
1830 291 1921 349 ἀεί

177 378 210 417 Ε
238 390 392 433 τινας
411 370 654 439 ἐμποιῶν
674 364 825 439 αὐτῷ
851 365 941 422 διὰ
962 366 1168 432 παντὸς
1194 367 1291 434 τὰς
1320 370 1474 435 ἐντὸς
1493 373 1582 427 καὶ
1600 371 1750 438 ἐκτὸς
1772 372 1912 444 ἀμύ-

239 471 398 520 νηται
417 448 554 504 κατὰ
574 447 748 518 φύσιν
767 449 1024 519 κινήσεις,
1045 451 1136 505 καὶ
1164 455 1395 521 μετρίως
1424 457 1588 507 σείων
1615 452 1681 507 τά
1706 475 1763 508 τε
1792 455 1916 522 περὶ

238 530 298 586 τὸ
323 536 480 600 σῶμα
499 528 832 599 πλανώμενα
852 529 1148 600 παθήματα
1167 533 1259 587 καὶ
1278 535 1413 603 μέρη
1443 531 1582 588 κατὰ
1603 537 1915 606 ξυγγενείας

243 616 317 676 εἰς
335 611 489 676 τάξιν
507 617 830 682 κατακοσμῇ
848 611 987 680 πρὸς
1006 611 1229 683 ἄλληλα,
1252 611 1389 667 κατὰ
1409 612 1507 669 τὸν
1535 615 1786 683 πρόσθεν
1817 615 1913 670 λό-

238 714 356 762 γον,
380 689 448 747 ὂν
476 693 598 762 περὶ
629 698 730 746 τοῦ
756 690 961 757 παντὸς
990 694 1264 765 ἐλέγομεν,
1298 692 1400 750 οὐκ
1429 695 1634 765 ἐχθρὸν
1664 695 1793 767 παρ’
1826 699 1914 766 ε’χ-

238 773 386 844 θρὸν
414 777 708 845 τιθέμενον
730 773 877 828 ἐάσει
903 776 1175 845 πολέμους
1205 778 1468 831 ἐντίκτειν
1495 782 1570 850 τῷ
1592 776 1801 847 σώματι
1825 779 1916 832 καὶ

239 855 458 926 νόσους,
481 854 618 910 ἀλλὰ
640 860 806 926 φίλον
825 853 973 925 παρὰ
1002 861 1169 926 φίλον
1185 859 1350 911 τεθὲν
1369 854 1581 926 ὑγίειαν
1607 856 1914 927 ἀπεργαζό-

154 957 211 1001 89
240 958 412 1008 μενον
431 939 662 1008 παρέξει.
701 941 813 991 τῶν
844 934 901 991 δ’
935 931 1006 991 αὖ
1037 936 1371 1008 κινήσεων-ἡ
1403 941 1464 993 έν
1493 940 1668 1012 ἑαυτῷ
1687 937 1790 1008 ὑφ’
1811 937 1916 993 αὑ-

238 1026 342 1096 τοῦ
370 1017 562 1090 άρίστη
594 1023 831 1089 κίνησις·
874 1018 1106 1088 μάλιστα
1136 1017 1243 1088 γὰρ
1266 1025 1334 1091 τῇ
1371 1022 1689 1091 διανοητικῇ
1726 1022 1816 1075 καὶ
1849 1026 1916 1090 τῇ

192 1150 195 1154 ,
238 1108 340 1156 τοῦ
377 1099 582 1164 παντὸς
610 1099 822 1170 κινήσει
858 1098 1146 1170 ξυγγενής·
1184 1096 1218 1169 ἡ
1258 1098 1317 1154 δὲ
1353 1097 1450 1154 ὑπ’
1490 1099 1663 1155 ἄλλου
1691 1105 1913 1170 χείρων·

237 1187 475 1252 χειρίστη
496 1181 556 1235 δὲ
579 1177 613 1251 ἡ
633 1185 889 1251 κειμένου
907 1187 1010 1235 τοῦ
1029 1180 1277 1251 σώματος
1308 1183 1398 1236 καὶ
1423 1181 1656 1251 ἄγοντος
1682 1180 1916 1251 ἡσυχίαν

240 1262 312 1317 δι’
336 1263 537 1334 ἑτέρων
564 1260 699 1317 αὐτὸ
722 1261 860 1317 κατὰ
891 1265 1025 1332 μέρη
1058 1269 1304 1317 κινοῦσα.
1343 1261 1427 1316 διὸ
1462 1262 1528 1332 δὴ
1561 1269 1675 1317 τῶν
1699 1261 1916 1333 καθάρ-

242 1360 385 1399 σεων
403 1345 493 1399 καὶ
514 1342 834 1409 ξυστάσεων
851 1348 952 1397 τοῦ
975 1339 1276 1413 σώματοςὴ
1308 1342 1409 1413 μὲν
1439 1342 1528 1397 διὰ
1559 1350 1672 1398 τῶν
1700 1364 1916 1413 γυμνα-

240 1433 377 1481 σίων
409 1424 619 1495 ἀρίστη,
659 1427 885 1493 δευτέρα
924 1422 983 1478 δὲ
1010 1421 1044 1494 ἡ
1083 1422 1168 1478 διὰ
1202 1430 1314 1478 τῶν
1343 1424 1662 1495 αἰωρήσεων
1692 1425 1831 1480 κατά
1860 1446 1916 1479 τε

208 1504 367 1570 τοὺς
397 1510 570 1569 πλοῦς
605 1508 695 1560 καὶ
725 1505 834 1576 ὅπῃ
870 1525 971 1573 περ
1008 1501 1079 1559 ἂν
1108 1503 1321 1575 ὀχήσεις
1357 1504 1556 1560 ἅκοποι
1593 1512 1915 1576 γίγνωνται·

238 1592 426 1655 τρίτον
445 1589 504 1641 δὲ
526 1585 667 1650 εἶδος
685 1586 953 1656 κινήσεως
973 1586 1191 1657 σφόδρα
1211 1588 1341 1641 ποτὲ
1352 1584 1772 1660 ἀναγκαζομένῳ
1792 1585 1914 1657 χρή-

181 1677 210 1717 Β
241 1684 421 1739 σιμον,
442 1667 619 1732 ἄλλως
639 1668 697 1723 δὲ
716 1666 970 1737 οὐδαμῶς
995 1673 1073 1736 τῷ
1092 1674 1231 1721 νοῦν
1252 1671 1431 1737 ἔχοντι
1449 1671 1831 1736 προσδεκτέον,
1854 1667 1914 1722 τὸ

240 1757 335 1821 τῆς
357 1755 804 1820 φαρμακευτικῆς
834 1748 1162 1820 καθάρσεως
1188 1750 1519 1820 γιγνόμενον
1549 1749 1811 1820 ἰατρικόν.
1849 1747 1916 1803 τα

239 1829 346 1903 γάρ
365 1830 667 1902 νοσήματα,
688 1829 792 1885 ὅσα
812 1829 883 1901 μὴ
907 1830 1179 1902 μεγάλους
1200 1837 1306 1901 ἔχει
1327 1831 1642 1899 κινδύνους,
1664 1830 1767 1886 οὐκ
1797 1835 1916 1901 ἐρε-

238 1916 464 1968 θιστέον
485 1918 862 1984 φαρμακείαις.
902 1919 1052 1967 πᾶσα
1072 1911 1178 1982 γὰρ
1208 1912 1463 1977 ξύστασις
1493 1912 1679 1967 νόσων
1708 1911 1918 1980 τρόπον

239 1993 360 2048 τινα
382 1999 447 2065 τῇ
472 1999 584 2048 τῶν
606 1992 761 2059 ζώων
778 1993 944 2064 φύσει
963 1999 1264 2064 προσέοικε.
1287 1992 1494 2063 καὶγὰρ
1514 1991 1774 2064 ἡτούτων
1784 1993 1918 2056 ξύν-

240 2079 367 2140 οδος
396 2081 595 2145 ἔχουσα
625 2076 987 2145 τεταγμένους
1015 2082 1117 2129 τοῦ
1135 2079 1265 2145 βίου
1294 2079 1536 2143 γίγνεται
1562 2073 1798 2142 χρόνους
1816 2078 1916 2127 τοῦ

238 2179 295 2212 τε
316 2160 513 2227 γένους
541 2156 855 2226 ξύμπαντος
884 2157 976 2210 καὶ
1003 2154 1128 2209 κατ’
1155 2154 1287 2209 αὐτὸ
1325 2154 1384 2209 τὸ
1419 2159 1558 2220 ζῶον
1588 2155 1916 2224 εἱμαρμένον

173 2247 203 2290 c
243 2239 477 2292 ἕκαστον
502 2241 628 2306 ἕχον
647 2235 747 2291 τὸν
766 2241 891 2306 βίον
921 2236 1133 2306 φύεται,
1160 2238 1322 2305 χωρὶς
1342 2243 1454 2290 τῶν
1474 2239 1526 2301 ἐξ,
1548 2234 1793 2305 άνάγκης
1812 2255 1918 2289 πα-

240 2317 533 2419 θημάτων·
565 2315 631 2371 τὰ
654 2316 761 2386 γὰρ
782 2322 1022 2386 τρίγωνα
1045 2316 1219 2382 εὐθὺς
1237 2315 1358 2372 κατ’
1382 2316 1548 2387 ἀρχὰς
1568 2318 1800 2372 ἑκάστου
1817 2317 1919 2371 δυ’-

240 2422 406 2470 ναμιν
426 2403 616 2469 ἔχοντα
638 2402 950 2464 ξυνίσταται
971 2403 1125 2470 μέχρι
1145 2397 1294 2463 τινὸς
1315 2399 1524 2468 χρόνου
1543 2396 1752 2454 δυνατα
1772 2401 1918 2496 ἐξαρ-

240 2493 375 2552 κεῖν,
397 2475 469 2536 οὗ
486 2486 614 2552 βίου
642 2478 746 2536 οὐκ
766 2480 837 2535 άν
862 2484 995 2536 ποτέ
1011 2503 1090 2545 τις
1109 2485 1183 2544 εἰς
1203 2478 1262 2535 τὸ
1291 2483 1467 2551 πέραν
1488 2484 1566 2535 ε”τι
1592 2479 1748 2554 βιεόη.
1789 2479 1920 2550 τρό-

237 2583 342 2627 πος
374 2584 479 2617 ουν
514 2559 542 2617 ὁ
576 2559 745 2627 αυτὸς
774 2563 865 2617 καὶ
895 2569 989 2632 τῆς
1025 2564 1151 2630 περὶ
1177 2584 1243 2616 τα
1271 2562 1555 2632 νοσήματα
1586 2561 1916 2627 ξυστάσεως·

239 2666 311 2716 ην
349 2642 484 2698 όταν
518 2665 598 2708 τις
646 2663 796 2714 παρα
831 2641 935 2714 τὴν
971 2647 1303 2714 ειμαρμένην
1335 2649 1438 2697 τοῦ
1472 2642 1678 2712 χρόνου
1715 2646 1920 2711 φθείρῃ
1950 2639 1955 2644 ’

242 2730 621 2795 φαρμακείαις,
637 2723 748 2795 ἅμα
767 2727 826 2779 ἐκ
848 2732 1095 2795 σμικρῶν
1114 2725 1322 2795 μεγάλα
1341 2722 1624 2780 καὶπολλὰ
1644 2727 1696 2788 ἐξ
1717 2721 1918 2791 ὀλίγων
1960 2762 1962 2769 1

242 2806 527 2876 νοσήματα
548 2814 697 2877 φιλεῖ
721 2812 1027 2877 γίγνεσθαι.
1068 2806 1152 2861 διὸ
1185 2811 1553 2876 παιδαγωγεῖν
1583 2809 1669 2859 δεῖ
1693 2808 1919 2870 διαίταις
1960 2803 1961 2807 ’
