1962 3236
614 131 1134 209 ‘HOAITEIAZ
1166 151 1273 222 ⁶2„
1674 160 1780 222 305

85 318 215 368 ματι
244 294 496 365 σώματος
521 298 854 364 μοχθηρίαν,
889 293 1146 366 φήσομεν
1174 291 1309 348 αὐτὰ
1342 290 1418 348 δι’
1457 296 1639 350 ἐκεῖνα
1670 292 1776 350 ὑπὸ

84 385 181 448 τῆς
211 374 388 432 αὑτοῦ
415 380 609 440 κακίας
635 378 812 430 νόσου
840 373 1012 445 οὔσης
1048 372 1418 430 ἀπολωλέναι·
1454 371 1566 430 ὑπὸ
1598 374 1659 431 δὲ
1689 393 1778 430 σι-

83 464 220 514 τίων
241 462 509 527 πονηρίας
530 455 717 512 ἄλλων
735 454 920 511 ὄντων
938 455 1072 511 ἄλλο
1091 450 1160 511 ὂν
1188 454 1250 510 τὸ
1271 461 1446 526 σῶμα,
1478 451 1575 510 ὑπ’
1612 452 1780 512 ἀλλο-
1808 462 1899 508 610

84 544 243 609 τρίου
270 543 449 593 κακοῦ
479 538 553 608 μή
583 536 986 607 ἐμποιήσαντος
1013 535 1074 591 τό
1109 540 1358 606 ἔμφυτον
1390 535 1583 606 κακόν,
1613 534 1776 593 οὐδέ-

85 642 219 676 ποτε
266 617 575 690 ἀξιώσομεν
624 622 1072 688 διαφθείρεσθαι.
1161 615 1451 689 Ὀρθότατ’
1501 617 1602 689 ἄν,
1650 623 1775 692 ἔφη,

0 710 17 779 ξ
84 705 279 772 λέγοις.

226 787 285 837 Χ.
323 779 479 837 Κατά
505 779 605 836 τὸν
626 778 802 836 αὐτὸν
820 786 1013 836 τοίνυν
1039 781 1228 851 λόγον,
1262 774 1333 851 ἦν
1354 779 1406 836 δ’
1426 782 1553 852 ἐγώ,
1584 779 1684 838 ἐὰν
1702 782 1775 853 μὴ

81 865 335 935 σώματος
365 868 604 933 πονηρία
624 870 774 935 ψυχῇ
794 869 970 934 ψυχῆς
995 868 1270 934 πονηρίαν
1300 865 1516 935 ἐμποιῇ,
1549 864 1623 934 μή
1644 884 1777 919 ποτε
1827 913 1831 917 .

80 946 321 1015 ἀξιῶμεν
352 942 451 999 ὑπ’
485 942 781 1014 ἀλλοτρίου
811 951 991 1000 κακοῦ
1028 943 1167 999 ἄνευ
1205 950 1300 1015 τῆς
1333 946 1473 1008 ἰδίας
1509 950 1778 1016 πονηρίας

84 1025 268 1097 ψυχὴν
296 1023 665 1095 ἀπόλλυσθαι,
695 1033 773 1095 τῷ
805 1029 995 1095 ἑτέρου
1031 1031 1184 1100 κακῷ
1209 1026 1416 1095 ἕτερον.
1465 1025 1613 1095 ’Ἐχει
1646 1026 1772 1096 γάρ,

80 1113 206 1179 ἔφη,
239 1108 426 1176 λόγον.
466 1106 545 1162 Ἢ
567 1116 761 1163 τοίνυν
788 1113 960 1163 ταῦτα
987 1109 1350 1178 ἐξελέγξωμεν
1382 1106 1467 1162 ὅτι
1495 1105 1565 1162 οὐ
1594 1113 1776 1171 καλῶς

78 1191 331 1257 λέγομεν,
352 1184 388 1258 ἢ
407 1188 510 1252 ἕως
529 1185 602 1241 ἀν
621 1181 659 1258 ᾗ
678 1185 992 1257 ἀνέλεγκτα,
1009 1187 1083 1259 μή
1104 1208 1235 1243 ποτε
1255 1194 1450 1258 φαῖμεν
1469 1185 1580 1242 ὑπὸ
1602 1200 1770 1256 πυρε-
1814 1197 1844 1239 Β

79 1276 182 1325 τοῦ
201 1266 329 1340 μηδ’
363 1263 438 1323 αὖ
457 1266 553 1324 ὑπ’
575 1267 746 1340 ἄλλης
766 1270 941 1324 νόσου
966 1268 1096 1340 μηδ’
1131 1264 1205 1324 αὖ
1236 1267 1344 1324 ὑπὸ
1376 1276 1609 1341 σφαγῆς,
1642 1268 1774 1341 μηδ’

78 1359 135 1407 εί
148 1374 227 1415 τις
248 1350 280 1405 ὅ
299 1373 351 1405 τι
370 1348 703 1420 σμικρότατα
724 1347 859 1405 ὅλον
877 1348 938 1405 τὸ
963 1357 1121 1422 σῶμα
1141 1355 1448 1423 κατατέμοι,
1464 1352 1628 1408 ἕνεκα
1641 1353 1778 1409 τού-

67 1449 196 1487 ·των
217 1429 388 1502 μηδὲν
418 1430 631 1501 μᾶλλόν
659 1451 790 1487 ποτε
819 1431 1003 1503 ψυχὴν
1032 1431 1404 1503 ἀπόλλυσθαι,
1435 1435 1570 1503 πρὶν
1592 1433 1667 1489 ἄν
1696 1457 1776 1500 τις

80 1510 360 1584 ἀποδείξῃ,
385 1510 457 1577 ὠς
478 1512 567 1568 διά
588 1519 760 1568 ταῦτα
789 1513 855 1568 τὰ
886 1514 1188 1585 παθήματα
1219 1520 1323 1569 τοῦ
1352 1513 1606 1586 σώματος
1635 1513 1772 1589 αὐτὴ

83 1598 262 1665 ἐκείνη
284 1594 587 1664 ἀδικωτέρα
608 1597 699 1650 καὶ
719 1595 1059 1667 ἀνοσιωτέρα
1089 1603 1359 1667 γίγνεται·
1399 1593 1694 1666 ἀλλοτρίου
1715 1602 1775 1655 δὲ

80 1683 260 1731 κακοῦ
279 1678 340 1732 ἐν
361 1675 507 1750 ἄλλῳ
527 1678 880 1748 γιγνομένου,
901 1684 1003 1733 τοῦ
1024 1677 1084 1734 δὲ
1114 1682 1260 1734 ἰδίου
1281 1678 1490 1752 ἑκάστῳ
1523 1676 1596 1750 μὴ
1626 1682 1774 1751 ἐγγι-

80 1762 378 1829 γνομένου,
398 1757 531 1829 μήτε
555 1758 738 1829 ψυχὴν
756 1759 891 1830 μήτε
912 1758 1046 1815 ἀλλο
1067 1762 1239 1831 μηδὲν
1254 1761 1430 1830 ἐῶμεν
1451 1760 1625 1830 φάναι
1646 1761 1768 1817 τινὰ
1805 1772 1832 1814 C

82 1838 452 1895 ἀπόλλυσθαι.
509 1837 669 1895 Ἀλλὰ
715 1844 919 1911 μέντοι,
956 1845 1079 1913 ἔφη,
1110 1841 1274 1897 τοῦτό
1311 1863 1375 1911 γε
1416 1839 1599 1907 οὐδείς
1638 1863 1770 1918 ποτε

82 1926 258 1989 δείξει,
281 1918 354 1985 ὦς
381 1927 495 1975 τῶν
520 1917 1003 1993 ἀποθνησκόντων
1032 1922 1360 1994 ἀδικώτεραι
1390 1926 1450 1979 αἱ
1478 1926 1648 1996 ψυχαὶ
1679 1925 1768 1980 διά

78 2002 182 2059 τὸν
198 2002 451 2057 θάνατον
467 2007 766 2072 γίγνονται.
799 2002 928 2060 Ἐἀν
958 2006 1021 2060 δέ
1046 2007 1112 2075 γέ
1136 2027 1231 2076 τις,
1263 2009 1406 2077 ἔφην
1437 2006 1563 2077 ἐγώ,
1596 2003 1766 2077 ὁμόσε

5 2086 44 2128 ·‘
79 2089 159 2157 τῷ
179 2083 325 2157 λόγῳ
352 2089 529 2156 τολμᾷ
550 2087 689 2139 ἰέναι
708 2087 799 2140 καὶ
818 2087 1015 2156 λέγειν,
1038 2083 1110 2151 ὡς
1136 2087 1508 2159 πονηρότερος
1530 2089 1622 2144 καὶ
1644 2084 1770 2143 ἀδι-

81 2163 318 2234 κώτερος
336 2169 580 2233 γίγνεται
605 2163 632 2220 ὁ
659 2163 1055 2238 ἀποθνήσκων,
1074 2170 1168 2222 ἵνα
1198 2165 1264 2238 δὴ
1293 2167 1366 2239 μὴ
1399 2165 1770 2240 ἀναγκάζηται

0 2209 66 2322 b
78 2243 398 2310 ἀθανάτους
416 2244 512 2310 τὰς
526 2245 703 2317 ψυχὰς
723 2246 1032 2320 ὁμολογεῖν,
1050 2247 1355 2321 ἀξιώσομέν
1372 2270 1498 2320 που,
1514 2256 1565 2307 εἰ
1579 2249 1768 2323 ἀληθῆ
1842 2246 1846 2252 ’

80 2329 224 2397 λέγει
252 2323 281 2381 ὁ
322 2332 495 2381 ταῦτα
530 2329 725 2396 λέγων,
763 2327 868 2399 τὴν
905 2328 1126 2386 ἀδικίαν
1160 2329 1299 2387 εἶναι
1334 2331 1656 2404 θανάσιμον
1687 2337 1767 2408 τῷ

78 2414 255 2479 ἔχοντι
287 2406 471 2478 ὥσπερ
493 2408 683 2478 νόσον,
716 2412 806 2465 καὶ
826 2409 921 2466 ὑπ’
954 2410 1133 2468 αὐτοῦ
1152 2414 1356 2470 τούτου
1387 2412 1767 2471 ἀποκτιννύν-
1797 2434 1829 2475 D

78 2513 168 2556 τος
207 2496 272 2562 τῇ
313 2490 514 2545 ἑαυτοῦ
561 2491 727 2559 φύσει
775 2489 1158 2563 ἀποθνήσκειν
1203 2495 1335 2561 τούς
1383 2496 1769 2568 λαμβάνοντας

79 2570 236 2641 αὐτό,
255 2570 385 2636 τοὺς
405 2572 506 2641 μὲν
523 2572 758 2643 μάλιστα
779 2581 1007 2644 θᾶττον,
1040 2574 1170 2641 τούς
1199 2574 1253 2631 δ’
1285 2570 1452 2648 ἦττον
1484 2583 1765 2648 σχολαίτε-

78 2677 197 2727 ρον,
218 2651 358 2709 ἀλλά
379 2651 451 2723 μή
477 2652 663 2724 ὥσπερ
688 2662 795 2711 νῦν
821 2655 909 2711 διά
935 2662 1097 2712 τοῦτο
1128 2654 1227 2713 ὑπ’
1259 2657 1446 2715 ἄλλων
1467 2662 1626 2729 δίκην
1646 2663 1766 2716 ἐπι-

76 2741 348 2795 τιθέντων
369 2732 834 2806 ἀποθνήσκουσιν
854 2741 911 2794 os
926 2737 1122 2794 ἄδικοι.
1157 2738 1257 2794 Mc:
1276 2737 1392 2810 Δί’,
1423 2731 1456 2810 ἦ
1475 2736 1527 2794 δ’
1560 2738 1638 2811 ὅς,
1660 2762 1764 2797 ουκ

78 2818 187 2889 ἀρα
209 2816 512 2873 πάνδεινον
542 2831 795 2888 φανεῖται
815 2818 847 2891 ἡ
870 2819 1071 2891 ἀδικία,
1104 2825 1153 2876 εί
1168 2820 1490 2892 θανάσιμον
1519 2824 1667 2878 ἔσται
1686 2826 1763 2897 τῷ

220 2898 371 2942 Puro
411 2896 491 2942 lv.
1429 2905 1486 2949 20
