1962 3236
643 145 1209 209 HOAITEIAZoe'.
1725 152 1791 205 11

110 298 188 366 τῷ
207 286 455 363 δικαίῳ”
417 312 452 361 η
474 286 547 354 ὥς
563 286 625 343 τὸ
646 305 870 356 πρωτον
887 286 1176 357 ἐλέγομεν,
1209 288 1464 356 λέγοντες
1481 288 1696 341 δίκαιον
1715 284 1793 342 εἶ·-

111 395 204 428 ναι
230 370 331 427 τὸν
359 371 461 468 μὲν
481 373 647 439 φίλον
667 388 732 423 ευ
749 377 955 435 ποιεῖν,
984 364 1085 423 τὸν
1116 365 1176 422 δὲ
1203 365 1411 437 ἐχθρὸν
1437 371 1645 430 κακῶς·
1682 373 1792 422 νῦν

111 452 252 523 πρὸς
280 452 459 525 τούτω
489 443 598 504 ὦδε
625 450 832 519 λέγειν,
870 446 955 504 ὅτι
981 451 1095 504 ἔστι
1121 451 1336 504 δίκαιον
1364 445 1466 503 τὸν
1494 447 1596 518 μὲν
1626 451 1792 518 φίλον

112 533 335 604 ἀγαθόν
361 530 496 588 ὄντα
527 524 594 586 εὖ
611 540 819 598 ποιεῖν,
856 527 956 585 τὸν
986 529 1038 585 δ’
1071 527 1280 601 ἐχθρόν
1295 527 1473 586 κακὸν
1497 528 1633 585 ὄντα
1651 529 1793 600 βλά-

111 638 293 682 πτειν;
314 614 477 670 Πάνυ
496 612 597 684 μὲν
619 605 751 682 οὖν,
773 617 878 682 ἔφη
892 653 908 681 ,
931 610 1108 678 οὕτως
1126 635 1198 669 αν
1215 634 1310 684 μοι
1328 616 1480 669 δοκεῖ
1495 618 1677 676 καλῶς
1697 611 1789 667 λέ-
1820 618 1852 659 Β

111 705 390 831 reoogs'
366 773 607 831 '‘''E'otw
567 796 706 845 αρα,
736 768 884 844 ἦνδ’
911 773 1049 844 ἐγώ,
1071 777 1288 829 δικαίου
1305 771 1509 846 ἀνδρὸς
1527 773 1794 872 βλάπτειν

111 856 246 915 καὶ*
221 864 483 914 οντινοῦν
502 854 848 927 ἀνθρώπων;
883 857 992 910 Καὶ
1011 855 1160 910 πάνυ
1181 877 1268 926 γε,
1305 860 1411 926 ἔφη
1423 896 1438 924 ,
1457 853 1590 918 τούς
1606 876 1670 924 γε
1688 872 1795 909 πο-

112 938 319 1011 νηρούς
347 960 406 993 τε
424 940 512 994 καὶ
534 936 771 1009 ἐχθροὺς
789 941 871 993 δεῖ
888 938 1167 1009 βλάπτειν.
1222 935 1601 1007 Βλαπτόμενοι
1622 934 1671 992 δ’
1702 939 1796 991 ἵπ-

114 1040 207 1076 ποι
225 1025 475 1091 βελτίους
494 1018 530 1090 ἦ
545 1025 763 1090 χείρους
780 1024 1098 1089 γίγνονται;
1133 1023 1383 1088 Χείρους.
1432 1012 1566 1090 ςΑρα
1597 1023 1674 1083 εἰς
1690 1015 1795 1089 τὴν

112 1108 226 1157 τῶν
243 1107 433 1156 κυνῶν
450 1098 678 1171 ἀρετήν,
700 1098 736 1171 ἢ
755 1106 830 1165 εἰς
846 1100 946 1171 τὴν
964 1109 1074 1156 τῶν
1092 1105 1307 1167 ἵππων,
1337 1105 1434 1165 Εἰς
1451 1099 1554 1172 τὴν
1570 1107 1684 1155 τῶν
1700 1102 1795 1155 ἵπ-

114 1202 251 1239 πων.
318 1175 425 1252 Ἆρ’
448 1175 553 1237 οὖν
571 1184 664 1236 καὶ
680 1181 846 1246 κύνες
873 1182 1245 1253 βλαπτόμενοι
1262 1187 1478 1253 χείρους
1507 1186 1794 1252 γίγνονται

113 1269 189 1329 είς
221 1264 324 1334 τὴν
342 1270 455 1318 τῶν
483 1270 700 1333 κυνῶν,
733 1260 858 1319 ἀλλ’
889 1263 992 1319 οὐκ
1014 1268 1089 1328 εἰς
1107 1263 1209 1334 τὴν
1228 1270 1340 1319 τῶν
1357 1267 1543 1319 ἵππων
1561 1263 1791 1335 ἀρετήν,

106 1344 363 1417 Ἀνάγκη.
444 1344 807 1416 Ἀνθρεόπους
844 1349 932 1415 δέ,
982 1339 1027 1400 ὦ
1054 1346 1255 1418 ἑταῖρε,
1294 1343 1367 1416 μὴ
1398 1342 1544 1400 οὕτω
1578 1350 1790 1416 φῶμεν,
1825 1355 1856 1397 G

115 1428 532 1498 βλαπτομένους
552 1431 628 1491 εἰς
647 1426 748 1498 τὴν
766 1424 1130 1498 ἀνθρωπείαν
1147 1425 1353 1498 ἀρετὴν
1369 1430 1589 1497 χείρους
1606 1429 1794 1496 γίγνε-
1827 1468 1829 1473 2

113 1516 276 1575 σθαι;
296 1507 462 1562 Πάνυ
480 1507 580 1578 μὲν
599 1501 717 1563 οὖν.
773 1505 921 1564 Ἀλλ’
943 1506 976 1579 ἡ
1000 1507 1323 1579 δικαιοσύνη
1347 1504 1451 1563 οὐκ
1471 1504 1795 1578 ἀνθρωπεία

112 1589 304 1661 ἀρετῆς
340 1592 449 1645 Καὶ
476 1587 629 1645 τοῦτ’
665 1588 896 1662 ἀνάγκη.
950 1592 1060 1647 Καὶ
1085 1590 1217 1657 τούς
1234 1592 1648 1663 βλαπτομένους
1666 1589 1792 1660 ἄρα,

115 1667 158 1727 ὦ
182 1677 333 1741 φίλε,
362 1677 475 1726 τῶν
492 1669 815 1742 ἀνθρώπων
844 1670 1058 1744 ἀνάγκη
1089 1671 1456 1745 ἀδικωτέρους
1480 1676 1787 1743 γίγνεσθαι.

100 1755 328 1809 Ἔοικεν.
378 1746 495 1819 Ἆρ’
530 1747 636 1807 οὖν
666 1759 734 1824 τῇ
764 1761 1003 1825 μουσικῇ
1031 1758 1089 1809 οἱ
1102 1755 1356 1823 μουσικοὶ
1374 1751 1658 1825 ἀμούσους
1689 1750 1792 1807 δύ-

114 1855 310 1889 νανται
340 1844 544 1897 ποιεῖν;
594 1833 910 1890 Ἀδύνατον.
979 1832 1140 1890 Ἀλλά
1178 1841 1246 1906 τῇ
1274 1837 1470 1905 ἱππικῇ
1498 1837 1556 1889 οἰ
1579 1834 1791 1889 ἱππικοὶ

111 1914 419 1986 ἀφίππους;
461 1913 583 1970 Ούκ
602 1920 767 1970 ἔστιν.
815 1914 978 1971 Ἀλλά
998 1922 1064 1987 τῇ
1086 1916 1412 1988 δικαιοσύνῃ
1432 1917 1499 1986 δὴ
1520 1918 1578 1971 οἰ
1593 1918 1795 1971 δίκαιοι

110 1994 365 2063 ἀδίκους;
389 1991 426 2067 ἦ
446 1998 536 2050 καὶ
554 1997 867 2068 ξυλλήβδην
888 1996 1054 2067 ἀρετῇ
1075 2000 1132 2051 oc
1144 1996 1351 2067 ἀγαθοὶ
1370 1995 1602 2061 κακούς;
1626 1993 1790 2052 Ἀλλά
1816 2002 1850 2043 D

110 2076 408 2134 ἀδύνατον.
468 2075 554 2133 Οὐ
590 2077 697 2148 γὰρ
732 2078 1104 2151 θερμότητος,
1150 2077 1325 2150 οἶμαι,
1370 2082 1537 2149 ἔργον
1573 2077 1789 2149 ψύχειν,

110 2156 249 2214 ἀλλὰ
269 2165 371 2215 τοῦ
392 2161 660 2216 ἐναντίου.
682 2165 810 2218 Ναί.
852 2158 1002 2216 Οὐδὲ
1021 2160 1315 2231 ξηρότητος
1326 2157 1630 2231 ὑγραίνειν,
1648 2157 1789 2215 ἀλλὰ

110 2247 212 2295 τοῦ
231 2242 502 2297 ἐναντίου.
540 2243 704 2297 Πάνυ
730 2263 808 2312 γε.
853 2239 1001 2298 Οὐδὲ
1032 2240 1097 2313 δὴ
1128 2248 1230 2297 τοῦ
1255 2240 1479 2312 ἀγαθοῦ
1508 2240 1788 2313 βλάπτειν,

109 2320 249 2378 ἀλλὰ
280 2329 383 2377 τοῦ
410 2324 682 2379 ἐναντίου.
722 2330 998 2380 Φαίνεται.
1050 2321 1105 2379 Ὁ
1135 2326 1199 2379 δέ
1220 2345 1282 2393 γε
1314 2327 1523 2388 δίκαιος
1550 2321 1789 2392 ἀγαθός;

108 2402 275 2458 Πάνυ
295 2425 372 2474 γε.
430 2402 551 2460 Ούκ
570 2405 676 2475 ἄρα
694 2413 796 2461 τοῦ
815 2410 1031 2461 δικαίου
1050 2405 1314 2477 βλάπτειν
1333 2408 1525 2477 ἔργον,
1549 2399 1592 2460 ὦ
1611 2407 1790 2460 Πολέ-

108 2505 296 2553 μαρχε,
321 2484 450 2540 οὔτε
470 2492 636 2556 φίλον
656 2485 776 2542 οὔτ’
797 2486 970 2543 ἄλλον
989 2486 1211 2557 οὐδένά,
1233 2485 1374 2542 ἀλλά
1393 2493 1495 2542 τοῦ
1514 2489 1787 2555 ἐναντίου,

107 2570 208 2618 τοῦ
228 2562 440 2620 ἀδίκου.
491 2566 826 2623 Παντάπασί
839 2590 932 2638 μοι
956 2572 1134 2633 δοκεῖς
1154 2568 1341 2639 ἀληθῆ
1360 2570 1567 2637 λέγειν,
1588 2571 1722 2639 ἔφη,
1745 2560 1789 2622 ὦ
1819 2582 1853 2623 R

106 2645 416 2715 Σώκρατες.
495 2651 567 2702 Εἰ
590 2645 699 2717 ἄρα
736 2647 804 2702 τὰ
835 2646 1169 2720 ὀφειλόμενα
1210 2649 1419 2724 ἑκάστῳ
1462 2646 1789 2705 ἀποδιδόναι

107 2732 249 2798 φησί
275 2749 355 2792 τις
391 2731 606 2783 δίκαιον
638 2727 798 2797 εἶναι,
829 2737 992 2786 τοῦτο
1025 2731 1084 2786 δὲ
1114 2729 1180 2801 δὴ
1211 2741 1336 2786 νοεῖ
1358 2729 1526 2804 αὐτῷ,
1555 2741 1667 2795 τοῖς
1686 2729 1787 2801 μὲν

104 2811 325 2880 ἐχθροῖς
341 2809 558 2882 βλάβην
576 2809 901 2881 ὀφείλεσθαι
920 2809 1069 2879 παρὰ
1088 2817 1190 2866 τοῦ
1209 2814 1427 2868 δικαίου
1445 2808 1665 2881 ἀνδρός,
1676 2822 1787 2876 τοῖς
