1962 3236
210 195 317 247 274
832 200 1308 248 ΠΛΑΤΩΝΟΣ

208 328 499 384 σιλεύοντα
547 326 750 397 αὑτοῦ,
778 327 878 383 τὸν
914 329 973 384 δὲ
1009 328 1274 385 κάκιστόν
1314 351 1372 385 τε
1419 334 1510 386 καὶ
1549 330 1886 389 ἀδικώτατον

209 407 572 477 ἀθλιώτατον,
586 415 787 463 τοῦτον
800 409 856 463 δὲ
876 402 950 464 αὖ
969 410 1261 479 τυγχάνειν
1280 409 1430 481 ὅντα,
1454 408 1514 476 ὃς
1534 407 1604 466 ἀν
1622 434 1889 483 τυραννι-

209 490 451 554 κώτατος
473 513 552 545 ων
573 490 773 544 ἑαυτοῦ
791 511 848 544 τε
868 511 897 545 ο
925 511 977 544 τι
994 491 1228 560 μάλιστα
1258 499 1508 565 τυραννῇ
1534 495 1623 548 καὶ
1654 500 1748 564 τῆς
1780 494 1888 549 πό·-

210 579 372 638 λεως;
389 569 728 642 Ἀνειρήσθω
749 589 852 641 σοι,
867 576 988 642 ἔφη.
1004 565 1069 627 Ἦ
1087 566 1191 628 οὖν
1211 574 1694 676 προσαναγορεύω,
1712 574 1886 647 εἷπον,

211 652 310 707 ε’ἀν
329 674 385 707 τε
410 652 736 708 λανθάνωσι
755 674 995 708 τοιουτοι
1027 652 1181 719 ὄντες
1211 656 1310 711 εόἱν
1342 677 1400 710 τε
1437 654 1509 726 μὴ
1541 655 1750 722 πάντας
1788 655 1889 712 ἀν-

209 732 476 801 θρώπους
495 755 551 788 τε
572 737 662 789 και
680 734 877 799 θεούς·
865 777 878 800 ,
918 737 1400 807 Προσαναγόρευε,
1430 742 1551 808 ἔφη.

141 822 174 862 D
352 818 455 870 vll.
493 813 624 870 Εἶεν
646 815 730 886 δή,
754 815 935 871 εἷπον·
977 817 1114 889 αὕτη
1147 819 1248 888 μὲν
1277 819 1407 889 ἡμῖν
1427 817 1460 890 ἡ
1491 818 1763 885 ἀπόδειξις
1792 823 1888 889 μία

209 893 280 950 ἀν
312 903 419 966 εἴη·
459 899 721 964 δευτέραν
761 897 818 951 δε
855 901 941 952 δεῖ
971 898 1152 968 τήνδε,
1192 900 1291 953 εἀ’ν
1323 922 1374 954 τι
1414 899 1560 971 δόξῃ,
1601 898 1751 954 εἶναι.
1796 904 1887 962 Τίς

209 975 374 1047 αὕτη;
407 975 637 1048 Ἐπειδή,
673 976 858 1046 ω’σπερ
885 978 1058 1048 πόλις,
1097 983 1167 1050 ἠν
1206 979 1257 1035 δ’
1298 981 1423 1051 ἐγώ,
1465 982 1713 1052 διῄρηται
1749 979 1885 1035 κατὰ
1956 1040 1958 1042 ,

208 1065 329 1129 τρία
350 1061 485 1128 εἰδη,
507 1056 652 1112 οὕτω
672 1060 762 1113 καὶ
779 1059 924 1129 ψυχὴ
949 1060 1070 1125 ἑνὸς
1090 1061 1324 1117 ἑκάστου
1342 1070 1513 1134 τριχῇ,
1549 1061 1626 1132 [τὸ
1658 1069 1884 1132 λογιστι-

211 1139 332 1208 κὸν]
369 1142 590 1208 δέξεται,
627 1136 698 1203 ὡς
723 1142 838 1210 ἐμοὶ
876 1145 1040 1211 δοκεῖ,
1079 1145 1168 1198 καὶ
1199 1145 1388 1212 ἑτέραν
1415 1143 1708 1209 ἀπόδειξιν.
1752 1148 1886 1198 Τίνα

210 1221 448 1292 ταύτην;
488 1221 680 1292 Τήνδε.
718 1228 887 1291 τριῶν
907 1222 1088 1278 ὄντων
1107 1227 1311 1294 τριτταὶ
1331 1227 1419 1279 καὶ
1438 1222 1638 1295 ἡδοναί
1653 1245 1744 1319 μοι
1764 1227 1883 1293 φαί-

209 1324 418 1373 νονται,
448 1301 569 1367 ἑνὸς
590 1303 824 1358 ἑκάστου
842 1308 937 1373 μία
962 1309 1095 1359 ἰδία·
1133 1309 1419 1376 ἐπιθυμίαι
1438 1327 1496 1360 τε
1517 1302 1776 1369 ὡσαύτως
1796 1306 1883 1359 καὶ

210 1382 385 1455 ἀρχαί.
421 1391 551 1448 Παῖς
570 1387 769 1453 λέγεις;
809 1386 1044 1456 ἔφη.Τό
1073 1391 1190 1456 με’ν,
1224 1392 1420 1458 φαμέν,
1451 1381 1565 1461 ἦν
1547 1409 1588 1441 ω
1610 1384 1886 1456 μανθάνει

210 1466 526 1537 ἅνθρωπος,
547 1464 607 1520 τὸ
632 1467 690 1521 δὲ
711 1459 758 1539 ᾦ
775 1473 1071 1537 θυμοῦται,
1093 1465 1153 1522 vd
1177 1470 1235 1523 δὲ
1254 1474 1438 1538 τρίτον
1459 1468 1547 1523 διά
1568 1471 1886 1522 πολυειδίαν

150 1563 184 1604 Ε
215 1550 294 1604 ἑνὶ
322 1546 424 1603 οὐκ
449 1552 679 1618 ἔσχομεν
709 1546 938 1619 ὀνόματι
967 1561 1285 1619 προσειπεῖν
1315 1553 1433 1622 ἰδίῳ
1463 1548 1654 1618 αὐτοῦ,
1685 1546 1823 1603 ἀλλά
1856 1545 1887 1602 ὃ

209 1634 468 1701 μέγιστον
485 1630 575 1685 καὶ
596 1629 956 1699 ἰσχυρότατον
974 1628 1114 1700 εἶχεν
1134 1633 1192 1683 ἐν
1211 1626 1377 1702 αὐτῷ,
1399 1629 1575 1702 τούτῳ
1596 1628 1886 1699 ἐπωνομά-

209 1727 398 1783 σαμεν.
435 1710 835 1782 ἐπιθυμητικὸν
854 1710 959 1782 γὰρ
980 1709 1112 1765 αὐτὸ
1143 1711 1485 1782 κεκλήκαμεν
1518 1708 1605 1765 διὰ
1639 1709 1887 1780 σφοδρό-

208 1815 341 1865 τητα
360 1801 474 1849 τῶν
494 1794 614 1865 περὶ
638 1791 738 1864 τὴν
758 1792 969 1865 ἐδωδὴν
988 1796 1300 1864 ἐπιθυμιῶν
1313 1796 1403 1849 καὶ
1422 1793 1587 1850 πόσιν
1606 1796 1695 1849 καὶ
1715 1792 1884 1864 ἀφρο-

210 1879 355 1930 δίσια
375 1877 466 1931 καὶ
485 1874 588 1932 ὅσα
618 1874 757 1931 ἄλλα
784 1876 1000 1941 τούτοις
1029 1874 1335 1946 ἀκόλουθα,
1365 1876 1454 1931 καὶ
1477 1874 1886 1946 φιλοχρήματον

94 1971 177 2017 581
207 1957 292 2029 δή,
313 1956 399 2013 ὅτι
422 1956 511 2013 διὰ
532 1958 827 2028 χρημάτων
856 1959 1091 2030 μάλιστα
1122 1957 1522 2014 ἀποτελοῦνται
1551 1961 1609 2012 αἰ
1637 1962 1884 2011 τοιαῦται

209 2040 512 2110 ἐπιθυμίαι.
549 2041 659 2095 Καὶ
678 2037 865 2110 ὀρθῶς
889 2036 963 2109 γ’,
998 2045 1120 2110 ἔφη.
1145 2034 1261 2109 Ἆρ’
1297 2031 1402 2093 οὖν
1429 2040 1519 2093 καὶ
1545 2035 1647 2107 τὴν
1674 2034 1885 2107 ἡδονὴν

211 2118 386 2175 αὐτοῦ
415 2122 506 2176 καὶ
531 2126 722 2190 φιλίαν
759 2126 810 2176 εἰ
843 2131 1048 2190 φαῖμεν
1085 2118 1224 2174 εἶναι
1251 2126 1351 2174 τοῦ
1380 2119 1629 2187 κέρδους,
1664 2115 1883 2187 μάλιστ’

208 2197 280 2256 ἀν
300 2206 376 2266 είς
396 2203 456 2256 ἓν
475 2202 780 2271 κεφάλαιον
800 2200 1227 2272 ἀπερειδοίμεθα
1245 2206 1319 2274 τῷ
1339 2199 1501 2272 λόγῳ,
1525 2198 1663 2253 ὥστε
1684 2220 1734 2253 τι
1753 2197 1887 2269 ἡμῖν

209 2280 395 2346 αὐτοῖς
416 2284 640 2353 δηλοῦν,
664 2278 828 2337 ὁπότε
846 2288 1008 2338 τοῦτο
1031 2288 1126 2352 τῆς
1145 2288 1320 2352 ψυχῆς
1339 2281 1400 2336 τὸ
1431 2285 1593 2353 μέρος
1612 2282 1879 2351 λέγοιμεν,

207 2365 298 2419 καὶ
316 2369 615 2429 καλοῦντες
635 2360 769 2419 αὐτὸ
800 2365 1209 2436 φιλοχρήματον
1238 2366 1329 2419 καὶ
1360 2363 1679 2433 φιλοκερδὲς
1698 2360 1887 2430 ὀρθῶς

209 2441 282 2501 ἀν
305 2453 597 2516 καλοῖμεν;
628 2443 772 2516 Ἐμοὶ
795 2452 938 2515 γοῦν
957 2450 1121 2514 δοκεῖ,
1144 2449 1263 2516 ἔφη.
1305 2450 1372 2500 Τί
1393 2445 1455 2500 δέ
1464 2469 1478 2511 ;
1513 2441 1574 2499 τὸ
1595 2441 1886 2513 θυμοειδὲς

209 2526 278 2583 οὐ
299 2529 435 2600 πρὸς
460 2525 521 2584 τὸ
557 2538 779 2599 κρατεῖν
809 2532 994 2598 μέντοι
1024 2527 1206 2599 φαμὲν
1236 2529 1327 2583 καὶ
1357 2533 1518 2599 νικᾷν
1547 2526 1636 2580 καὶ
1668 2522 1883 2580 εὐδοκι-

147 2635 177 2676 Β
211 2621 335 2680 μεῖν
363 2608 446 2667 ἀεὶ
474 2608 609 2666 ὅλον
639 2606 957 2682 ὦρμῆσθαις
995 2611 1103 2666 Καὶ
1137 2609 1297 2681 μάλα.
1351 2614 1423 2665 Εἰ
1453 2601 1558 2663 οὖν
1593 2605 1884 2676 φιλόνικον
1958 2623 1962 2675 5

212 2688 347 2746 αὐτὸ
368 2692 458 2746 καὶ
478 2691 772 2763 φιλότιμον
794 2691 1318 2762 προσαγορεύοιμεν,
1338 2683 1376 2761 ἦ
1393 2693 1632 2760 ἐμμελῶς
1651 2682 1722 2739 ἀν
1742 2688 1879 2754 ἔχοις
1952 2744 1962 2767 2

208 2769 596 2841 Ἐμμελέστατα
633 2774 735 2844 μὲν
779 2767 899 2829 οὖν.
961 2770 1122 2828 Ἀλλὰ
1157 2771 1268 2843 μὴν
1314 2763 1362 2845 ᾦ
1394 2792 1457 2840 γε
1500 2766 1879 2839 μανθάνομεν,
1950 2828 1952 2830 ¹

210 2853 371 2908 παντὶ
393 2857 564 2925 δῆλον
594 2853 678 2910 ὅτι
709 2854 847 2925 πρὸς
880 2853 941 2910 τὸ
973 2857 1174 2910 εἰδέναι
1200 2851 1305 2922 τὴν
1335 2850 1605 2921 ἀλήθειαν
1635 2846 1745 2919 ὅπῃ
1779 2853 1880 2918 ἔχει
