1962 3236
200 157 303 208 342
808 162 1281 210 ΠΛΑΤΩΝΟΣ
1822 173 1881 216 24

202 291 384 361 ἐπειδὴ
411 293 470 346 δὲ
500 285 604 346 οὖν
627 296 701 356 εἰς
718 289 823 362 τὴν
851 292 1027 366 ἑαυτῷ
1046 295 1369 363 πρέπουσαν
1389 296 1621 351 ἕκαστον
1650 295 1876 366 ἄφίκετο

203 370 390 444 φορὰν
407 377 520 427 τῶν
541 371 646 427 ὅσα
664 375 772 426 ἔδει
791 373 1300 442 ξυναπεργάζεσθαι
1330 375 1554 446 χρόνον,
1589 381 1804 450 δεσμοῖς
1823 403 1878 437 τε

201 453 460 524 ἐμψύχοις
488 452 713 522 σώματα
744 455 979 509 δεθέντα
1007 459 1115 520 ζῶα
1144 457 1422 528 ἐγεννήθη
1450 459 1513 512 τό
1542 479 1600 513 τε
1637 476 1878 529 προστα-

117 543 175 589 39
204 532 341 603 χθεν
360 537 550 603 ἔμαθε,
570 532 708 589 κατὰ
730 533 796 604 δὴ
824 532 927 604 τὴν
944 537 1188 605 θατέρου
1219 539 1403 608 φορὰν
1423 545 1662 610 πλαγίαν
1682 536 1874 616 οὖσαν,

203 617 292 673 διὰ
311 625 405 688 τῆς
423 615 630 673 ταύτοῦ
662 624 842 689 φορᾶς
871 619 1062 691 ἰούσης
1085 641 1143 675 τε
1165 622 1257 677 καὶ
1285 627 1676 695 κρατουμένης,
1697 625 1757 681 τό
1780 626 1879 696 μὲν

201 703 421 769 μείζονα
441 697 643 770 αὐτῶν,
665 698 725 756 τὸ
748 698 801 755 δ’
839 700 1041 756 ἐλάττω
1069 703 1279 758 κύκλον
1303 705 1407 775 ἰόν,
1438 712 1648 762 θᾶττον
1677 710 1777 778 μὲν
1809 730 1874 762 τα

199 778 300 835 τὸν
319 781 540 852 ἐλάττω,
563 779 629 837 τὰ
652 780 711 837 δὲ
729 781 830 838 τὸν
847 788 1006 853 μείζω
1038 785 1384 857 βραδύτερον
1415 787 1676 859 περιῄειν.
1715 795 1779 861 τῇ
1810 789 1878 859 δὴ

199 861 406 916 ταύτοῦ
423 868 576 936 φορᾷ
599 861 667 917 τα
692 863 915 933 τάχιστα
944 865 1226 935 περιιόντα
1259 864 1366 922 ὑπὸ
1391 874 1504 923 τῶν
1529 871 1874 940 βραδύτερον

200 943 402 998 ἰόντων
453 945 710 1014 ἐφαίνετο
770 946 1263 1017 καταλαμβάνοντα
1326 950 1872 1021 καταλαμβάνεσθαι·

199 1024 407 1088 πάντας
424 1022 532 1096 γὰρ
561 1023 691 1090 τούς
712 1026 953 1091 κύκλους
974 1024 1160 1082 αὐτῶν
1182 1030 1497 1099 στρέφουσα
1517 1032 1669 1086 ἕλικα
1691 1031 1779 1086 διὰ
1810 1032 1870 1086 τὸ

137 1117 169 1157 Β
202 1106 323 1174 διχῇ
342 1101 480 1158 κατὰ
505 1102 573 1158 τὰ
604 1107 823 1160 ἐναντία
849 1105 960 1177 ἅμα
991 1109 1242 1178 προϊέναι
1272 1107 1332 1164 τὸ
1362 1109 1677 1180 βραδύτατα
1707 1109 1876 1166 άπιὸν

202 1183 303 1254 ἀφ’
336 1182 505 1256 αὑτῆς
538 1184 710 1258 οὔσης
744 1195 994 1260 ταχίστης
1022 1190 1289 1259 ἐγγύτατα
1317 1192 1639 1261 απέφαινεν.
1691 1196 1782 1247 ἵνα
1821 1196 1872 1246 δ’

202 1273 283 1337 εἴη
304 1269 505 1338 μέτρον
535 1270 762 1339 ἐναργές
789 1292 841 1324 τι
873 1269 1011 1338 πρὸς
1036 1271 1246 1342 ἄλληλα
1273 1275 1573 1343 βραδυτῆτι
1607 1274 1696 1328 καὶ
1727 1274 1876 1343 τάχει

201 1345 272 1411 ὡς
290 1345 355 1402 τὰ
373 1349 497 1416 περὶ
516 1347 611 1412 τὰς
630 1346 771 1404 ὀκτώ
795 1349 972 1420 φορὰς
994 1353 1303 1423 πορεύοιτο,
1319 1359 1437 1421 φῶς
1457 1349 1486 1408 ὁ
1509 1353 1642 1417 θεὸς
1661 1351 1875 1423 ἀνῆψεν

201 1433 261 1484 ἐν
281 1436 347 1502 τῇ
364 1430 502 1502 πρὸς
521 1437 628 1500 γῆν
650 1435 878 1504 δευτέρᾳ
898 1439 1008 1488 τῶν
1026 1434 1318 1504 περιόδων,
1341 1433 1371 1488 ὃ
1392 1432 1458 1504 δὴ
1478 1440 1585 1489 νῦν
1605 1434 1875 1505 κεκλήκα-

199 1532 301 1581 μεν
319 1510 496 1581 ἥλιον,
516 1515 608 1566 ἵνα
628 1510 660 1566 ὅ
676 1534 728 1567 τι
755 1515 987 1583 μάλιστα
1011 1519 1086 1579 εἰς
1108 1513 1326 1569 ἅπαντα
1357 1520 1546 1584 φαίνοι
1573 1515 1671 1571 τὸν
1701 1515 1875 1586 οὐρα-

198 1589 301 1647 νόν
322 1592 581 1663 μετάσχοι
599 1614 656 1648 τε
676 1593 924 1695 ἀριθμοῦ
940 1595 1006 1650 τὰ
1032 1600 1155 1667 ζῶα,
1179 1594 1329 1660 ὅσοις
1347 1599 1419 1667 ἠν
1446 1602 1747 1668 προσῆκον,
1769 1621 1874 1669 μα-

196 1674 376 1729 θόντα
399 1674 547 1743 παρὰ
580 1681 675 1746 τῆς
704 1675 908 1731 ταύτοῦ
939 1680 1029 1732 και
1059 1676 1254 1748 ὁμοίου
1282 1685 1602 1748 περιφορᾶς.
1642 1678 1742 1746 νύξ
1772 1703 1872 1750 μεν

140 1773 170 1815 c
202 1749 309 1810 οὖν
325 1756 501 1827 ἡμέρα
521 1777 578 1811 τε
597 1760 828 1827 γέγονεν
850 1757 1025 1823 οὕτως
1047 1760 1138 1814 καὶ
1157 1757 1247 1813 δια
1266 1766 1455 1830 ταῦτα,
1476 1758 1510 1830 ἡ
1530 1767 1624 1831 τῆς
1642 1767 1766 1830 μιᾶς
1784 1765 1874 1817 καὶ

198 1837 618 1909 φρονιμωτάτης
646 1839 961 1910 κυκλήσεως
989 1844 1265 1911 περίοδος·
1299 1842 1414 1910 μεὶς
1437 1845 1496 1898 δὲ
1525 1842 1748 1898 ἐπειδὰν
1781 1859 1872 1897 σε·-

196 1920 333 1991 λήνη
355 1926 727 1991 περιελθοῦσα
746 1918 845 1976 τὸν
864 1922 1057 1992 ἑαυτῆς
1077 1921 1286 1977 κύκλον
1306 1920 1466 1994 ἥλιον
1486 1924 1871 1995 ἐπικαταλάβῃ,

197 2003 446 2068 ἐνιαυτὸς
475 2002 533 2058 δὲ
563 2000 773 2058 ὁπόταν
800 2001 955 2073 ἥλιος
983 2001 1083 2058 τὸν
1113 2005 1315 2059 ἑαυτοῦ
1344 2008 1607 2076 περιέλθῃ
1635 2005 1869 2059 κύκλον·

198 2092 310 2140 τῶν
331 2084 383 2140 δ’
406 2085 592 2141 ἄλλων
609 2083 708 2149 τοὶς
727 2086 1019 2154 περιόδους
1039 2084 1141 2140 οὐκ
1154 2086 1535 2156 ἐννενοηκότες
1555 2086 1866 2156 ἄνθρωποι,

199 2165 343 2236 πλὴν
373 2165 549 2236 ὀλίγοι
583 2173 695 2221 τῶν
731 2159 968 2235 πολλῶν,
1006 2165 1134 2220 οὔτε
1170 2164 1536 2236 ὀνομάζουσιν
1574 2165 1701 2222 οὔτε
1734 2167 1871 2238 πρὸς

198 2246 408 2317 ἄλληλα
446 2251 883 2317 ξυμμετροῦνται
920 2253 1258 2311 σκοποῦντες
1291 2245 1574 2319 ἀριθμοῖς,
1625 2247 1762 2303 ὥστε
1801 2247 1872 2313 ὡς

199 2334 328 2392 επος
348 2333 520 2383 εἰπεῖν
551 2324 654 2382 οὐκ
685 2336 833 2383 ἴσασι
859 2327 1066 2399 χρόνον
1095 2327 1230 2383 ὅντα
1258 2350 1354 2392 τας
1391 2328 1605 2385 τούτων
1637 2329 1867 2398 πλάνας,

127 2436 163 2475 D
199 2410 402 2482 πλήθει
428 2432 530 2481 μεν
560 2408 823 2483 άμηχάνω
851 2413 1149 2480 χρωμένας,
1176 2414 1595 2482 πεποικιλμένας
1630 2415 1689 2467 δὲ
1722 2420 1870 2468 θαυ-

197 2497 445 2563 μαστως·
479 2494 590 2545 ἔστι
610 2490 662 2546 δ’
685 2490 832 2561 ὅμως
853 2491 1019 2546 ούδεν
1048 2494 1215 2562 ἡττον
1243 2499 1577 2563 κατανοῆσαι
1607 2493 1866 2561 δυνατόν,

198 2595 272 2638 ως
289 2570 323 2627 ό
342 2594 404 2643 γε
421 2574 601 2637 τέλεος
619 2570 863 2644 αριθμὸς
881 2574 1089 2643 χρόνου
1109 2571 1210 2628 τὸν
1227 2576 1414 2631 τέλεον
1443 2572 1701 2629 ἐνιαυτὸν
1731 2581 1870 2643 πλη-

198 2666 291 2723 ροῖ
303 2653 443 2723 τότε,
465 2652 602 2709 ὅταν
622 2652 853 2710 ἁπασῶν
882 2661 993 2709 τῶν
1024 2652 1167 2709 ὀκτώ
1199 2654 1477 2724 περιόδων
1507 2654 1571 2710 τὰ
1602 2655 1739 2724 πρὸς
1769 2653 1869 2708 ἅλ-

195 2743 335 2805 ληλα
365 2738 820 2805 ξυμπερανθέντα
847 2736 982 2806 τάχη
1010 2740 1111 2806 σχῇ
1149 2734 1398 2805 κεφαλὴν
1427 2742 1506 2807 τῷ
1533 2742 1632 2790 τοῦ
1661 2732 1869 2790 ταύτοῦ

196 2817 285 2870 καὶ
319 2813 520 2885 ὁμοίως
561 2815 739 2882 ἰόντος
777 2815 1233 2887 ἀναμετρηθέντα
1268 2817 1470 2888 κύκλῳ.
1528 2816 1666 2870 κατὰ
1696 2823 1868 2871 ταῦτα
