1962 3236
202 203 236 254 6
807 203 1281 251 ΠΛΑΤΩΝΟΣ

272 336 498 407 γλυκεῖά
519 339 575 391 οὗ
590 339 824 404 καρδίαν
844 333 1136 389 ἀτάλλοισα
1155 334 1500 408 γηροτρόφος
1529 349 1794 410 συναορεῖ

271 420 422 480 ἐλπίς
436 460 448 484 ,
477 413 513 471 ὁὶ
529 416 764 486 μάλιστα
784 420 1014 469 θνατῶν

271 499 662 567 πολύστροφον
679 496 908 565 γνώμαν
927 501 1187 569 κυβερνᾷ.

203 574 267 634 εὖ
286 573 391 635 οὖν
411 580 555 675 λέγει
573 584 909 648 θαυμαστῶς
929 575 1000 641 ὡς
1021 578 1255 649 σφόδρα.
1297 579 1434 647 πρὸς
1454 575 1519 649 δὴ
1541 576 1683 636 τοῦτ’
1703 583 1873 651 ἔγωγε

200 665 391 731 τίθημι
429 657 531 730 τὴν
566 664 678 713 τῶν
707 657 1001 729 χρημάτων
1025 666 1218 729 κτῆσιν
1248 666 1506 715 πλείστου
1528 659 1685 727 ἀξίαν
1689 662 1873 762 εἶναι,

144 759 178 798 Β
202 739 273 795 οὔ
302 762 354 794 τι
382 740 546 795 παντὶ
567 737 756 810 ἀνδρί,
781 737 918 795 ἀλλά
941 747 1018 813 τῷ
1037 742 1275 799 ἐπιεικεῖ
1304 739 1364 796 τό
1383 740 1488 811 γὰρ
1509 743 1688 814 μηδε’
1665 745 1873 799 α’κοντά

200 843 323 876 τινα
344 817 729 893 ἐξαπατῆσαι
701 845 734 893 η
757 822 1103 893 ψεύσασθαι,
1141 821 1270 894 μηδ’
1294 826 1365 878 αὐ
1389 822 1728 893 ὀφείλοντα
1702 825 1737 896 η’
1757 832 1873 899 θεῷ

198 909 403 968 θυσίας
422 901 575 967 τινάς
602 899 639 974 ἢ
670 901 956 977 ἀνθρώπῳ
986 902 1232 974 χρήματα
1262 907 1444 958 ἔπειτα
1464 908 1635 959 ἐκεῖσε
1655 904 1875 961 ἀπιέναι

201 984 447 1053 δεδιότα,
481 985 618 1054 μέγα
649 986 813 1054 μέρος
842 989 918 1048 εἰς
943 991 1106 1038 τοῦτο
1143 982 1176 1054 ἡ
1215 990 1327 1038 τῶν
1364 986 1659 1055 χρημάτων
1689 994 1877 1056 κτῆσις

200 1064 585 1136 συμβάλλεται.
638 1068 744 1134 ἔχει
773 1065 832 1120 δὲ
863 1067 952 1119 καὶ
983 1064 1151 1128 ἄλλας
1178 1071 1359 1135 χρείας
1379 1067 1610 1131 πολλάς·
1642 1065 1781 1123 ἀλλά
1811 1091 1873 1139 γε

198 1148 259 1201 ἓν
300 1143 436 1200 ἀνθ’
484 1143 606 1208 ἑνὸς
649 1145 751 1200 οὐκ
790 1146 1075 1216 ἐλάχιστον
1111 1150 1282 1216 ἔγωγε
1310 1151 1473 1217 θείην
1502 1143 1572 1202 ἀν
1603 1153 1679 1213 εἰς
1710 1155 1871 1206 τοῦτο

196 1226 358 1298 ἀνδρὶ
383 1232 525 1282 νοῦν
546 1230 747 1297 ἔχοντι,
767 1230 823 1309 ,ὠ
843 1228 1166 1298 Σώκρατες,
1198 1233 1443 1284 πλοῦτον
1460 1231 1873 1301 χρησιμώτατον

141 1326 173 1368 c
200 1308 353 1364 εἶναι.
393 1309 731 1380 Παγκάλως,
752 1300 824 1380 ἦν
844 1307 896 1363 δ’
920 1309 1054 1379 ἐγώ,
1077 1312 1275 1379 λέγεις,
1299 1331 1340 1364 ω
1364 1313 1601 1380 Κέφαλε.
1643 1319 1804 1368 τοῦτο
1827 1312 1872 1368 δ’

0 1435 76 1445 *22
198 1389 363 1463 αὐτό,
395 1390 499 1463 τὴν
530 1390 920 1461 δικαιοσύνην,
954 1391 1159 1460 πότερα
1189 1389 1291 1462 τὴν
1311 1389 1580 1462 ἀλήθειαν
1599 1391 1733 1448 αὐτὸ
1761 1396 1873 1467 φή·-

197 1490 369 1543 σομεν
399 1471 539 1527 εἶναι
572 1470 758 1536 ἁπλῶς
788 1471 964 1536 οὕτως
994 1473 1085 1527 καὶ
1114 1469 1175 1526 τὸ
1210 1470 1563 1544 ἀποδιδόναι,
1607 1474 1680 1529 ἄν
1710 1481 1788 1539 τίς
1819 1498 1870 1530 τι
1958 1542 1962 1554 ⁴

195 1555 348 1626 παρά
375 1577 476 1609 του
506 1553 676 1628 λάβῃ,
715 1553 752 1624 ἦ
783 1556 874 1609 καὶ
904 1551 1043 1608 αὐτὰ
1071 1560 1240 1609 ταῦτα
1278 1558 1427 1610 ἔστιν
1455 1558 1626 1610 ἐνίοτε
1656 1557 1758 1626 μὲν
1788 1560 1872 1611 δι-
1960 1577 1962 1598 ÷

194 1643 392 1705 καίως,
417 1637 591 1691 ε’νίοτε
622 1635 682 1691 δὲ
710 1634 913 1700 ἀδίκως
941 1647 1141 1699 ποιεῖν;
1175 1631 1294 1690 οἷον
1313 1637 1528 1692 τοιόνδε
1548 1639 1711 1707 λέγω·
1766 1645 1872 1703 πᾶς
1961 1630 1962 1633 ¹

196 1717 268 1772 ἄν
287 1738 397 1772 που
419 1725 579 1789 εἴποι,
602 1725 741 1782 εἴτις
755 1717 915 1789 λάβοι
933 1716 1081 1785 παρά
1103 1722 1271 1787 φίλου
1290 1716 1492 1787 ἀνδρὸς
1504 1726 1869 1789 σωφρονοῦν-

195 1820 287 1862 τος
317 1797 488 1868 ὅπλα,
530 1803 580 1854 εἰ
607 1801 794 1869 μανεὶς
831 1796 1077 1869 ἀπαιτοῖ,
1117 1797 1203 1853 ὅτι
1242 1797 1370 1853 οὔτε
1407 1800 1508 1870 χρὴ
1549 1798 1613 1855 τὰ
1645 1808 1871 1856 τοιαῦτα

196 1880 550 1953 ἀποδιδόναι,
590 1881 719 1937 οὔτε
751 1886 958 1948 δίκαιος
988 1878 1060 1937 ἀν
1091 1889 1173 1953 εἴη
1206 1880 1234 1938 ὁ
1266 1881 1588 1953 ἀποδιδούς,
1630 1882 1752 1939 οὐδ’
1797 1907 1869 1939 αυ
1961 1924 1962 1928 ,

197 1963 336 2035 πρὸς
380 1961 481 2018 τὸν
515 1962 693 2028 ου’τως
729 1967 920 2033 ἔχοντα
959 1963 1139 2018 πάντα
1176 1965 1387 2018 ἐθέλων
1422 1963 1639 2035 τάληθῆ
1675 1969 1866 2035 λέγειν.

136 2061 172 2103 D
194 2043 436 2115 Ὀρθως,
475 2048 606 2114 ἔφη,
646 2046 833 2114 λέγεις.
898 2043 1018 2099 Οὐκ
1051 2044 1172 2143 ἄρα
1183 2036 1345 2108 οὗτος
1376 2043 1507 2115 ὅρος
1527 2048 1637 2099 ἐστὶ
1659 2050 1870 2101 δικαιο-

194 2125 391 2198 σύνης,
427 2124 613 2197 ἀληθῆ
642 2146 700 2181 τε
730 2128 908 2195 λέγειν
937 2127 1029 2180 καὶ
1069 2122 1105 2180 ὁὶ
1136 2121 1206 2180 ἀν
1234 2125 1377 2198 λάβῃ
1407 2148 1485 2190 τις
1522 2124 1864 2183 ἀποδιδόναι.

133 2277 141 2280 ἡ
155 2207 355 2262 Πάνυ
377 2229 479 2278 μεν
499 2228 603 2262 ουν
613 2210 757 2277 ,ἔφη
770 2248 785 2276 ,
810 2229 851 2261 ω
871 2205 1189 2277 Σώκρατες,
1210 2204 1557 2278 ὑπολαβών“
1530 2229 1558 2262 ο
1579 2211 1869 2279 Πολέμαρ-
1956 2261 1957 2268 ,

224 2312 312 2360 ος,
351 2298 505 2361 εἴπερ
540 2292 607 2360 γε’
632 2310 684 2344 τι
700 2290 800 2361 χρὴ
832 2294 1119 2361 Σιμωνίδῃ
1149 2294 1462 2345 πείθεσθαι.
1518 2292 1628 2346 Καὶ
1663 2294 1867 2362 μέντοι,

191 2374 298 2442 ἔφη
341 2368 368 2426 ὁ
401 2374 687 2441 Κέφαλος,
727 2373 818 2426 καὶ
847 2375 1192 2443 παραδίδωμι
1230 2369 1363 2442 ὑμῖν
1401 2370 1501 2426 τὸν
1541 2371 1711 2442 λόγον
1734 2395 1744 2404 ·
1788 2378 1872 2428 δεῖ

190 2452 297 2524 γάρ
318 2474 385 2522 με
405 2451 509 2523 ἤδη
529 2459 641 2515 τῶν
658 2455 825 2521 ἱερῶν
843 2455 1256 2524 ἐπιμεληθῆναι.
1301 2450 1546 2523 Οὐκοῦν,
1570 2457 1711 2523 ἔφην
1738 2454 1864 2523 ἐγώ,

193 2531 221 2588 ὁ
253 2536 607 2604 Πολέμαρχος
626 2539 739 2588 τῶν
758 2555 821 2603 γε
842 2540 959 2589 σῶν
979 2534 1342 2605 κληρονόμος;
1374 2533 1538 2591 Πάνυ
1557 2555 1646 2606 γε,
1677 2528 1713 2605 ἦ
1732 2533 1782 2589 δ’
1807 2533 1867 2600 ὂς

190 2614 425 2683 γελάσας
439 2637 450 2648 ·
482 2617 572 2670 καὶ
593 2613 706 2685 ἅμα
725 2614 811 2686 ᾔει
831 2614 970 2685 πρὸς
988 2614 1054 2671 τὰ
1076 2615 1209 2687 ἱερά.

131 2708 167 2750 Ε
331 2699 412 2748 vl.
453 2700 593 2765 Λέγε
622 2697 720 2767 δή,
760 2695 915 2752 εἶπον
942 2697 1078 2767 ἐγώ,
1118 2696 1189 2753 σύ
1219 2697 1248 2754 ὁ
1278 2705 1381 2754 τοῦ
1400 2697 1571 2768 λόγου
1591 2697 1865 2768 κληρονό-

191 2795 319 2844 μος,
358 2781 412 2828 τί
443 2776 553 2846 φῂς
581 2777 679 2833 τὸν
706 2782 1029 2849 Σιμωνίδην
1056 2782 1287 2849 λέγοντα
1315 2776 1501 2848 ὀρθῶς
1533 2782 1711 2847 λέγειν
1740 2778 1864 2847 περὶ

192 2856 569 2928 δικαιοσύνης;
618 2857 760 2930 Ὅτι,
800 2853 836 2930 ἦ
866 2857 917 2914 δ’
952 2860 1039 2930 ὅς,
1074 2859 1135 2914 τὸ
1177 2858 1242 2914 τοὶ
1281 2858 1614 2929 ὀφειλόμενα
1653 2859 1861 2933 ἑκάστῳ
