1962 3236
185 180 286 233 138
798 184 1275 232 ΠΛΑΤΩΝΟΣ

118 341 150 381 D
183 323 392 389 πρῶτοι
410 317 513 387 μὲν
528 321 758 386 Κρῆτες,
783 319 965 370 ἔπειτα
983 316 1429 387 Λακεδαιμόνιοι,
1463 322 1588 389 ἐξῆν
1609 330 1719 382 τοῖς
1739 320 1862 374 τότε

186 397 420 463 ἀστείοις
454 397 636 452 πάντα
681 401 853 451 ταῦτα
895 402 1204 469 κωμῳδεῖν·
1261 394 1296 468 ἦ
1331 396 1432 454 οὐκ
1470 409 1600 466 οἰέι;
1633 397 1860 469 Ἔγωγε.

185 477 325 534 Αλλ’
365 478 570 549 ἐπειδή,
609 477 774 548 οἶμαι,
810 481 1109 548 χρωμένοις
1147 478 1377 549 ἄμεινον
1417 478 1477 535 τό
1517 479 1863 536 ἀποδύεσθαι

184 565 287 616 τοῦ
307 560 716 630 συγκαλύπτειν
736 557 917 612 πάντα
935 556 1001 613 τὰ
1021 566 1246 614 τοιαῦτα
1267 560 1463 631 ἐφάνη,
1487 565 1576 616 καὶ
1589 560 1648 616 τὸ
1671 563 1730 616 ἐν
1749 573 1863 624 τοῖς

185 640 497 712 ὀφθαλμοῖς
534 642 600 710 δὴ
638 645 856 709 γελοῖον
889 640 1114 711 ἐξερρύη
1155 638 1262 696 ὑπὸ
1300 648 1399 696 τοῦ
1437 645 1497 698 ἐν
1533 655 1644 707 τοῖς
1679 642 1860 711 λόγοις,

184 724 532 792 μηνυθέντος
554 719 799 790 ἀρίστου,
821 722 910 775 καὶ
930 726 1094 776 τοῦτο
1114 723 1430 789 ἐνεδείξατο,
1453 721 1535 777 ὅτι
1558 723 1783 793 μάταιος
1803 718 1863 786 ὂς

184 810 401 873 γελοῖον
422 802 556 858 ἄλλο
586 825 637 856 τι
664 799 872 872 ἡγεῖται
898 798 932 873 ἢ
961 801 1021 857 τὸ
1054 802 1244 869 κακόν,
1277 805 1368 858 καὶ
1399 801 1448 872 [ὁ
1478 813 1864 873 γελωτοποιεῖν

186 887 472 954 ἐπιχειρων
498 881 636 950 πρὸς
666 882 840 953 ἄλλην
867 905 990 938 τινα
1022 881 1151 948 ὄψιν
1181 881 1511 954 ἀποβλέπων
1542 907 1613 948 ως
1641 891 1861 954 γελοίου

67 972 70 984 ³
116 985 149 1025 E
183 962 219 1036 ἦ
241 964 343 1035 τὴν
362 971 462 1019 τοῦ
482 962 733 1034 ἄφρονός
750 985 807 1017 τε
827 965 918 1018 καὶ
938 971 1131 1032 κακοῦ,
1153 966 1261 1032 καὶ]
1284 971 1457 1018 καλοῦ
1479 966 1550 1017 αὐ
1570 964 1864 1028 σπουδάζει

185 1045 324 1114 πρὸς
345 1045 516 1100 ἀλλον
534 1043 656 1099 τινὰ
688 1046 898 1099 σκοπὸν
931 1045 1270 1115 στησάμενος
1300 1041 1336 1117 ἢ
1363 1043 1464 1101 τόν
1492 1053 1591 1101 τοῦ
1620 1044 1856 1115 ἀγαθοῦ.

186 1126 511 1182 Παντάπασι
530 1126 632 1196 μὲν
652 1119 772 1195 οὖν,
804 1131 925 1196 ἔφη.

327 1213 404 1262 IV.
440 1200 548 1279 Ἆρ’
573 1201 678 1263 οὖν
704 1206 772 1261 ού
795 1214 1015 1276 πρῶτον
1039 1209 1141 1278 μὲν
1169 1215 1333 1264 τοῦτο
1362 1212 1483 1277 περὶ
1510 1207 1696 1263 αὐτῶν
1726 1205 1861 1262 ἀνο-

186 1291 540 1360 μολογητέον,
572 1295 621 1344 εἰ
653 1288 864 1344 δυνατοὶ
897 1286 931 1359 ἦ
964 1289 1051 1359 οὔ,
1084 1291 1174 1345 καὶ
1206 1292 1398 1346 δοτέον
1433 1290 1859 1361 ἀμφισβήτησιν,

185 1382 291 1428 εἰτε
312 1395 391 1436 τις
410 1377 796 1442 φιλοπαίσμων
818 1380 921 1427 εἴτε
942 1371 1343 1436 σπουδαστικὸς
1378 1376 1554 1427 ἐθέλει
1582 1370 1861 1442 ἀμφισβη-

68 1469 155 1514 453
183 1460 360 1524 τῆσαι,
393 1452 629 1522 πότερον
656 1451 862 1523 δυνατὴ
893 1453 1059 1522 φύσις
1086 1451 1119 1524 ἡ
1151 1451 1481 1523 ἀνθρωπίνη
1510 1450 1543 1523 ἡ
1572 1452 1768 1522 θήλεια
1797 1457 1863 1522 τῇ

184 1541 285 1591 τοῦ
316 1535 548 1605 ἄρρενος
578 1538 777 1605 γένους
814 1542 1148 1605 κοινωνῆσαι
1186 1540 1260 1599 εἰς
1285 1534 1503 1589 ἅπαντα
1535 1557 1600 1588 τα
1639 1540 1786 1603 ἔργα,
1824 1529 1860 1602 ἦ

186 1615 308 1673 οὐδ’
335 1618 452 1680 εἰς
431 1638 508 1686 εν,
536 1612 571 1687 ἦ
606 1622 681 1680 εἰς
706 1614 770 1670 τὰ
791 1638 892 1686 μεν
913 1620 999 1671 οἵα
1018 1638 1093 1685 τε,
1118 1623 1193 1680 εἰς
1214 1618 1271 1670 δε
1297 1616 1361 1671 τὰ
1384 1615 1470 1685 οὔ,
1491 1616 1580 1670 καὶ
1609 1620 1769 1669 τοῦτο
1793 1612 1859 1684 δὴ

185 1697 246 1754 τὸ
284 1700 405 1766 περὶ
436 1695 534 1752 τὸν
564 1698 807 1768 πόλεμον
833 1701 1080 1767 ποτέρων
1114 1701 1291 1765 ἐστίν;
1332 1692 1422 1767 ἀρ’
1458 1695 1557 1768 οὐχ
1588 1695 1762 1760 οὕτως
1790 1692 1862 1749 ἄν

187 1779 451 1836 κάλλιστά
471 1801 550 1842 τις
568 1777 867 1849 ἀρχόμενος
891 1777 962 1843 ὡς
994 1778 1050 1835 τό
1084 1781 1228 1844 εἰκὸς
1261 1781 1350 1834 καὶ
1379 1779 1640 1834 κάλλιστα
1670 1785 1859 1832 τελευ-

185 1862 427 1932 τήσειεν;
450 1861 605 1916 Πολύ
626 1882 705 1930 γε,
729 1865 848 1931 ἔφη.
876 1861 1076 1916 Βούλει
1096 1856 1217 1931 οὖν,
1237 1856 1309 1932 ἦν
1330 1858 1383 1915 δ’
1406 1861 1529 1930 ἐγώ,
1555 1858 1708 1931 ἡμεῖς
1728 1859 1865 1927 πρὸς

185 1942 327 2015 ἡμᾶς
354 1940 559 2007 αὐτοὺς
588 1939 726 2011 ὑπὲρ
763 1950 875 1998 τῶν
903 1943 1088 1998 ἄλλων
1119 1942 1639 2014 ἀμφισβητήσωμεν,
1669 1946 1759 1996 ἵνα
1785 1939 1858 2010 μὴ

125 2047 153 2087 ss
187 2030 358 2095 ἔρημα
380 2025 443 2079 τὰ
467 2031 568 2079 τοῦ
588 2025 778 2093 ἑτέρου
798 2024 970 2093 λόγου
987 2031 1369 2094 πολιορκῆται;
1394 2023 1590 2088 Οὐδέν,
1607 2029 1729 2092 ἔφη,
1750 2043 1863 2076 κω-

187 2107 319 2161 λύει.
369 2108 633 2175 Λέγωμεν
664 2105 730 2175 δὴ
764 2104 904 2172 ὑπὲρ
938 2105 1125 2160 αὐτῶν
1158 2104 1240 2160 ὅτι
1279 2099 1324 2158 ὦ
1360 2104 1652 2170 Σώκρατές
1676 2124 1734 2157 τε
1770 2105 1861 2157 καὶ

187 2186 480 2252 Γλαύκων,
503 2185 669 2240 οὐδὲν
692 2190 777 2240 δεῖ
796 2184 927 2256 ὑμῖν
947 2185 1149 2250 ἄλλους
1169 2184 1532 2255 ἀμφισβητεῖν
1549 2205 1560 2216 ·
1582 2182 1738 2238 αὐτοὶ
1753 2182 1859 2252 γὰρ

189 2270 250 2323 ἐν
279 2265 416 2337 ἀρχῇ
447 2272 542 2337 τῆς
575 2272 944 2335 κατοικίσεως,
975 2264 1047 2336 ἣν
1077 2265 1291 2340 ᾠκίζετε
1322 2267 1501 2325 πόλιν,
1534 2264 1860 2335 ὡμολογεῖτε

190 2353 306 2404 δεῖν
328 2347 464 2403 κατὰ
486 2348 658 2418 φύσιν
679 2349 911 2403 ἕκαστον
932 2350 1028 2403 ἕνα
1051 2351 1110 2403 ἓν
1130 2348 1189 2402 τὸ
1205 2347 1379 2404 αὑτοῦ
1399 2347 1671 2417 πράττειν.
1692 2345 1862 2415 Ὡμου

189 2429 517 2500 λογήσαμεν,
539 2427 714 2498 οἶμαι·
737 2437 851 2494 πῶς
868 2429 972 2499 γάρ
994 2429 1091 2496 οὕ;
1116 2429 1306 2484 ’Ἑστιν
1325 2424 1432 2485 οὖν
1452 2429 1600 2492 ὅπως
1624 2426 1692 2484 οὐ
1713 2428 1861 2495 πάμ-

189 2519 332 2567 πολυ
354 2513 601 2580 διαφέρει
620 2510 763 2580 γυνὴ
793 2509 1000 2580 ἀνδρὸς
1028 2513 1130 2582 τὴν
1157 2512 1357 2582 φύσιν;
1395 2515 1525 2575 Πως
1555 2509 1607 2565 δ’
1641 2508 1708 2564 ού
1740 2513 1863 2563 δια-

190 2595 372 2663 φέρει;
419 2589 645 2648 Οὐκοῦν
666 2592 798 2647 ἄλλο
820 2594 910 2647 καὶ
938 2596 1103 2663 ἔργον
1123 2594 1357 2666 ἑκατέρω
1390 2591 1657 2663 προσήκει
1697 2611 1865 2658 προς-

124 2693 158 2734 c
191 2674 408 2728 τάττειν
426 2672 486 2729 τὸ
512 2673 648 2729 κατὰ
670 2674 771 2744 τὴν
791 2672 962 2729 αὑτοῦ
993 2673 1194 2744 φύσιν;
1233 2681 1299 2729 Τί
1314 2673 1454 2772 μῄν;
1490 2678 1618 2734 Πῶς
1638 2673 1742 2724 οὐν
1762 2665 1863 2737 οὐχ

190 2752 528 2824 αμαρτάνετε
562 2764 669 2811 νῦν
709 2760 798 2812 καὶ
835 2756 1095 2812 τάναντία
1132 2754 1264 2827 ὑμῖν
1301 2754 1484 2816 αὐτοῖς
1519 2756 1716 2820 λέγετε,
1753 2748 1866 2819 φά-

193 2850 417 2900 σκοντες
448 2831 520 2891 αὖ
555 2835 685 2902 τοὺς
713 2837 919 2909 ἄνδρας
950 2839 1042 2894 καὶ
1072 2836 1167 2902 τὰς
1196 2847 1461 2906 γυναῖκας
1481 2837 1596 2888 δεῖν
1626 2830 1691 2886 τὰ
1722 2827 1861 2885 αὐτὰ
