1962 3236
26 88 91 107 x.-⁴‘r
126 84 182 106 .⁸’:·

553 93 1039 180 ΠοΛΙΤΕΙΛΣ
1057 123 1128 179 θ’.
1188 103 1202 143 ⁷
1243 100 1248 101 ⁷
1599 129 1705 181 269

23 264 279 336 πρόσθεν
315 261 749 335 ὡμολογήσαμεν
785 263 911 332 περὶ
950 263 1333 335 δικαιοσύνης,
1371 258 1494 319 οἶόν
1541 261 1707 318 ἐστιν.
1732 276 1766 316 Β

34 345 181 401 Αλλὰ
200 346 330 416 μήν,
349 369 382 417 η
366 340 459 400 δ’
490 343 568 414 ὃς,
598 342 788 414 ὀρθῶς
819 365 899 414 γε.
936 345 1468 415 Κεφαλαιωσώμεθα
1496 349 1707 413 τοίνυν,

0 420 97 498 ιῆν
116 426 170 482 δ’
193 426 317 496 ἐγώ,
336 426 434 482 τὸν
454 426 734 482 κάκιστον.
780 427 893 480 ἔστι
922 428 986 480 δέ
1007 446 1135 496 που,
1165 421 1348 481 οἷον”
1314 445 1452 496 οναρ
1477 425 1711 495 διήλθο-

0 504 2 506 ’
24 528 146 576 μεν,
170 504 285 571 ὅς’Ν
248 529 321 561 αν
339 506 489 575 ὕπαρ
519 512 766 569 τοιοῦτος
794 499 844 575 ᾖ.
882 505 1047 560 Πάνυ
1064 507 1166 577 μὲν
1185 498 1303 562 οὖν.
1355 503 1585 561 Οὐκοῦν
1608 498 1712 560 οὗ-

24 609 119 652 τος
138 598 399 658 γίγνεται,
418 584 479 651 ὃς
498 582 568 642 ἀν
587 585 1064 654 τυραννικώτατος
1082 587 1251 657 φύσει
1271 609 1351 642 ων
1369 586 1707 659 μοναρχήσῃ,

24 670 116 722 καὶ
159 668 271 723 ὅσω
314 690 386 723 αν
422 672 589 722 πλείω
625 666 832 736 χρόνον
878 669 941 722 ἐν
975 672 1266 737 τυραννίδι
1301 673 1422 739 βιῷ,
1462 667 1708 741 τοσούτῳ

24 757 240 819 μᾶλλον
266 755 528 812 τοιοῦτος.
560 745 818 818 Ἀναγκη,
838 751 943 818 ἔφη
965 748 1352 818 διαδεξάμενος
1369 746 1469 803 τὸν
1490 747 1660 818 λόγον
1678 747 1707 804 ὁ

27 836 80 887 Γ
75 840 141 886 λα
151 831 316 887 ύκων.

166 916 246 966 lv,
276 905 391 978 Ἆρ’
414 905 536 981 οὖν,
555 903 627 980 ἧν
641 908 690 964 δ’
714 909 840 980 ἐγώ,
862 910 922 974 ὃς
940 907 1013 965 ἄν
1033 916 1294 981 φαίνηται
1313 914 1702 982 πονηρότατος,
1738 920 1771 962 G

30 996 120 1049 καὶ
157 992 498 1057 ἀθλιώτατος
533 991 866 1062 φανήσεταις
902 994 995 1046 καὶ
1024 991 1084 1057 ὃς
1112 988 1183 1047 ἄν
1220 999 1476 1048 πλεῖστον
1504 994 1711 1063 χρόνον

27 1078 118 1130 καὶ
139 1078 372 1144 μάλιστα
391 1073 758 1143 τυραννεύσῃ,
779 1072 1012 1143 μάλιστά
1032 1095 1088 1128 τε
1116 1074 1206 1138 καὶ
1226 1080 1484 1129 πλεῖστον
1502 1074 1711 1143 χρόνον

27 1164 275 1221 τοιοῦτος
292 1156 535 1226 γεγονώς
551 1164 619 1227 τῇ
638 1155 899 1228 ἀληθείας
938 1168 1051 1221 τοῖς
1080 1158 1138 1212 δὲ
1168 1164 1390 1222 πολλοῖς
1414 1157 1590 1213 πολλοὶ
1619 1157 1711 1212 καὶ

29 1241 194 1293 δοκεῖ.
240 1238 496 1309 Ἀνάγκη,
535 1243 659 1309 ἔφη,
696 1244 867 1292 ταῦτα
903 1245 1046 1306 γοῦν
1083 1236 1259 1302 οὕτως
1283 1242 1440 1307 ἔχειν.
1476 1237 1638 1294 ’Άλλο
1660 1260 1713 1293 τι

29 1313 153 1385 οὖν,
173 1313 247 1389 ἦν
265 1317 318 1374 δ’
342 1319 468 1388 ἐγώ,
493 1318 525 1374 ὅ
543 1341 605 1389 γε
626 1317 957 1389 τυραννικὸς
977 1317 1113 1373 κατὰ
1132 1319 1235 1389 τήν
1252 1322 1711 1389 τυραννουμένην

28 1400 192 1454 πόλιν
222 1396 294 1454 ἂν
325 1408 405 1470 εἴη
426 1398 722 1471 ὁμοιότητι,
755 1399 1045 1471 δημοτικὸς
1074 1401 1132 1455 δὲ
1161 1397 1297 1454 κατὰ
1328 1404 1710 1471 δημοκρατου-

29 1483 219 1551 μένην,
241 1485 329 1535 καὶ
350 1484 404 1536 οἰ
431 1481 589 1537 ἄλλοι
618 1482 821 1547 οὕτως;
868 1487 936 1537 Τί
959 1482 1098 1552 μήν;
1135 1479 1380 1551 Ου’κοῦυ,
1415 1480 1448 1537 ὅ
1475 1504 1527 1537 τι
1555 1482 1713 1547 πόλις

30 1563 168 1630 πρὸς
197 1563 359 1618 πόλιν
389 1561 556 1635 ἀρετῇ
584 1565 675 1619 καὶ
707 1562 1047 1635 εὐδαιμονίᾳ,
1079 1570 1241 1618 τοῦτο
1278 1564 1369 1618 καὶ
1403 1563 1544 1635 ἀνὴρ
1574 1561 1713 1635 πρὸς

29 1642 235 1711 ἄνδρας
265 1650 393 1709 Πῶς
410 1644 517 1715 γὰρ
541 1643 637 1710 οὕς
677 1651 746 1700 Τί
763 1638 867 1699 οὖν
897 1645 1064 1716 ἀρετῇ
1092 1648 1513 1716 τυραννουμένη
1548 1646 1709 1711 πόλις
1731 1663 1765 1704 D

30 1745 169 1793 προς
199 1730 651 1798 βασιλευομένην,
691 1750 814 1783 οιαν
848 1729 909 1783 τὸ
949 1735 1171 1799 πρῶτον
1202 1728 1535 1799 διήλθομενς
1585 1735 1712 1786 Πᾶν

29 1804 377 1876 τούναντίον,
411 1812 542 1878 ἔφη·
590 1806 623 1877 ἡ
654 1809 754 1878 μὲν
783 1830 890 1878 γαρ
919 1807 1130 1879 ἆρί,στη
1160 1805 1194 1879 ἡ
1225 1808 1283 1864 δὲ
1310 1817 1552 1880 κακίστη.
1592 1810 1712 1866 Οὐκ

30 1886 314 1956 ἐρήσομαι,
354 1886 525 1957 εἷπον,
558 1886 829 1958 ὁποτέραν
859 1893 1052 1959 λέγεις·
1091 1894 1262 1961 δῆλον
1291 1891 1423 1959 γάρ·
1462 1888 1586 1946 αλλ’
1615 1889 1712 1946 εὐ-
1757 1957 1763 1963 ⁸

32 1971 318 2038 δαιμονίας
335 1989 391 2023 τε
403 1963 477 2023 αὖ
498 1971 587 2025 καὶ
608 1968 936 2041 ἀθλιότητος
949 1969 1210 2036 ὡσαύτως
1225 1966 1262 2041 ἢ
1280 1968 1458 2035 α’λλως
1478 1972 1758 2042 κρίνεις;’
1773 1996 1802 2002 ··
1927 2011 1936 2019 .

30 2051 120 2103 καὶ
141 2049 213 2118 μή
239 2050 667 2120 ἐκπληττώμεθα
687 2050 827 2121 πρὸς
856 2049 954 2106 τὸν
984 2052 1267 2121 τύραννον
1297 2053 1393 2106 ἕνα
1422 2050 1558 2106 ὅντα
1588 2055 1716 2122 βλέ-

31 2150 243 2197 ποντες,
258 2127 387 2200 μηδ’
411 2139 464 2186 εἴ
477 2153 620 2196 τινες
639 2130 813 2201 ὀλίγοι
833 2134 956 2202 περὶ
976 2135 1207 2202 ἐκεῖνον,
1227 2130 1339 2188 ἀλλ’
1365 2130 1436 2197 ὡς
1452 2130 1551 2204 χρὴ
1577 2131 1715 2203 ὅλην

30 2211 135 2282 τήν
154 2210 316 2266 πόλιν
345 2214 699 2278 εἰσελθόντας
727 2214 1064 2285 θεάσασθαι,
1096 2214 1432 2279 καταδύντες
1464 2218 1540 2278 εἰς
1568 2212 1709 2269 ἅπα-
1740 2230 1772 2271 Ε

34 2308 139 2346 σαν
158 2291 249 2346 καὶ
273 2292 483 2357 ἰδόντες
494 2293 639 2350 οὕτω
660 2295 826 2361 δόξαν
846 2293 1305 2368 ἀποφαινώμεθα.
1339 2295 1484 2352 Ἀλλ’
1506 2294 1710 2367 ὀρθῶς,

32 2377 156 2443 ἔφη,
184 2380 469 2440 προκαλεῑ·
508 2376 598 2431 καὶ
618 2379 790 2447 δῆλον
810 2383 989 2447 παντί,
1017 2377 1101 2433 ὅτι
1130 2379 1584 2450 τυραννουμένης
1611 2399 1714 2448 μεν

34 2451 135 2507 οὐκ
169 2457 318 2508 ἔστιν
345 2450 673 2526 ἀθλιωτέρα,
702 2462 1132 2531 βασιλευομένης
1163 2458 1221 2514 δὲ
1250 2458 1353 2514 οὐκ
1384 2457 1711 2529 εὐδαιμονε-

37 2536 214 2603 στέρα.
246 2526 360 2602 'Ao'
390 2529 511 2603 οὖν,
531 2529 602 2607 ἦν
622 2535 676 2592 δ’
698 2538 823 2635 ἐγώ,
844 2542 933 2594 καὶ
958 2545 1080 2608 περὶ
1108 2546 1220 2595 τῶν
1240 2539 1465 2609 α’νδρων
1483 2538 1549 2595 τὰ
1571 2537 1710 2595 αὐτα

30 2621 203 2670 ταῦτα
242 2617 694 2687 προκαλουμενος
741 2616 928 2685 ὀρθως
970 2642 1041 2675 αν
1089 2627 1494 2693 προκαλοίμην,
1542 2619 1711 2687 ἀξιῶν
1742 2636 1824 2681 577

30 2701 242 2764 κρίνειν
260 2699 382 2766 περὶ
403 2696 590 2753 αὐτῶν
609 2701 839 2768 ἐκεῖνον,
861 2697 922 2765 ὃς
939 2705 1169 2756 δύναται
1188 2724 1254 2773 τῃ
1279 2707 1496 2776 ᾶιανοία
1516 2707 1593 2767 εἰς
1611 2700 1715 2758 ἄν·

32 2777 163 2847 δρὸς
191 2770 331 2849 ἦθος
367 2781 530 2845 ἐνδὺς
561 2786 771 2852 διιδεῖν,
811 2785 897 2839 καὶ
940 2806 1012 2856 μη
1048 2786 1303 2854 καθάπερ
1343 2798 1468 2851 παῖς
1503 2790 1712 2852 ἔξωθεν
