1962 3236
193 190 298 244 390
808 193 1286 243 ΠΛΑΤΩΝΟΣ
1813 205 1871 250 72

193 328 400 381 θέσθαι
434 324 694 394 τοῦνομα.
735 328 848 377 πᾶν
881 322 941 378 δὲ
974 320 1042 393 δὴ
1077 321 1140 378 τό
1175 322 1226 378 τ’
1265 328 1431 396 ἔργον
1462 328 1554 382 καὶ
1586 325 1647 382 τό
1690 329 1872 396 πάθος

191 406 359 464 τοῦθ’
380 405 539 479 ἡμῶν
556 410 636 479 τῷ
655 404 864 476 στόματι
882 408 1113 476 γέγονεν
1142 402 1430 478 ἀρδομένῳ
1461 409 1555 463 καὶ
1586 407 1872 482 ἀναψυχο-

191 491 339 565 μένω
357 490 663 559 τρέφεσθαι
695 487 788 542 καὶ
817 491 944 558 ζῇν·
983 483 1191 542 ὁπόταν
1217 487 1325 557 γὰρ
1360 495 1490 544 εἴσω
1520 494 1612 546 καὶ
1647 495 1749 559 ἔξω
1777 500 1873 565 τῆς

191 570 474 639 ἀναπνοῆς
489 567 678 638 ἰούσης
701 566 763 622 τὸ
785 573 899 637 πῦρ
919 568 1072 633 ε’ντὸς
1090 571 1437 640 ξυνημμένον
1457 571 1666 646 ἕπηται,
1681 578 1870 630 διαιω-

98 673 156 721 79
193 652 470 723 ρούμενον
507 652 567 706 δὲ
603 649 687 706 ἀεὶ
724 648 814 705 διὰ
850 656 946 721 τῆς
980 657 1190 716 κοιλίας
1223 652 1480 710 εἰσελθὸν
1510 654 1578 710 τὰ
1603 662 1744 711 σιτία
1780 659 1873 713 καὶ

191 731 332 791 ποτά
363 734 527 806 λάβῃ,
551 732 703 804 τήκει
722 732 808 804 δή,
836 733 927 787 καὶ
953 731 1090 788 κατὰ
1111 733 1314 805 σμικροὶ
1342 739 1612 808 διαιροῦν,
1643 739 1732 793 διὰ
1760 745 1873 794 τῶν

191 816 397 882 ἐξόδων
425 807 566 887 ᾗπερ
595 814 890 883 πορεύεται
916 814 1128 884 (helym),
1162 813 1283 871 οἷον
1318 819 1377 871 ἐκ
1400 819 1604 915 κρήνης
1628 818 1718 875 ἐπ’
1750 817 1873 890 ὀχε-

189 896 322 963 τούς
342 899 428 952 ἐπὶ
446 895 545 962 τὰς
573 899 782 968 φλέβας
809 893 1052 951 ἀντλοῦν
1078 894 1238 966 αύτά,
1268 899 1386 969 ῥεῖν
1416 897 1599 969 ὥσπερ
1623 898 1874 965 αὐλωνος

191 978 279 1035 διὰ
301 985 403 1035 τοῦ
431 979 680 1050 σώματος
708 976 775 1033 τὰ
801 984 914 1033 τῶν
938 984 1163 1049 φλεβῶν
1189 990 1337 1034 ποιεῖ
1361 979 1617 1050 ῥεύματα.

328 1065 548 1117 XXXVI.
567 1060 750 1115 Πάλιν
771 1059 828 1115 δὲ
848 1058 908 1114 τὸ
930 1066 1026 1130 τῆς
1047 1058 1331 1130 ἀναπνοῆς
1350 1064 1555 1132 ἴδωμεν
1574 1060 1773 1132 πάθος,
1787 1058 1872 1128 αἷς

189 1143 478 1215 χρώμενον
496 1147 690 1206 αἰτίαις
707 1147 962 1197 τοιοῦτον
980 1144 1228 1213 γέγονεν,
1250 1138 1473 1212 οἷόνπερ
1491 1142 1557 1197 τά
1578 1149 1686 1197 νῦν
1707 1145 1869 1198 ἐστίν.

130 1243 162 1282 Β
197 1218 296 1282 036'
319 1219 440 1282 οῦν.
481 1221 666 1293 ἐπειδὴ
687 1221 855 1278 κενὸν
883 1219 1051 1277 οὐδέν
1080 1225 1243 1293 ἐστιν,
1266 1227 1342 1287 εἰς
1360 1220 1391 1279 ὃ
1406 1229 1519 1278 τῶν
1547 1225 1872 1294 φερομένων

191 1305 404 1362 δύναιτ’
429 1304 501 1359 ἀν
519 1308 792 1359 εἰσελθεῖν
810 1324 878 1372 τι,
899 1300 960 1357 τὸ
983 1306 1042 1357 δὲ
1060 1307 1278 1373 πνεῦμα
1298 1307 1520 1373 φέρεται
1548 1302 1680 1372 παρ’
1710 1302 1871 1375 ἡμῶν

189 1391 308 1456 ἔξω,
339 1386 401 1440 τὸ
423 1382 557 1455 μετά
587 1389 750 1439 τοῦτο
780 1383 884 1454 ἤδη
916 1386 1080 1438 παντὶ
1110 1387 1297 1454 δῆλον,
1331 1382 1405 1448 (ὃς
1434 1382 1537 1438 οὐκ
1575 1389 1650 1449 εἰς
1684 1384 1870 1454 κενόν,

192 1465 333 1523 ἀλλά
369 1464 433 1521 τὸ
470 1470 705 1535 πλησίον
744 1466 803 1519 ἐκ
838 1469 934 1534 τῆς
961 1465 1122 1533 ἕδρας
1151 1462 1312 1520 ωθεῖ·
1350 1463 1412 1519 τὸ
1452 1464 1507 1519 δ’
1539 1461 1871 1563 ὠθούμενον

192 1548 469 1614 ἐξελαύνει
485 1545 548 1602 τὸ
574 1553 809 1618 πλησίον
837 1543 939 1615 ἀεί,
970 1548 1061 1600 καὶ
1090 1544 1228 1601 κατὰ
1258 1546 1466 1615 ταύτην
1493 1545 1596 1616 τὴν
1624 1544 1873 1631 ἀνάγκην

192 1635 307 1686 πᾶν
354 1627 861 1699 περιελαυνόμενον
899 1631 974 1691 εἰς
1008 1625 1112 1696 τὴν
1156 1629 1341 1698 ἕδραν,
1389 1627 1529 1683 ὅθεν
1572 1629 1768 1697 ἐξῆλθε
1809 1648 1869 1681 το

191 1719 429 1782 πνεῦμα,
462 1710 636 1766 εἰσιόν
668 1712 842 1766 ἐκεῖσε
868 1710 959 1765 καὶ
993 1707 1353 1780 ἀναπληροῦν
1382 1706 1559 1779 αὐτὴν
1587 1710 1868 1773 ξυνέπεται

193 1801 272 1868 τῷ
291 1794 577 1864 πνεύματι,
599 1794 690 1848 καὶ
708 1798 872 1847 τοῦτο
894 1790 1006 1862 ἅμα
1026 1797 1139 1845 πᾶν
1167 1787 1287 1846 οἷον
1315 1797 1515 1863 τροχοῦ
1544 1792 1871 1861 περιαγομέ-

125 1899 160 1942 0
193 1897 298 1931 νου
315 1881 560 1945 γίγνεται
579 1873 667 1928 διὰ
686 1873 747 1927 τὸ
769 1870 934 1928 κενὸν
955 1871 1128 1942 μηδὲν
1147 1870 1301 1927 εἷναι.
1338 1869 1420 1926 διὸ
1443 1869 1511 1941 δὴ
1530 1869 1589 1926 τὸ
1611 1876 1723 1926 τῶν
1741 1885 1874 1940 στη-

192 1964 319 2013 θῶν
338 1958 428 2012 καὶ
450 1960 553 2010 τοῦ
573 1955 884 2025 πλεύμονος
901 1957 1001 2019 ἔξω
1022 1953 1217 2023 μεθιεν
1234 1951 1295 2007 τὸ
1317 1958 1536 2023 πνεῦμα
1565 1952 1732 2006 πάλιν
1760 1947 1867 2003 ὑπὸ

191 2043 295 2094 τοῦ
315 2038 438 2106 περὶ
455 2036 515 2092 τὸ
539 2054 695 2108 σωμα
717 2034 894 2105 ἀέρος,
909 2043 1037 2091 εἴσω
1058 2034 1147 2090 διὰ
1166 2041 1358 2105 μανῶν
1375 2041 1489 2088 τῶν
1507 2049 1732 2100 σαρκων
1748 2034 1871 2084 δυο-

191 2122 366 2189 μένου
392 2119 485 2174 καὶ
519 2119 1041 2187 περιελαυνομένου,
1071 2121 1314 2184 γίγνεται
1341 2119 1563 2183 πλῆρες
1613 2104 1780 2174 αὖθις
1815 2109 1874 2165 δε

194 2199 643 2271 ἀποτρεπόμενος
672 2197 700 2255 ὁ
722 2198 827 2269 ἀηρ
853 2200 945 2253 καὶ
973 2198 1062 2252 διὰ
1092 2202 1193 2252 τοῦ
1221 2196 1471 2266 στόματος
1490 2198 1591 2259 ἔξω
1622 2191 1724 2248 ἰών
1744 2200 1873 2248 εἴσω

194 2283 297 2356 τὴν
316 2280 607 2352 ἀναπνοὴν
631 2288 902 2351 περιωθεῖ
927 2300 1065 2334 κατα
1094 2276 1207 2382 τήν,
1230 2282 1330 2331 τοῦ
1363 2275 1628 2345 στόματος
1656 2274 1746 2328 καὶ
1773 2271 1874 2342 τὴν

195 2388 310 2422 των
339 2364 636 2436 μυκτήρων
674 2367 877 2418 δίοδον.
916 2360 1019 2431 τὴν
1052 2361 1110 2415 δε
1149 2364 1326 2414 αἰτίαν
1362 2362 1457 2428 τῆς
1490 2355 1657 2426 ἀρχῆς
1690 2351 1877 2409 αὐτῶν

119 2467 162 2508 1)
200 2449 398 2502 θετέον
417 2445 606 2515 τήνδε·
646 2450 759 2499 πᾶν
784 2443 969 2509 ζωον
942 2447 1142 2497 εαυτοῦ
1164 2439 1359 2503 τάντός
1387 2439 1509 2505 περὶ
1538 2435 1597 2492 τὸ
1625 2431 1755 2505 αἷμα
1785 2435 1877 2488 καὶ

195 2527 292 2593 τὰς
319 2530 525 2599 φλέβας
558 2525 875 2598 θερμότατα
912 2528 1034 2594 ἔχει,
1074 2518 1193 2578 οἷον
1230 2523 1290 2576 ἐν
1325 2521 1498 2591 ἑαυτῷ
1535 2517 1717 2587 πηγήν
1753 2536 1877 2570 τινα

199 2613 442 2665 ἐνοῦσαν
462 2607 665 2677 πυρός·
705 2604 734 2663 ὃ
765 2607 831 2677 δὴ
863 2606 955 2661 καὶ
981 2602 1411 2675 προσεικάζομεν
1437 2604 1513 2672 τῷ
1542 2604 1643 2653 τοῦ
1664 2596 1874 2665 κύρτου

203 2694 485 2761 πλέγματι,
506 2690 645 2745 κατὰ
666 2692 837 2760 μέσον
868 2688 1255 2756 διατεταμένον
1282 2686 1343 2739 ἐκ
1369 2679 1547 2752 πυρὸς
1573 2679 1875 2746 πεπλέχθαι

202 2792 332 2842 παν,
364 2793 430 2827 τα
451 2771 509 2827 δε
532 2771 688 2840 ἄλλα,
710 2770 814 2825 ὅσα
845 2773 1070 2838 ἔξωθεν,
1102 2762 1377 2838 ἀέρος.τό
1405 2761 1621 2832 θερμὸν
1640 2759 1707 2827 δὴ
1738 2756 1877 2812 κατὰ

203 2852 376 2923 φύσιν
396 2857 470 2916 εἰς
491 2852 595 2923 τὴν
613 2851 790 2907 αὑτοῦ
811 2851 999 2922 χώραν
1019 2854 1119 2915 ἔξω
1149 2846 1287 2916 πρὸς
1313 2844 1374 2901 τὸ
1398 2842 1652 2913 ξυγγενες
1675 2837 1879 2909 Oblosto-
