1962 3236
220 195 323 247 154
835 198 1310 245 ΠΛΑΤΩΝΟΣ

149 347 189 390 c
219 334 414 400 μονίας
433 331 556 399 πέρι
575 329 805 402 ὁρμήσει
831 326 1005 383 αὐτὸν
1023 326 1113 382 διὰ
1135 329 1375 398 δύναμιν
1393 331 1479 384 ἐπὶ
1508 330 1568 385 τὸ
1592 329 1810 386 ἅπαντα
1827 331 1893 386 τὰ

217 414 277 464 ἐν
305 417 393 509 τῇς
399 409 553 466 πόλει
590 416 952 479 οἰκειοῦσθαι,
981 407 1251 479 γνώσεται
1278 408 1379 465 τὸν
1410 409 1664 467 Ησίοδον
1700 411 1784 466 ὅτι
1820 419 1896 485 τῷ

218 489 338 545 ὄντι
355 483 428 562 ἦν
446 490 622 561 σοφὸς
640 493 817 561 λέγων
836 491 1008 545 πλέον
1026 488 1171 545 εἶναί
1183 509 1298 555 πως
1316 489 1488 596 ἥμισυ
1508 491 1726 556 παντός.
1753 490 1954 564 Ἐμοὶ

219 574 338 643 μέν,
370 576 493 643 ἔφη,
521 571 813 646 ξυμβούλςο
843 570 1124 642 χρώμενος
1153 584 1311 643 μενεῖ
1340 575 1425 628 ἐπὶ
1461 574 1639 647 τούτῳ
1677 581 1754 647 τῷ
1777 579 1894 647 βίῳ.
1930 595 1962 641 ἰφ

218 660 536 724 Συγχωρεῖς
556 653 681 722 ἄρα,
701 647 774 724 ἦν
793 652 847 708 δ’
871 652 994 723 ἐγώ,
1023 652 1127 723 τὴν
1155 659 1268 708 τῶν
1296 661 1579 724 γυναικῶν
1598 660 1897 710 κοινωνίαν
1934 689 1941 696 ·

217 745 329 798 τοῖς
368 731 658 805 ἀνδράσιν,
697 733 771 806 ἢν
811 733 1217 805 διεληλύθαμεν
1254 738 1501 800 παιδείας
1545 757 1604 790 τε
1637 738 1762 807 πέρι
1807 738 1897 791 καὶ
1938 740 1949 802 j

219 817 432 869 παίδων
448 817 538 870 καὶ
558 822 810 885 φυλακῆς
830 821 942 869 τῶν
971 812 1157 870 ἄλλων
1185 822 1443 886 πολιτῶν,
1478 815 1616 871 κατοέ
1646 838 1705 871 τε
1734 815 1897 871 πόλιν
1938 810 1953 838 ³¹

219 893 494 966 μενούσας
531 901 607 961 είς
635 894 878 966 πόλεμόν
911 915 969 950 τε
1007 895 1201 959 ἰούσας
1232 898 1323 951 καὶ
1353 896 1760 966 ξυμφυλάττειν
1783 901 1899 952 δεῖν

148 1015 150 1018 v
220 978 311 1034 καὶ
348 978 719 1048 ξυνθηρεύειν
755 976 940 1047 ὥσπερ
976 977 1151 1040 κύνας
1196 979 1286 1032 καὶ
1323 977 1505 1032 πάντα
1542 978 1721 1050 πάντῃ
1759 977 1893 1033 κατὰ
1938 995 1940 999 ’

216 1057 278 1113 τὸ
303 1061 544 1115 δυνατὸν
563 1070 870 1128 κοινωνεῖν,
893 1060 984 1112 καὶ
1014 1064 1186 1112 ταῦτα
1215 1058 1563 1129 πραττούσας
1590 1081 1656 1114 τα
1685 1081 1742 1114 τε
1768 1062 1898 1130 βέλ-
1946 1111 1947 1114 ,

217 1155 371 1194 τιστα
397 1140 627 1209 πράξειν
661 1141 751 1195 καὶ
788 1137 857 1194 οὐ
893 1137 1040 1210 παρὰ
1067 1138 1241 1208 φύσιν
1270 1136 1373 1210 τὴν
1402 1146 1506 1194 τοῦ
1534 1140 1737 1211 θήλεος
1761 1140 1898 1209 πρὸς

217 1241 280 1275 το
311 1219 500 1291 ἄρρεν,
539 1213 575 1293 ᾖ
611 1220 936 1291 πεφύκατον
972 1218 1112 1291 πρὸς
1147 1219 1366 1291 αλλήλω
1395 1233 1711 1288 κοινωνεῖν,
1742 1229 1950 1291 Συγ-

219 1324 396 1373 mm,
419 1307 539 1373 5-‹1222

360 1386 484 1437 XIV.
525 1380 769 1452 Οὐκοῦν,
791 1376 863 1453 ἦν
883 1381 932 1438 δ’
957 1383 1082 1453 έγω’,
1107 1385 1282 1438 ἐκεῖνο
1307 1381 1506 1438 λοιπὸν
1532 1387 1829 1452 διελέσθαι,
1851 1386 1902 1438 εἰ
1928 1375 1942 1421 Ϊ

222 1462 330 1533 ἄρα
358 1465 450 1520 καὶ
478 1468 539 1519 έν
569 1462 894 1533 ἀνθρώποις
926 1461 1170 1520 δυνατὸν
1203 1463 1387 1533 ὥσπερ
1426 1468 1486 1520 έν
1523 1464 1709 1530 ἄλλοις
1746 1464 1899 1531 ζώοις
1933 1470 1947 1532 ‘3

220 1544 429 1615 ταύτην
468 1543 572 1615 τὴν
619 1553 917 1601 κοινωνίαν
955 1547 1296 1616 ἐγγενέσθαι,
1334 1547 1426 1601 καὶ
1475 1544 1585 1619 ὅπῃ
1628 1546 1897 1611 δυνατόν,
1927 1558 1931 1564 ’

208 1625 442 1696 Ἕφθης,
480 1631 605 1697 ἔφη,
645 1624 817 1682 εἰπών
854 1619 891 1697 ᾗ
927 1631 1156 1697 ἔμελλον
1190 1623 1598 1697 ὑπολήψεσθαι.
1636 1629 1773 1697 Περὶ
1797 1628 1898 1698 μὲν
1929 1632 1938 1674 ’ἰ

160 1719 194 1759 Ε
224 1706 331 1778 γὰρ
350 1714 464 1762 τῶν
484 1709 545 1762 ἐν
564 1714 642 1780 τῷ
661 1711 879 1781 πολέμῳ
901 1705 1067 1778 οἶμαι,
1090 1712 1250 1779 ἔφην,
1272 1713 1444 1779 δῆλον
1469 1706 1535 1764 ὃν
1554 1709 1765 1780 τρόπον
1795 1728 1899 1764 πο-
1922 1755 1928 1762 ,

222 1787 569 1860 λεμήσουσιν.
608 1794 764 1855 Hui„
787 1792 820 1859 ἡ
842 1787 893 1844 δ’
919 1787 995 1853 ὅς.
1021 1786 1139 1844 Ὀτι
1159 1795 1322 1861 κοινῇ
1341 1790 1785 1860 στρατεύσονται,
1808 1792 1898 1845 καὶ

222 1870 360 1938 πρός
378 1891 441 1940 γε
461 1869 654 1936 ἄξουσι
672 1893 786 1926 των
804 1875 1019 1926 παίδων
1050 1876 1125 1935 εἰς
1159 1870 1261 1927 τὸν
1288 1872 1534 1942 πόλεμον
1570 1870 1692 1927 ὅσοι
1720 1870 1898 1942 ἁδροί,

219 1948 292 2006 ἵν’
337 1949 522 2022 ω’σπερ
562 1954 618 2006 oc
642 1973 754 2006 των
787 1951 971 2008 ἄλλων
1003 1956 1356 2023 δημιουργῶν
1382 1958 1623 2007 θεωνται
1654 1959 1899 2022 ταῦτα,α

220 2034 590 2096 τελεωθέντας
619 2033 800 2103 δεήσει
826 2037 1203 2104 δημιουργεῖν·
1240 2031 1381 2103 πρὸς
1413 2033 1472 2088 δε
1490 2040 1558 2104 τῇ
1575 2035 1681 2088 θέα
1709 2037 1898 2087 διακο-

91 2113 190 2162 467
220 2123 339 2167 νεῖν
355 2115 446 2167 καὶ
465 2110 756 2183 ὑπηρετεῖν
775 2114 954 2167 πάντα
983 2111 1049 2167 τὰ
1077 2114 1198 2183 περὶ
1216 2113 1315 2168 τὸν
1334 2111 1592 2183 πόλεμον,
1614 2113 1703 2167 καὶ
1723 2120 1899 2182 θερα-
1930 2183 1933 2186 ἢ

221 2193 415 2248 πεύειν
445 2196 680 2262 πατέρας
704 2215 762 2247 τε
799 2195 888 2248 καὶ
918 2195 1164 2264 μητέρας.
1203 2189 1240 2263 ἢ
1268 2191 1371 2248 οὐκ
1399 2191 1646 2264 ᾔσθησαι
1676 2190 1742 2246 τὰ
1775 2194 1899 2260 περὶ
1934 2205 1939 2245 ;

219 2275 318 2340 τὰς
343 2278 549 2346 τέχνας,
594 2272 712 2331 οἷον
751 2275 881 2339 τούς
916 2298 1029 2331 των
1065 2277 1350 2347 κεραμέων
1385 2279 1599 2344 παῖδας,
1621 2272 1694 2339 ὡς
1718 2272 1898 2329 πολύν
1935 2292 1941 2346 j

220 2358 426 2429 χρόνον
445 2362 832 2421 διακονοῦντες
851 2364 1131 2428 θεωροῦσι
1152 2360 1282 2426 πρὶν
1302 2355 1575 2411 ἅπτεσθαι
1601 2362 1702 2410 τοῦ
1731 2376 1899 2425 κερα-
1930 2377 1950 2422 '.

220 2439 439 2510 μεύειν;
475 2440 585 2494 Καὶ
602 2438 761 2511 μαλα.
795 2441 863 2492 H
877 2441 984 2493 οὐν
1002 2440 1226 2502 ἐκείνοις
1245 2440 1659 2508 ἐπιμελέστερον
1679 2439 1896 2491 παιδευ-

220 2515 398 2589 τέονῆ
423 2531 534 2583 τοῖς
555 2519 758 2589 φύλαξι
786 2517 916 2583 τοὺς
945 2516 1130 2573 αὑτων
1160 2521 1409 2618 ἐμπειρία
1437 2539 1494 2572 τε
1526 2519 1617 2572 καὶ
1648 2518 1754 2572 θέα
1784 2537 1897 2570 των
1924 2520 1947 2578 ζ’·

221 2598 645 2703 προσηκόντων;
681 2600 1107 2670 Καταγέλαστον
1134 2597 1284 2670 μέντ’
1318 2598 1404 2666 ἄν,
1438 2602 1560 2668 ἔφη,
1594 2604 1691 2667 εἴη.
1735 2594 1896 2650 Ἀλλα
1931 2651 1935 2662 ,

158 2694 190 2734 Β
222 2680 332 2751 μὴν
355 2684 446 2736 καὶ
466 2686 714 2752 μαχεῖταί
726 2703 790 2778 γε
809 2688 922 2736 πᾶν
943 2686 1081 2747 ζῶον
1103 2679 1476 2750 διαφερόντως
1499 2677 1792 2749 παρόντων
1817 2679 1895 2730 ὠν
1935 2723 1937 2727 ,
1958 2727 1959 2731 ,

220 2757 292 2816 ἄν
310 2765 451 2834 τέκη.
474 2761 661 2818 ’Έστιν
682 2761 856 2818 οὕτω·
891 2766 1150 2827 κίνδυνος
1169 2762 1245 2831 δέ,
1271 2783 1313 2816 ω
1342 2758 1652 2828 Σώκρατες,
1673 2754 1742 2811 οὐ
1771 2773 1944 2838 σμι-

221 2840 353 2911 πρὸς
382 2850 689 2912 σφαλεῖσιν,
729 2841 817 2900 οἶα
855 2842 921 2915 δὴ
960 2846 1022 2899 ἐν
1054 2844 1272 2915 πολέμω
1308 2847 1471 2911 φιλεῖ,
1512 2839 1650 2911 πρὸς
1686 2839 1898 2903 ἑαυτοῖς

1935 398 1962 435 ’ᾗ

1926 557 1962 603 Ἠ

1923 2845 1958 2962 Ξ

1936 2955 1957 2989 3³

1935 2994 1944 3014 vr

1927 3048 1962 3236 ,Ξ
