1962 3236
157 175 230 227 34
766 177 1247 226 ΠΛΑΤΩΝΟΣ

158 331 273 366 τον.
313 307 549 382 ’Λνοῖγκη
583 308 692 382 ἄρα
720 316 865 381 κακῇ
883 314 1032 380 ψυχῇ
1050 314 1234 372 κακῶς
1251 307 1440 379 ἄρχειν
1463 311 1556 366 καὶ
1573 313 1839 381 ἐπιμελεῖ-ι

162 399 323 459 σθαι,
359 397 428 463 τῇ
461 391 522 450 δὲ
541 388 732 462 ἀγαθῇ
749 390 930 445 πάντα
947 396 1121 444 ταῦτα
1147 382 1215 444 εὖ
1246 389 1523 458 πράττειν.
1585 389 1840 463 Ἀνάγκη.

164 471 394 529 Οὐκοῦν
415 469 618 544 ἀρετήν
637 493 701 542 γε
722 468 1178 541 ξυνεχωρήσαμ-εν
1195 476 1372 540 ψυχῆς
1391 468 1531 527 εἶναι
1552 472 1843 527 δικαιοσύ·

160 575 268 625 νην
281 595 296 622 ,
333 556 535 608 κακίαν
573 551 633 607 δὲ
661 550 911 615 ἆδικίανς
953 549 1434 622 Συνεχωρήσαμεν
1468 551 1591 623 γάρ.
1640 549 1707 608 Ἡ
1739 555 1842 624 μὲν

161 634 271 706 ἄρα
300 638 485 690 δικαία
504 630 650 703 ψυχὴ
682 632 774 688 καὶ
794 628 823 687 6
846 634 1053 696 δίκαιος
1071 628 1215 703 ἀνὴρ
1248 625 1313 688 εὖ
1329 631 1591 704 βιω’σεται
1604 676 1619 703 ,
1657 642 1842 700 κακῶς

43 726 132 772 354
158 715 218 771 δὲ
238 712 267 770 6
289 713 495 779 ἄδικος.
551 718 841 783 Φαίνεται,
868 717 1002 784 ἔφη,
1033 712 1171 770 κατὰ
1200 712 1302 770 τὸν
1322 711 1424 770 σὸν
1443 714 1629 784 λόγον.
1680 715 1840 773 Ἀλλά

158 795 269 869 μὴν
288 794 321 852 ὅ
337 818 401 867 γε
420 789 485 852 εὖ
504 800 612 863 ζῶν
629 794 898 867 μακάριός
914 816 973 850 τε
988 801 1080 851 καὶ
1098 792 1394 866 εὐδαίμων,
1409 793 1438 852 6
1460 795 1520 852 δὲ
1539 796 1612 868 μὴ
1633 796 1841 855 τάναν-

159 883 263 934 τία.
303 885 433 944 Πιός
450 878 559 949 γὰρ
582 877 682 944 οῧ;
703 875 765 933 Ὁ
784 875 886 948 μὲν
906 881 1115 941 δίκαιος
1133 875 1242 947 ἄρα
1262 875 1566 949 εὐδαίμων,
1587 876 1617 934 6
1637 877 1692 934 δ’
1713 879 1839 937 ἅδι-

159 981 257 1025 κος
273 958 483 1024 ἅθλιος.
512 958 819 1027 ’Ἑστωσαν,
837 961 959 1027 ἔφη.
989 955 1149 1012 Ἀλλὰ
1173 959 1285 1028 μήν
1303 957 1508 1014 ἄθλιόν
1524 980 1588 1028 γε
1607 958 1748 1015 εἶναι
1769 958 1840 1016 οὐ

159 1048 455 1111 λυσιτελεῖ,
477 1039 780 1109 εὐδαίμονα
799 1041 874 1092 δέ.
912 1043 1045 1102 Παῖς
1059 1035 1167 1110 γὰρ
1189 1038 1288 1105 οὕ;
1323 1036 1599 1096 Οὐδέποτ’
1625 1040 1733 1112 ἄρα
1748 1083 1763 1112 ,
1792 1034 1840 1098 αἶ

159 1122 395 1194 μακάριε
417 1117 776 1192 Θρασύμαχε,
795 1122 1245 1192 λυσιτελέστερον
1264 1117 1447 1176 ἀδικία
1468 1121 1838 1193 δικαιοσύνης.

92 1273 94 1278 y
163 1209 350 1259 Ταῦτα
370 1201 440 1273 δή
459 1216 572 1269 σοι,
594 1205 699 1272 ἔφη
715 1243 731 1269 ,
754 1194 801 1255 οἶ
819 1201 1144 1271 Σώκρατες,
1167 1200 1463 1258 εἱστιάσθω
1486 1205 1549 1259 έν
1565 1215 1679 1270 τοῖς
1696 1210 1838 1260 Βεν-

18 1276 21 1283 ’
92 1287 94 1289 ’
159 1287 393 1361 διδείοις.
445 1279 570 1338 Ὑπὸ
591 1288 698 1337 σοῦ
713 1303 807 1352 γε,
835 1275 907 1353 ἦν
927 1279 980 1336 δ’
1008 1281 1117 1352 ἐγώ
1131 1324 1146 1352 ,
1177 1276 1222 1338 ὦ
1256 1282 1617 1355 Θρασύμαχε,
1651 1284 1839 1358 ἐπειδή

157 1387 251 1437 μοι
269 1371 443 1437 πρᾶος
469 1366 664 1434 ἐγένου
681 1367 774 1420 καὶ
796 1368 1142 1434 χαλεπαίνων
1162 1364 1400 1420 ἐπαύσω.
1443 1363 1511 1420 οὐ
1530 1369 1717 1436 μέντοι
1735 1388 1839 1421 κα·-

95 1462 128 1504 Β
159 1453 269 1512 λαῖς
289 1467 352 1517 γε
374 1449 659 1517 εἱστίαμαι,
680 1443 743 1501 δι’
767 1444 1023 1515 ἐμαυτόν,
1050 1442 1174 1500 ἄλλ’
1196 1444 1265 1500 οὐ
1286 1443 1375 1500 διὰ
1395 1449 1460 1501 σέ
1470 1469 1480 1479 ·
1503 1443 1624 1502 ἀλλ’
1649 1445 1836 1519 ὥσπερ

160 1531 218 1584 οἰ
240 1533 417 1599 λίχνοι
437 1533 540 1582 τοῦ
559 1529 663 1582 αἰεὶ
687 1529 1152 1598 παραφερομένου
1170 1525 1540 1597 ἀπογεύονται
1562 1525 1838 1601 ἁρπάζον-

158 1631 273 1680 τες,
300 1612 432 1679 πρὶν
460 1614 565 1664 τοῦ
585 1611 859 1680 προτέρου
878 1613 1108 1679 μετρίως
1137 1606 1475 1679 ἀπολαῦσαι,
1508 1611 1600 1665 καὶ
1620 1611 1728 1680 έγω’
1745 1632 1840 1682 μοι

161 1695 310 1747 δοκῶ
329 1688 504 1761 οὕτω,
534 1691 667 1760 πρὶν
685 1687 718 1745 ὅ
736 1688 798 1744 τὸ
818 1696 1040 1760 πρῶτον
1058 1692 1404 1761 ἐσκοποῦμεν
1424 1688 1634 1763 εὑρεῖν,
1665 1689 1727 1746 τὰ
1750 1694 1837 1746 δί-

157 1794 320 1829 καιον
339 1770 373 1827 ὅ
400 1776 456 1827 τί
479 1768 601 1826 ποτ’
630 1772 805 1840 ἐστίν,
836 1769 1109 1841 αφέμενος
1141 1773 1357 1827 ἐκείνου
1386 1769 1627 1844 ὁρμῆσαι
1657 1774 1744 1828 ἐπὶ
1760 1771 1833 1844 ,τό

159 1859 474 1921 σκέψασθαι
490 1854 615 1925 περὶ
636 1849 830 1923 αὐτοῦ,
855 1859 960 1907 εἴτε
981 1857 1142 1908 κακία
1156 1855 1267 1909 ἐστὶ
1286 1855 1377 1909 καὶ
1397 1851 1609 1925 ἀμαθία
1622 1862 1728 1911 εἴτε
1741 1869 1840 1911 σο-

159 1942 260 2008 φία
278 1933 420 1993 καὶ’
389 1940 579 2008 αρετή,
600 1937 692 1991 καὶ
713 1928 1042 2006 ἐμπεσόντος
1060 1927 1134 1990 αὖ
1151 1933 1389 2007 ν’στερον
1406 1936 1605 2005 λόγου,
1634 1934 1719 1992 ὅτι
1735 1944 1839 1992 λυ-

160 2021 533 2089 σιτελέστερον
564 2014 598 2087 ἡ
618 2014 801 2071 ἀδικία
826 2021 922 2085 τῆς
948 2017 1335 2088 δικαιοσύνης,
1379 2016 1483 2073 οὐκ
1516 2015 1837 2090 απεσχόμην

89 2119 122 2161 c
159 2097 221 2155 τό
244 2098 317 2170 μὴ
337 2095 441 2155 οὐκ
459 2099 546 2153 ἐπὶ
563 2104 727 2153 τοῦτο
748 2099 934 2153 ἐλθεῖν
953 2092 1050 2151 ἄπ’
1071 2099 1305 2168 ἐκείνου,
1327 2098 1466 2155 ω’στε
1485 2121 1579 2170 μοι
1596 2102 1724 2155 νυνὶ
1742 2102 1835 2170 γε’·-

158 2200 327 2250 γονεν
355 2181 414 2235 ἐκ
443 2185 547 2234 τοῦ
577 2177 842 2248 διαλόγου
871 2179 1042 2248 μηδὲν
1061 2181 1286 2234 εἰδέναι·
1326 2177 1491 2236 ὁπότε
1522 2178 1629 2251 γὰρ
1654 2178 1716 2235 τὸ
1749 2185 1831 2237 δί-

158 2282 321 2317 καιον
348 2258 422 2332 μὴ
444 2258 565 2316 οἶδα
585 2258 616 2316 ὅ
637 2262 780 2330 ἐστι,
812 2266 983 2332 σχολῇ
1010 2267 1224 2331 εἴσομαι
1254 2268 1359 2318 εἴτε
1389 2260 1556 2334 ἀρετή
1583 2284 1664 2327 τις
1690 2256 1836 2319 οὖσα

158 2341 415 2414 τυγχάνει
435 2349 541 2398 εἴτε
560 2343 652 2398 καὶ
672 2339 742 2397 οὔ
757 2383 773 2412 ,
793 2343 884 2397 καὶ
902 2342 1139 2415 πότερον
1158 2340 1186 2398 6
1206 2347 1346 2415 ἔχων
1364 2341 1499 2400 αὐτὸ
1521 2341 1624 2402 οὐκ
1646 2343 1835 2401 εὐδαί-

157 2444 279 2496 μων
297 2425 447 2481 έστὶν
468 2418 505 2495 ἢ
524 2422 816 2496 εὐδαίμων.

829 2620 1183 2630 -—--—--——
