1962 3236
156 179 281 264 148⁵
711 212 1186 260 ΠΛΑΤΩΝΟΣ

153 349 243 402 καὶ
266 346 538 416 ἀνέγγυον
554 346 643 401 καὶ
664 344 888 414 ἀνίερον
906 344 1158 416 φήσομεν
1186 343 1359 401 αὐτὸν
1378 350 1544 402 παῖδα
1573 352 1637 418 τῇ
1668 346 1826 402 πόλει

154 428 502 482 καθιστάναι.
519 424 839 498 Ὀρθότατα,
861 427 979 495 ἔφη.
1008 422 1175 480 Ὅταν
1195 425 1254 481 δὲ
1273 424 1359 496 δή,
1380 424 1546 497 οἶμαι,
1567 428 1628 481 αἴ
1647 447 1703 481 τε
1724 448 1827 495 γυ·-
1892 453 1897 456 ’

154 522 335 573 ναῖκες
371 511 462 564 καὶ
500 512 555 564 οἱ
588 506 786 578 ἄνδρες
830 512 930 561 τοῦ
966 514 1176 579 γεννᾷν
1212 508 1414 579 ἐκβῶσι
1449 506 1552 579 τὴν
1587 507 1823 579 ἡλικίαν,
1947 496 1953 503 ’

154 591 444 662 άφήσομέν
480 612 590 645 που
626 590 959 660 ἐλευθέρους
995 587 1198 654 αὐτοὺς
1237 595 1636 661 συγγίγνεσθαι
1672 587 1717 665 ᾦ
1756 587 1828 645 ἂν

90 687 123 730 O
151 674 399 741 ἐθέλωσι,
421 671 564 743 πλὴν
582 673 821 741 θυγατρὶ
841 673 930 726 καὶ
948 674 1108 742 μητρὶ
1125 672 1214 727 καὶ
1234 683 1350 735 ταῖς
1373 679 1486 727 τῶν
1497 674 1826 742 θυγατέρων

152 757 304 810 παισὶ
333 756 425 810 καὶ
453 765 568 819 ταῖς
599 753 717 809 ἄνω
748 753 969 825 μητρός,
1010 755 1100 810 καὶ
1128 765 1394 823 γυναῖκας
1423 747 1499 808 αὖ
1535 754 1683 823 πλὴν
1719 755 1831 807 υἱεῖ

151 838 240 893 καὶ
262 837 425 905 πατρὶ
444 837 534 892 καὶ
553 848 663 901 τοῖς
680 837 891 890 τούτων
913 840 987 899 είς
1009 833 1068 890 τὸ
1091 835 1239 890 κάτω
1258 837 1348 890 καὶ
1370 837 1456 890 ἐπὶ
1479 833 1538 889 τὸ
1566 833 1701 904 ἅνω,
1734 835 1825 888 καὶ

150 918 323 974 ταῦτά
342 916 392 988 γ’
426 917 531 989 ἤδη
553 917 729 973 πάντα
756 916 1242 986 διακελευσάμενοι
1263 924 1695 986 προθυμεῖσθαι,
1720 914 1828 985 μά-

151 1007 307 1054 λιστα
336 998 436 1069 μὲν
465 996 594 1068 μηδ’
628 1003 703 1062 εἰς
741 1004 860 1068 φῶς
890 999 1143 1067 ἐκφέρειν
1173 997 1357 1067 κύημα
1386 1000 1526 1067 μηδέ
1539 995 1592 1067 γ’
1627 996 1707 1065 ἓν,
1731 994 1828 1050 ἐὰν

152 1083 391 1151 γένηται,
413 1079 510 1135 ἐὰν
533 1083 598 1135 δέ
612 1103 661 1134 τι
687 1080 958 1151 βιάσηται,
991 1078 1137 1133 οὕτω
1160 1079 1391 1149 τιθέναι,
1425 1076 1497 1142 ὡς
1526 1075 1629 1132 οὐκ
1660 1077 1830 1147 οὔσης

152 1169 362 1232 τροφῆς
382 1168 456 1234 τῷ
476 1162 724 1235 τοιούτῳ.
746 1162 856 1216 Καὶ
875 1166 1046 1215 ταῦτα
1067 1161 1168 1230 μέν
1185 1156 1261 1229 γ’,
1286 1164 1408 1229 ἔφη,
1421 1163 1657 1230 μετρίως
1676 1160 1829 1227 λέγε-

88 1265 124 1306 1)
156 1264 270 1298 ται·
309 1246 545 1312 πατέρας
565 1243 732 1298 δὲκαὶ
752 1245 1064 1311 θυγατέρας
1092 1242 1181 1296 καὶ
1209 1237 1245 1295 ἃ
1272 1247 1380 1295 νῦν
1409 1239 1474 1311 δὴ
1507 1244 1685 1310 ἔλεγες
1714 1246 1829 1303 πῶς

155 1325 556 1395 διαγνώσονται
578 1323 859 1394 ἄλλήλων;
905 1320 1194 1393 Οὐδαμῶς,
1221 1315 1293 1392 ἦν
1323 1320 1374 1376 δ’
1411 1322 1535 1392 ἐγώ,
1571 1319 1690 1377 ἀλλ’
1725 1318 1824 1389 ἀφ’

152 1402 219 1479 ἧς
239 1405 311 1462 ὅίν
329 1405 534 1477 ἡμέρας
553 1429 630 1470 τις
650 1403 836 1461 αὐτῶν
856 1410 1094 1475 νυμφίος
1112 1406 1349 1474 γένηται,
1363 1402 1478 1474 μετ’
1503 1405 1719 1473 ἐκείνην
1739 1406 1831 1457 δε-

154 1488 303 1562 κάτῳ
327 1489 458 1559 μηνὶ
495 1490 586 1543 καὶ
627 1487 838 1559 ἑβδόμῳ
880 1484 946 1557 δὴ
985 1484 1020 1540 ἂ
1056 1481 1127 1539 ἂν
1164 1487 1386 1555 γένηται
1412 1488 1630 1554 ἔκγονα,
1660 1491 1832 1538 ταῦτα

154 1571 334 1626 πάντα
355 1582 618 1641 προσερεῖ
627 1568 693 1624 τὰ
712 1570 815 1639 μὲν
838 1568 1043 1636 ἄρρενα
1063 1570 1214 1636 υἱεῖς,
1235 1565 1301 1620 τὰ
1318 1567 1376 1622 δὲ
1395 1565 1573 1637 θήλεα
1592 1569 1833 1635 θυγατέ-

154 1675 270 1722 ρας,
293 1654 384 1708 καὶ
413 1654 591 1707 ἐκεῖνα
621 1653 833 1707 ἐκεῖνον
866 1651 1089 1719 πατέρα,
1120 1651 1210 1704 καὶ
1242 1647 1387 1704 οὕτω
1420 1647 1484 1718 δὴ
1524 1648 1587 1702 τὰ
1617 1647 1832 1703 τούτων

154 1739 355 1804 ἔκγονα
375 1737 588 1789 παίδων
608 1737 804 1797 παῖδας
822 1734 912 1787 καὶ
932 1734 1110 1786 ἐκεῖνα
1132 1724 1206 1785 αὖ
1224 1733 1467 1794 ἐκείνους
1497 1729 1755 1792 πάππους
1775 1749 1832 1782 τε

153 1817 242 1871 καὶ
275 1815 468 1886 τηθάς,
489 1838 556 1870 τα
586 1814 637 1870 δ’
677 1816 738 1870 ἐν
774 1817 964 1886 ἐκείνω
997 1820 1073 1886 τῷ
1103 1813 1284 1886 χρόνω
1314 1809 1598 1882 γεγονότα,
1620 1813 1679 1865 ἐν
1702 1810 1743 1883 ᾧ
1776 1812 1837 1864 αἶ

154 1901 379 1968 μητέρες
415 1898 506 1952 καὶ
535 1901 592 1952 οἱ
618 1899 844 1967 πατέρες
875 1894 1062 1950 αὐτῶν
1094 1896 1353 1965 ἐγέννων,
1385 1891 1629 1963 άδελφάς
1658 1913 1715 1947 τε
1742 1891 1833 1946 καὶ

98 1998 132 2038 Ε
159 1978 460 2048 ἀδελφούς·
496 1977 653 2046 ὥστε,
685 1976 717 2033 ὃ
738 1984 846 2033 νῦν
875 1976 940 2047 δὴ
972 1979 1247 2046 ἐλέγομεν,
1283 1973 1535 2045 ἀλλήλων
1564 1973 1636 2044 μὴ
1667 1971 1834 2027 ἅπτε-

156 2068 313 2115 σθαι·
343 2059 620 2130 ἀδελφοὺς
641 2061 699 2115 δὲ
719 2061 808 2114 καὶ
827 2056 1070 2127 ἀδελφὰς
1092 2057 1252 2112 δώσει
1282 2054 1310 2110 ὁ
1335 2054 1502 2125 νόμος
1533 2065 1830 2122 συνοικεῖν,

157 2138 257 2195 ἐὰν
276 2137 305 2195 ὁ
328 2146 531 2210 κλῆρος
559 2140 732 2210 ταύτῃ
763 2142 1039 2208 ξυμπίπτῃ
1067 2140 1157 2191 καὶ
1185 2134 1217 2206 ἡ
1250 2140 1440 2190 Πυθία
1470 2138 1830 2205 προσαναιρῇ.

151 2221 471 2292 Ὀρθότατα,
493 2216 528 2292 ἦ
555 2220 609 2276 δ’
634 2221 707 2286 ὅς.

298 2307 354 2357 Χ.
389 2301 461 2357 ‘H
472 2305 574 2373 μὲν
590 2301 655 2374 δὴ
678 2307 959 2369 κοινωνία,
983 2293 1027 2355 ὦ
1040 2299 1329 2369 Γλαύκων,
1351 2296 1489 2368 αὕτη
1510 2319 1567 2352 τε
1597 2298 1687 2352 καὶ
1717 2319 1831 2350 τοι-

158 2385 297 2453 αύτη
315 2405 599 2453 γυναικων
618 2404 676 2438 τε
695 2384 786 2438 καὶ
802 2385 1014 2437 παίδων
1033 2391 1145 2444 τοῖς
1169 2380 1377 2450 φύλαξί
1390 2396 1477 2433 σοι
1494 2385 1587 2449 τῆς
1607 2378 1828 2441 πόλεως·

160 2487 233 2528 ως
258 2464 365 2521 δέ’
338 2467 573 2535 επομένη
604 2486 661 2519 τε
688 2470 753 2536 τῇ
786 2462 924 2535 άλλῃ
955 2467 1197 2517 πολιτεία
1226 2464 1314 2516 καὶ
1345 2467 1539 2532 μακρῷ
1567 2465 1834 2531 βελτίστη,

161 2549 245 2601 δεῖ
274 2545 341 2618 δὴ
364 2544 424 2601 τό
458 2546 592 2617 μετὰ
620 2552 784 2600 τοῦτο
815 2544 1230 2616 βεβαιώσασθαι
1258 2540 1407 2611 παρὰ
1439 2546 1539 2596 τοῦ
1570 2541 1763 2610 λόγου·
1800 2535 1837 2610 ἢ

47 2650 131 2694 452
160 2647 274 2691 πως
303 2647 575 2698 ποιωμεν;
619 2625 782 2683 Οὕτω
817 2625 885 2697 νὴ
918 2631 1045 2696 Δία,
1067 2620 1103 2696 ἦ
1144 2622 1195 2680 δ’
1229 2622 1303 2690 ὅς.
1347 2616 1463 2694 Αρ’
1496 2643 1600 2677 ουν
1621 2618 1719 2690 οὐχ
1737 2619 1836 2690 ἥδε

163 2707 298 2779 ἀρχὴ
321 2715 414 2780 τῆς
433 2707 740 2779 ὁμολογίας,
766 2710 991 2778 ἐρέσθαι
1010 2705 1151 2778 ἡμᾶς
1177 2704 1397 2775 αὐτούς,
1419 2709 1476 2759 τί
1487 2723 1616 2758 ποτε
1643 2700 1703 2756 τὸ
1736 2703 1823 2771 μέ

161 2807 351 2858 γιστον
373 2788 595 2859 ἀγαθὸν
615 2796 810 2862 ἔχομεν
842 2794 1014 2845 εἰπεῖν
1038 2793 1113 2853 εἰς
1141 2787 1350 2851 πόλεως
1367 2782 1731 2853 κατασκευήν,
1764 2773 1836 2836 οὗ
1916 2791 1956 2845 ³5}

165 2873 250 2924 δεῖ
263 2870 661 2941 στοχαζόμενον
678 2871 778 2926 τὸν
799 2874 1111 2941 νομοθέτην
1131 2871 1342 2924 τιθέναι
1354 2863 1483 2929 τοὺς
1501 2862 1725 2933 νόμους,
1748 2865 1838 2918 καὶ
