1962 3236
0 0 34 61 J

29 167 90 212 93
388 161 593 208 ΠΕΡΙ
634 162 919 210 ΨΤΧΑΣ
959 161 1275 211 ΚΟΣΜΩ.
1612 159 1716 212 411

29 292 296 362 μυριάδες
323 317 380 350 ια
416 299 450 350 δ
493 316 524 366 χ
557 304 634 354 fe.
685 291 789 348 τᾶν
816 292 919 363 μὲν
947 313 1027 347 ων
1062 298 1137 348 τῶ
1175 291 1289 348 ὅλω
1319 290 1506 363 ψυχὰν
1543 295 1717 348 ταῦτά

35 392 151 437 πως
171 376 350 430 διεῖλε.

173 458 228 508 V.
280 456 426 511 Θεὸν
462 459 522 512 δὲ
558 455 658 511 τὸν
692 456 793 525 μὲν
829 453 1057 509 αἰώνιον
1093 454 1224 518 νόος
1258 450 1362 524 ὁρῆ
1394 452 1580 523 μόνος,
1617 452 1717 508 τὸν

30 532 294 590 ἁπάντων
322 535 569 608 ἀρχαγὸν
596 539 685 592 καὶ
706 537 968 616 γενέτορα
997 538 1261 590 τουτέων·
1292 533 1396 591 τὸν
1425 534 1485 591 δὲ
1512 555 1716 604 γεννα-

29 613 132 669 τόν
168 614 265 680 ὄψι
300 615 542 713 ὁρέομες,
587 616 801 686 κόσμον
835 636 892 670 τε
927 615 1091 671 τόνδε
1127 618 1218 670 καὶ
1253 613 1321 670 τᾶ
1357 617 1525 686 μέρεα
1562 614 1715 670 αὐτω

31 691 205 750 ὁκόσα
244 694 456 766 ὦράνια
485 699 614 765 ἐντί,
647 694 715 751 τά
745 714 848 765 περ
881 698 1101 766 αἰθέρια
1131 693 1267 750 ὄντα
1295 693 1536 766 διαιρετὰ
1572 698 1712 766 δίχα,

31 773 106 840 ὥς
124 775 191 831 τὰ
221 779 323 846 μὲν
351 784 446 842 τᾶς
472 775 656 832 ταύτῶ
685 777 887 847 φύσιος
915 775 1082 847 εἶμεν,
1112 775 1177 831 τὰ
1208 777 1267 832 δὲ
1296 774 1393 841 τὰς
1423 782 1502 832 τῶ
1532 778 1715 844 ἑτέρω.

28 848 111 912 ὦν
129 855 194 911 τὰ
214 861 317 927 μὲν
336 861 546 924 ἔξωθεν
564 857 684 928 ἄγει
702 857 881 913 πάντα
910 860 974 913 ἐν
992 855 1177 922 αὐτοῖς
1194 856 1260 912 τὰ
1280 856 1435 922 ἐντὸς
1453 854 1553 912 ἀπ’
1574 854 1714 912 ἀνα·
1749 873 1781 912 D

28 944 193 1002 τολᾶς
220 941 306 995 ἐπὶ
334 940 498 996 δύσιν
519 941 624 996 τὰν
654 939 790 995 καθ’
822 937 1033 1010 ἁμέραν
1060 944 1298 1009 κίνασιν,
1326 936 1393 993 τὰ
1425 937 1484 994 δὲ
1512 944 1611 1003 τοὶς
1637 943 1715 993 τιὸ

29 1020 195 1088 ἑτέρω
216 1020 368 1087 ἐντὸς
388 1021 494 1079 ἀπὸ
516 1023 746 1093 ἑσπέρας
763 1020 830 1077 τὰ
860 1018 996 1077 ποθ’
1028 1023 1100 1077 ἕω
1122 1021 1222 1091 μὲν
1249 1021 1714 1092 έπαναφερόμενά

30 1120 87 1154 τε
128 1101 219 1156 καὶ
253 1101 387 1157 καθ’
427 1101 569 1158 αὐτὰ
615 1103 927 1173 κινεόμενα,
968 1106 1443 1174 συμπεριδινέεται
1482 1100 1542 1157 δὲ
1576 1102 1715 1157 κατὰ

29 1182 379 1252 συμβεβηκὸς
396 1188 463 1255 τᾷ
484 1181 668 1238 ταύτῶ
686 1189 855 1255 φορᾷ,
875 1182 1075 1253 κράτος
1094 1185 1277 1258 ἐχοίσᾳ
1296 1187 1359 1238 ἐν
1376 1182 1565 1258 κόσμῳ
1585 1184 1714 1253 κάρ·

33 1283 151 1331 ρον.
190 1260 225 1317 ἆ
255 1264 315 1319 δὲ
341 1270 418 1319 τῶ
448 1265 614 1334 ἑτέρω
643 1262 792 1334 φορά
827 1266 1198 1335 μεμερισμένα
1234 1263 1370 1320 καθ’
1401 1263 1717 1336 ἁρμονικῶς

28 1344 208 1413 λόγως
230 1346 285 1408 ἐς
304 1344 437 1400 ἑπτὰ
457 1346 676 1410 κύκλως
698 1347 1069 1400 συντέτακται.
1104 1343 1139 1400 ἀ
1159 1346 1261 1415 μὲν
1279 1339 1361 1400 ὦν
1379 1346 1586 1400 σελάνα
1611 1366 1715 1400 πο-

30 1428 335 1497 τιγειοτάτα
371 1430 506 1482 έᾶσα
533 1432 781 1498 ἔμμηνον
812 1425 916 1481 τὰν
947 1430 1210 1497 περίοδον
1247 1426 1564 1497 ἀποδίδωτι,
1599 1425 1628 1482 ὁ
1663 1426 1717 1482 δ’
1751 1438 1783 1478 Ε

31 1507 187 1573 ἅλιος
222 1507 354 1578 μετὰ
404 1509 611 1563 ταύταν
647 1512 907 1581 ἑνιαυσίῳ
945 1507 1130 1581 χρόνῳ
1168 1507 1269 1563 τὸν
1306 1508 1456 1564 αὑτῶ
1503 1509 1717 1564 κύκλον

32 1593 260 1646 ἐκτελεῖ·
300 1590 401 1645 δύο
433 1588 486 1645 δ’
517 1590 802 1661 ἰσόδρομοι
821 1587 986 1662 ἀελίῳ
1008 1591 1136 1659 ἐντί,
1152 1587 1319 1660 Ἑρμᾶ
1340 1610 1398 1645 τε
1417 1593 1508 1646 καὶ
1523 1589 1714 1660 ”Ηρας,

32 1669 128 1727 τὸν
142 1669 464 1741 Ἀφροδίτας
482 1674 574 1727 καὶ
594 1670 905 1742 φωσφόρον
923 1672 1006 1725 τοὶ
1027 1672 1221 1726 πολλοὶ
1241 1675 1507 1727 καλέοντι.
1542 1676 1718 1742 νομῆς

26 1753 134 1822 γὰρ
154 1754 244 1807 καὶ
266 1759 372 1818 πᾶς
392 1751 582 1822 ὅμιλος
603 1750 672 1807 οὐ
691 1749 866 1821 σοφὸς
883 1748 949 1805 τὰ
981 1752 1106 1819 περὶ
1135 1749 1239 1806 τάν
1263 1751 1421 1820 ίεράν
1442 1749 1714 1820 ἀστρονο-

24 1839 159 1905 μίαν
208 1836 321 1890 έντὶ
360 1833 486 1890 οὐδ’
526 1832 843 1903 ἐπιστάμων
876 1830 1155 1887 ἀνατολᾶν
1192 1838 1296 1887 τοῖν
1333 1833 1591 1903 ἑσπερίαν
1622 1835 1715 1889 καὶ

23 1914 193 1988 ἑῴαν·
232 1913 260 1971 6
283 1914 391 1984 γὰρ
410 1913 578 1980 αὐτὸς
606 1914 749 1970 πόκα
768 1914 870 1984 μὲν
898 1914 1129 1982 ἕσπερος
1158 1919 1419 1985 γίγνεται,
1447 1914 1715 1985 ἑπόμενος

23 2002 103 2070 τῷ
121 1994 256 2069 ἁλίῳ
276 2003 563 2065 τοσοῦτον,
586 1995 792 2053 ὁκόσον
810 1996 883 2067 μή
904 1993 1013 2051 ὑπὸ
1047 2002 1144 2060 τᾶς
1175 1993 1350 2065 αὐγᾶς
1378 1994 1529 2051 αὐτῶ
1562 1994 1712 2065 ἀφα-

23 2083 317 2149 νισθῆμεν,
339 2079 485 2134 πόκα
517 2082 575 2133 δὲ
606 2081 755 2152 ἑῷος,
789 2086 852 2134 αἴ
869 2099 939 2134 κα
955 2081 1288 2149 προαγέηται
1315 2084 1413 2149 [τῶ
1432 2075 1585 2148 ἆλίω]
1616 2082 1705 2134 καὶ
1736 2085 1791 2131 97

22 2162 403 2231 προανατέλλῃ
421 2159 545 2215 ποτ’
586 2158 819 2229 ὄρθρον.
870 2160 1175 2231 φωσφόρος
1206 2154 1287 2215 ὦν
1316 2159 1580 2225 πολλάκις
1609 2161 1709 2230 μὲν

22 2244 267 2308 γίγνεται
303 2236 334 2294 6
367 2245 464 2305 τᾶς
492 2238 815 2310 Ἀφροδίτας
850 2238 939 2295 διὰ
968 2240 1029 2295 τὸ
1064 2238 1388 2313 ὁμοδρομῆν
1416 2241 1571 2316 ἁλίῳ,
1605 2239 1707 2297 οὐκ

25 2323 128 2374 αἰεὶ
166 2323 243 2389 δέ,
284 2319 423 2376 ἀλλά
459 2324 652 2378 πολλοὶ
673 2324 775 2393 μὲν
798 2329 911 2378 ταῖν
938 2322 1248 2395 ἀπλανέων,
1281 2326 1476 2380 πολλοὶ
1508 2324 1566 2380 δὲ
1597 2329 1709 2379 τῶν

26 2406 381 2473 πλαζομένων
395 2425 405 2435 ·
445 2410 551 2468 πᾶς
570 2403 628 2459 δὲ
649 2406 710 2460 έν
729 2408 952 2474 μεγέθει
980 2405 1155 2477 ἀστὴρ
1174 2406 1314 2477 ὑπὲρ
1334 2406 1436 2462 τόν
1455 2403 1708 2477 ὁρίζοντα

26 2482 133 2550 πρὸ
160 2481 322 2538 ἁλίου
346 2485 752 2555 προγενόμενος
782 2484 997 2556 ἁμέραν
1028 2485 1291 2557 ἀγγέλλει.
1348 2489 1430 2542 τοὶ
1460 2484 1512 2542 δ’
1549 2485 1707 2543 ἄλλοι

24 2574 184 2633 τρεῖς,
206 2564 394 2633 ’Ἀρεός
421 2587 477 2621 τε
508 2569 597 2621 καὶ
628 2566 763 2631 Διὸς
795 2570 884 2623 καὶ
915 2567 1162 2638 Κρόνου,
1194 2573 1372 2639 ἔχοντι
1402 2573 1515 2625 [δια
1545 2571 1710 2639 τάχεα
1745 2591 1775 2631 13

26 2646 117 2699 καὶ
138 2647 402 2711 ἐνιαυτώς
425 2645 645 2717 ἀνίσως,
667 2651 967 2705 έκτελέοντι
988 2651 1047 2706 δὲ
1067 2647 1168 2704 τὸν
1188 2649 1395 2720 δρόμον
1415 2670 1714 2719 περικατα-

25 2725 225 2791 λάψιας
245 2727 566 2798 ποιεύμενοι
586 2728 791 2798 φάσιάς
818 2752 875 2786 τε
904 2733 994 2787 καὶ
1023 2731 1265 2800 κρύψιας
1294 2734 1385 2787 καὶ
1417 2734 1708 2799 έκλείψιας,

23 2814 330 2874 γεννῶντες
353 2808 611 2879 ἀτρεκέας
628 2832 684 2867 τε
714 2810 986 2876 ἀνατολὰς
1015 2814 1105 2868 καὶ
1139 2813 1359 2878 δύσιας·
1400 2817 1478 2869 ἔτι
1508 2813 1566 2869 δὲ
1597 2814 1677 2884 φά
