1962 3236
614 144 1095 192 ΠΟΛΙΤΕΙΑΣ
1124 137 1186 206 η’.
1647 140 1751 193 253

33 311 40 317 -
66 275 173 331 Καὶ
194 276 366 344 λόγον
390 275 465 346 γ’,
501 273 571 347 ἦν
601 275 655 331 δ’
686 275 812 346 ε’γῶ,
843 273 1028 346 ἀληθῆ
1057 274 1126 330 οὐ
1150 274 1592 345 προσδεχόμενος
1620 275 1752 330 οὐδὲ

65 359 279 424 παριεὶς
299 363 375 422 εἰς
391 358 454 413 τὸ
476 359 771 427 φρούριον,
792 357 892 412 ε’άν
914 379 994 421 τις
1012 361 1160 428 λέγῃ,
1186 354 1259 420 ὡς
1287 361 1350 412 αἱ
1371 359 1474 427 μέν
1503 363 1607 412 εἰσι
1637 363 1751 411 τῶν

22 433 36 439 ’
67 445 253 492 καλῶν
273 461 330 493 τε
349 442 439 494 καὶ
458 438 694 509 άγαθῶν
711 443 1025 508 ἐπιθυμιῶν
1054 437 1269 508 ἡδοναί,
1290 441 1351 493 αἰ
1366 441 1425 494 δὲ
1443 445 1556 493 τῶν
1575 457 1752 509 πονη-

67 525 201 587 ρῶν,
222 521 310 573 καὶ
331 519 426 584 τὰς
444 522 546 591 μὲν
558 520 659 590 χρὴ
679 520 1024 589 ἐπιτηδεύειν
1043 521 1135 574 καὶ
1153 526 1337 591 τιμᾷν,
1361 518 1457 584 τὰς
1489 521 1549 575 δὲ
1578 520 1752 575 κολά-

68 604 180 664 ζειν
204 622 260 654 τε
283 603 370 656 καὶ
394 605 765 656 δουλοῦσθαι·
797 599 899 655 ἀλλ
914 598 927 618 ’
948 602 1008 654 ἐν
1026 607 1160 654 πᾶσι
1178 600 1395 665 τούτοις
1414 599 1675 655 ἀνανεύει
1692 620 1751 654 τε

23 707 33 714 ·
67 687 156 737 καὶ
178 682 371 752 ὁμοίας
389 686 559 755 φησὶν
577 683 795 748 ἁπάσας
814 683 954 739 εἶναι
973 686 1063 739 καὶ
1082 687 1334 754 τιμητέας
1353 687 1408 751 ἐξ
1429 693 1568 741 ἴσου.
1590 685 1755 755 Σφό-

70 769 173 831 δρα
198 767 321 835 γάρ,
345 771 469 837 ἔφη,
500 765 647 822 οὕτω
669 771 1010 836 διακείμενος
1034 773 1198 821 τοῦτο
1230 772 1352 839 δρᾷ.
1405 767 1653 835 Οὐκοῦν,
1681 762 1754 838 ἦν

67 845 122 902 δ’
161 849 286 917 ἐγώ.
316 851 408 904 καὶ
438 853 590 921 διαζῇ
621 848 682 903 τὸ
714 847 849 904 καθ’
879 846 1092 919 ἡμέραν
1121 847 1269 903 οὕτω
1304 850 1656 920 χαριζόμενος
1686 854 1755 919 τῇ

69 931 491 1002 προσπιπτούσῃ
510 934 797 1003 ἐπιθυμίᾳ,
819 931 939 986 τοτὲ
957 931 1060 999 μὲν
1077 931 1310 1000 μεθύων
1329 935 1419 986 καὶ
1438 931 1754 987 καταυλού-

68 1033 249 1081 μενος,
270 1006 438 1075 αὗθις
459 1015 517 1066 δὲ
540 1010 867 1080 ὑδροποτῶν
886 1014 976 1066 καὶ
997 1013 1535 1081 κατισχναινόμενος,
1555 1011 1674 1067 τοτὲ
1697 1009 1750 1066 δ’
1784 1020 1819 1061 D

72 1086 147 1146 αὖ
166 1094 598 1163 γυμναζόμενος,
620 1099 733 1148 ἔστι
754 1091 805 1146 δ’
827 1092 917 1148 ὅτε
938 1092 1130 1163 ἀργῶν
1159 1094 1249 1149 καὶ
1270 1093 1498 1148 πάντων
1513 1091 1752 1164 ἀμελῶν,

69 1173 191 1228 τοτὲ
214 1170 267 1227 δ’
303 1171 376 1237 ῶς
411 1175 471 1228 έν
510 1179 814 1244 φιλοσοφίᾳ
850 1178 1171 1244 διατρίβων·
1207 1174 1469 1238 πολλάκις
1500 1174 1558 1229 δὲ
1594 1181 1756 1229 πολι-

67 1254 300 1320 τεύεται,
326 1256 417 1309 καὶ
436 1251 792 1325 ἀναπηδῶν
759 1275 788 1309 ο
810 1276 861 1308 τι
892 1276 965 1308 αν
993 1253 1128 1325 τύχῃ
1148 1258 1291 1324 λέγει
1310 1276 1368 1310 τε
1389 1256 1480 1310 καὶ
1500 1253 1753 1323 πράττει·

71 1333 179 1390 κᾶν
226 1339 361 1391 ποτέ
391 1358 546 1400 τινας
592 1334 923 1406 πολεμικους
952 1335 1217 1440 ζηλώσῃ,
1230 1336 1404 1408 ταύτῃ
1439 1338 1694 1432 φέρεται,
1719 1331 1756 1405 ἢ

70 1418 549 1487 χρηματιστικούς,
586 1419 673 1473 ἐπὶ
708 1415 862 1473 τουτ’
900 1410 990 1483 αὖ,
1029 1420 1120 1473 καὶ
1157 1417 1287 1473 οὔτε
1318 1439 1400 1483 τις
1434 1417 1585 1482 τάξις
1628 1416 1756 1471 οὔτε

0 1544 1 1566 ³
74 1497 291 1570 ἀνάγκη
311 1516 528 1554 επεστιν
547 1498 725 1554 αὐτοῦ
745 1507 822 1572 τῷ
841 1505 963 1572 βίῳ,
984 1498 1107 1556 ἀλλ’
1141 1498 1288 1571 ἡδύν
1304 1522 1362 1555 τε
1383 1498 1449 1571 δὴ
1479 1500 1570 1555 καὶ
1601 1503 1757 1554 ἐλευ-

75 1584 271 1647 θέριον
299 1582 389 1636 καὶ
414 1582 690 1651 μακάριον
708 1589 894 1637 καλῶν
913 1579 1013 1636 τὸν
1033 1588 1157 1652 βίον
1177 1587 1376 1637 τοῦτον
1394 1587 1588 1652 χρῆται
1607 1579 1756 1652 αὐτῷ

73 1661 162 1718 διὰ
193 1663 412 1727 παντός.
450 1663 832 1727 Παντάπασιν,
862 1659 898 1734 ἦ
930 1661 983 1719 δ’
1016 1663 1093 1732 ὅς,
1121 1665 1459 1734 διελήλυθας
1485 1668 1612 1735 βίον
1640 1667 1759 1718 ἰσο-

74 1751 310 1814 νομικοῦ
326 1743 480 1809 τινὰς
496 1743 716 1814 ἀνδρός.
759 1745 924 1815 Οἶμαι
953 1748 1017 1801 δέ
1040 1767 1123 1815 γε,
1156 1739 1228 1817 ἦν
1255 1742 1309 1800 δ’
1349 1744 1474 1814 ἐγώ,
1498 1748 1588 1800 καὶ
1614 1766 1759 1800 παν-

76 1828 322 1882 τοδαπόν
340 1849 397 1882 τε
418 1829 507 1882 καὶ
526 1834 798 1883 πλείστων
824 1825 989 1898 ἠθῶν
1008 1827 1229 1898 μεστόν,
1256 1829 1348 1882 καὶ
1376 1827 1479 1883 τόν
1506 1827 1682 1883 καλόν
1703 1848 1757 1881 τε
1807 1835 1810 1837 ’

75 1911 164 1964 καὶ
180 1914 447 1969 ποικίλον,
471 1907 656 1978 ῶσπερ
687 1912 904 1981 ἐκείνην
922 1909 1026 1980 τὴν
1047 1911 1223 1978 πόλιν,
1244 1917 1446 1965 τοῦτον
1463 1908 1563 1965 τὸν
1583 1909 1760 1976 ἄνδρα

77 1990 245 2048 εἶναι·
282 1989 351 2047 ὃν
369 1995 559 2047 πολλοὶ
581 1988 654 2047 ἄν
683 1995 772 2049 καὶ
802 1994 1000 2048 πολλαὶ
1028 1992 1328 2063 ζηλώσειαν
1356 1999 1457 2048 τοῦ
1478 1998 1623 2063 βίου,
1652 2013 1760 2047 πα-

77 2077 410 2143 ραδείγματα
444 2080 740 2129 πολιτειῶν
774 2096 833 2130 τε
868 2077 959 2129 καὶ
993 2076 1219 2145 τρόπων
1255 2082 1479 2131 πλεῖστα
1517 2078 1579 2131 έν
1611 2071 1762 2146 αὐτῷ

78 2158 286 2223 ἔχοντα.
327 2151 490 2208 Οὕτω
518 2153 643 2223 γάρ,
683 2158 807 2225 ἔφη.
847 2160 1012 2210 ἔστιν.
1077 2160 1147 2210 Τι’
1178 2149 1312 2221 οὖν;
1351 2154 1602 2225 τετάχθω
1628 2152 1760 2224 ἡμῖν

79 2233 216 2288 κατὰ
242 2237 615 2304 δημοκρατίαν
634 2232 664 2290 ὁ
683 2243 933 2301 τοιοῦτος
951 2235 1114 2307 ἀνήρ,
1147 2234 1221 2301 ῶς
1242 2234 1644 2307 δημοκρατικὸς
1663 2233 1760 2303 ὀρ-

77 2320 196 2377 θῶς
215 2309 286 2367 ἂν
305 2316 879 2385 προσαγορευόμενος;
922 2319 1202 2388 Τετάχθω,
1226 2323 1350 2388 ἔφη.

221 2398 345 2449 XIV.
374 2394 445 2450 Ἡ
471 2403 727 2468 καλλίστη
768 2397 853 2468 δή,
883 2393 955 2469 ἦν
992 2397 1045 2453 δ’
1077 2399 1203 2468 ἐγώ,
1238 2403 1482 2454 πολιτεία
1518 2418 1577 2453 τε
1614 2395 1760 2452 καὶὸ

78 2476 366 2540 κάλλιστος
394 2473 536 2547 ἀνὴρ
562 2476 724 2532 λοιπὰ
755 2474 828 2533 ἄν
852 2476 986 2550 ἡμῖν
1013 2486 1096 2549 εἴη
1122 2484 1383 2547 διελθεῖν,
1413 2483 1676 2545 τυραννίς
1704 2498 1763 2532 τε

80 2559 168 2611 καὶ
191 2557 481 2623 τύραννος.
522 2562 738 2629 Κομιδῇ
764 2557 841 2628 γ’,
876 2564 997 2629 ἔφη.
1036 2563 1176 2629 Φέρε
1206 2561 1293 2630 δή,
1325 2566 1404 2623 τίς
1431 2560 1635 2627 τρόπος
1663 2580 1764 2612 τυ-

79 2643 355 2706 ραννίδος,
377 2631 420 2692 ὦ
451 2645 575 2706 φίλε
603 2639 796 2706 ἑταῖρε,
825 2645 1092 2710 γίγνεταις
1128 2639 1213 2694 ὅτι
1234 2640 1336 2709 μὲν
1367 2640 1473 2710 γὰρ
1500 2643 1559 2694 ἐκ
1590 2643 1764 2709 δημο-

78 2723 300 2786 κρατίας
319 2719 662 2789 μεταβάλλει,
683 2718 880 2790 σχεδὸν
900 2724 1086 2790 δῆλον.
1126 2726 1331 2790 Δῆλον.
1361 2713 1476 2788 Ἆρ’
1501 2713 1606 2774 οὖν
1634 2717 1764 2787 τρό-

81 2817 188 2853 πον
206 2799 327 2854 τινὰ
354 2797 455 2854 τὸν
478 2798 650 2855 αὐτὸν
676 2804 736 2855 ἔκ
759 2821 814 2855 τε
834 2798 1146 2872 ὀλιγαρχίας
1167 2805 1506 2872 δημοκρατία
1521 2805 1764 2872 γίγνεται

1791 2249 1876 2295 562
