1962 3236
530 168 1013 217 ΠΟΛΙΤΕΙΑΣ
1038 157 1101 230 ρ’.
1592 165 1659 216 45

0 311 92 363 τίσί
104 327 162 361 τε
182 306 275 361 καὶ
292 306 711 374 ἐπιμελοῦνται,
730 297 834 356 οὐκ
853 296 1098 355 αλλοθέν
1116 319 1200 355 τοι
1221 296 1428 363 αὐτοὺς
1446 296 1660 369 ἴσμεν’“
1623 321 1657 369 η

0 386 301 458 ἱκηκόαμεν
325 380 361 456 ἦ
390 388 449 439 ἔκ
476 404 535 439 τε
563 388 677 438 τῶν
694 381 879 451 λόγων
896 381 986 437 καὶ
1002 385 1115 437 τῶν
1134 380 1662 452 γενεαλογησάντων

0 475 250 541 τοιηταῖν·
272 470 330 524 οἰ
345 466 404 523 δὲ
427 463 582 521 αὐτοὶ
603 456 757 520 οὗτοι
770 466 1045 534 λέγουσιν,
1066 459 1139 529 ὥς
1157 464 1297 519 εἰσὶν
1310 457 1419 518 οἷοι
1437 468 1663 528 θυσίαις

0 573 39 607 ε
59 551 151 606 καὶ
170 547 434 620 εὐχωλαῖς
451 543 690 617 ἀγανῇσι
708 566 796 599 και
813 542 1135 615 ἀναθήμασι
1152 543 1504 616 παράγεσθαι
1522 542 1662 600 ἀνα-

0 630 331 701 τειθόμενοι·
372 621 519 692 οἷς’“
481 648 515 697 η
550 623 838 696 ἀμφότερα
868 620 905 695 ἢ
934 623 1196 695 οὐδέτερα
1216 627 1494 682 πειστέον·
1532 630 1583 681 εἰ
1608 629 1659 683 δ’

0 705 90 766 »ὖν
125 711 403 776 πειστέον,
440 704 731 776 ἀδικητέον
762 706 853 760 καὶ
881 707 1089 760 θυτέον
1114 702 1222 763 ἀπὸ
1252 713 1366 763 τῶν
1392 704 1665 778 ἀδικημά-
1718 715 1720 717 ’

0 815 112 849 των.
136 795 336 846 δίκαιοι
352 787 454 859 μὲν
474 785 580 858 γὰρ
600 783 757 850 ὄντες
776 783 991 857 ἀζήμιοι
1012 784 1121 842 ὑπὸ
1141 795 1297 843 θεῶν
1315 788 1576 859 ἐσόμεθα,
1596 785 1663 843 τά
1693 802 1778 847 366

0 870 42 929 δ’
72 874 128 938 ἐξ
153 868 369 934 ἀδικίας
390 869 556 938 κέρδη
583 863 948 937 ἀπωσόμεθα·
989 866 1170 924 ἄδικοι
1200 868 1259 924 δὲ
1280 872 1664 939 κερδανοῦμέν

0 975 44 1010 τε
65 954 155 1008 καὶ
175 950 493 1023 λισσόμενοι
523 946 952 1020 ὑπερβαίνοντες
984 950 1074 1004 καὶ
1103 948 1515 1021 ἁμαρτάνοντες
1543 955 1665 1004 πεί-

0 1044 186 1100 θοντες
207 1029 411 1097 αὐτοὺς
429 1029 644 1102 ἀζήμιοι
664 1028 1061 1101 ἀπαλλάξομεν.
1103 1027 1242 1086 ἀλλὰ
1262 1029 1371 1101 γάρ
1392 1033 1455 1087 ἐν
1471 1029 1666 1087 ’Ἅιδου

0 1120 150 1188 Ιίκην
167 1114 420 1186 δώσομεν
445 1105 524 1168 ὦν
540 1108 614 1167 ἀν
633 1111 836 1168 ἐνθάδε
857 1109 1226 1184 ἀδικήσωμεν,
1249 1107 1286 1185 ἦ
1305 1109 1461 1169 αὐτοὶ
1480 1108 1518 1184 ἢ
1537 1125 1667 1169 παῖ-

0 1200 77 1264 Ιες
107 1199 335 1253 παίδων.
374 1190 497 1249 ἀλλ’
530 1191 917 1264 ὠφελήσουσιν
945 1191 1334 1264 ἁγνιζομένους
1364 1197 1424 1250 αἰ
1457 1197 1667 1251 τελεταὶ

0 1280 79 1336 καὶ
107 1281 165 1334 οἱ
187 1275 371 1333 λύσιοι
398 1279 552 1345 θεοί,
593 1272 667 1341 ὥς
698 1278 760 1330 αἱ
779 1279 1026 1346 μέγισται
1054 1275 1240 1340 πόλεις
1258 1278 1480 1347 λέγουσι
1501 1279 1590 1333 καὶ
1610 1280 1667 1333 οἱ
1693 1294 1725 1335 Β

0 1365 143 1418 θεῶν
162 1361 374 1427 παῖδες,
394 1357 613 1428 ποιηταὶ
639 1357 728 1413 καὶ
752 1363 1030 1429 προφῆται
1050 1364 1163 1413 τῶν
1182 1363 1338 1413 θεῶν
1355 1358 1665 1430 γενόμενοι,

0 1447 46 1501 οἳ
59 1447 230 1498 ταῦτα
249 1438 427 1504 οὕτως
446 1444 590 1511 ἒχειν
606 1438 935 1511 μηνύουσιν.

130 1525 212 1576 lx.
254 1518 408 1576 Κατά
430 1526 550 1576 τίνα
570 1514 676 1577 οὖν
692 1525 770 1577 ἔτι
789 1522 958 1592 λόγον
978 1522 1338 1593 δικαιοσύνην
1354 1519 1426 1577 ἀν
1441 1519 1546 1591 πρὸ
1567 1542 1669 1592 με-

0 1610 175 1677 γίστης
195 1601 408 1667 ἀδικίας
433 1601 711 1674 αἱροίμεθ’
746 1602 841 1670 &im
879 1600 951 1675 ἣν
972 1602 1070 1660 ἐὰν
1098 1602 1219 1675 μετ’
1252 1602 1670 1675 εὐσχημοσύνης

0 1684 255 1758 κιβδήλου
274 1682 623 1755 κτησώμεθα,
646 1684 735 1738 καὶ
755 1682 902 1755 παρὰ
916 1691 1070 1750 θεοῖς
1089 1686 1177 1740 καὶ
1198 1681 1321 1754 παρ’
1344 1682 1669 1753 ἀνθρώποις

0 1766 269 1838 ’πράξομεν
288 1763 424 1820 κατὰ
445 1771 588 1820 νοῦν
618 1767 813 1830 ζωντές
839 1787 895 1820 τε
926 1766 1017 1820 καὶ
1046 1765 1496 1837 τελευτήσαντες,
1538 1762 1610 1830 ὥς
1639 1760 1667 1819 ὁ

0 1853 102 1907 τῶν
121 1851 346 1901 πολλῶν
365 1865 420 1900 τε
442 1844 576 1899 uoel'
550 1845 739 1913 α’κρων
757 1845 1055 1915 λεγόμενος
1074 1844 1250 1916 λόγος.
1272 1847 1331 1902 ἐκ
1351 1843 1417 1918 δὴ
1440 1845 1669 1900 πάντων

0 1934 104 1987 τῶν
141 1929 445 1997 εἰρημένων
482 1931 562 1991 τίς
594 1925 808 1997 μηχανή
821 1967 836 1995 ,
879 1948 921 1981 ω
945 1925 1267 1996 Σωκρατες,
1307 1925 1671 1997 δικαιοσύνην

0 2015 158 2110 ιιμᾷν
175 2009 421 2077 ἐθέλειν,
454 2029 497 2062 ω
520 2030 599 2072 τις
619 2005 900 2078 δύναμις
870 2008 1103 2079 υπάρχει
1123 2015 1302 2079 ψυχῆς
1320 2005 1357 2080 ἦ
1374 2009 1670 2080 χρημάτων
1701 2026 1732 2068 c

0 2082 29 2164 ἶ
45 2089 295 2160 σώματος
314 2112 348 2161 η
326 2084 595 2160 ’γένους,
633 2086 771 2144 ἀλλά
790 2086 863 2159 μὴ
887 2095 1058 2162 γελᾷν
1078 2087 1529 2162 ἐπαινουμένης’
1495 2088 1671 2145 ακού-

0 2190 156 2239 mou
179 2169 253 2236 ὥς
274 2170 343 2243 δή
364 2193 448 2227 τοι
468 2177 520 2227 εἰ
538 2192 618 2235 τις
638 2173 743 2241 ἔχει
763 2175 939 2242 ψευδῆ
958 2171 1061 2242 μὲν
1082 2169 1368 2244 ἀποφῆναι
1389 2167 1424 2228 δι’
1448 2171 1672 2243 εἰρήκα-

0 2274 113 2326 μεν,
135 2255 340 2318 ἱκανῶς
369 2251 428 2309 δὲ
447 2256 689 2323 ἔγνωκεν
709 2250 794 2309 ὅτι
814 2251 1043 2322 ἄριστον
1063 2253 1388 2327 δικαιοσύνη
1402 2297 1416 2323 ,
1458 2252 1672 2324 πολλήν

0 2354 104 2391 κον
122 2333 458 2407 συγγνώμην
478 2339 585 2407 ἔχει
607 2336 697 2392 καὶ
719 2334 821 2392 οὐκ
842 2334 1110 2407 ὀργίζεται
1126 2348 1238 2403 τοῖς
1268 2334 1505 2403 ἀδίκοις,
1545 2331 1668 2392 ἀλλ’

0 2416 172 2488 οἶδεν,
192 2415 278 2474 ὅτι
298 2418 445 2490 πλὴν
466 2427 518 2476 εἰ
538 2442 616 2487 τις
632 2425 761 2493 θείᾳ
791 2419 959 2492 φύσει
982 2423 1361 2492 δυσχεραίνων
1382 2418 1441 2476 τὸ
1461 2416 1674 2475 ἀδικεῖν

0 2496 31 2573 ἢ
55 2499 359 2571 ἐπιστήμην
377 2502 566 2572 λαβών
584 2500 836 2573 ἀπέχεται
856 2500 1047 2571 αὐτοῦ,
1067 2510 1181 2559 τῶν
1198 2523 1260 2574 γε
1280 2500 1469 2558 ἄλλων
1487 2498 1668 2564 οὐδεὶς
1707 2509 1739 2549 D

0 2581 139 2639 ίκών
160 2584 396 2652 δίκαιος,
427 2579 550 2639 ἀλλ’
574 2580 684 2640 ὑπὸ
708 2582 1010 2655 ἀνανδρίας
1027 2580 1064 2656 ἦ
1081 2586 1266 2657 γήρως
1283 2583 1317 2655 ἤ
1337 2604 1488 2647 τινος
1506 2580 1676 2653 ἄλλης

0 2659 289 2729 ἦσθενείας
317 2667 470 2734 ψέγει
490 2662 550 2720 τό
573 2663 811 2736 ἀδικεῖν,
843 2664 1139 2722 ἀδυνατῶν
1157 2664 1293 2722 αὐτὸ
1316 2669 1472 2738 δρᾷν.
1505 2660 1578 2730 ὥς
1595 2664 1672 2733 δέ,

0 2745 191 2816 δῆλον·
230 2742 260 2802 ὀ
290 2746 395 2816 γὰρ
430 2754 643 2818 πρῶτος
674 2754 786 2803 τῶν
814 2747 1083 2804 τοιούτων
1113 2751 1188 2812 εἰς
1218 2746 1460 2818 δύναμιν
1489 2742 1675 2801 ἐλθών

0 2832 211 2898 πρῶτος
231 2826 421 2898 ἀδικεῖ,
444 2826 579 2885 καθ’
603 2828 740 2886 ὅσον
759 2825 832 2885 ἀν
851 2826 966 2895 οἷός
985 2828 1035 2884 τ’
1059 2822 1108 2899 ᾖ.
1150 2831 1239 2884 καὶ
1259 2826 1472 2884 τούτων
1490 2822 1674 2883 ἀπάν-
