1962 3236
214 143 320 195 374
828 143 1303 192 ΠΛΛΤῼΝΟΣ
1839 156 1894 200 56
1945 118 1953 121 ”

215 275 561 379 τατηκόμενα
590 273 815 344 ξυνάγει
838 271 907 329 τὰ
939 277 1137 346 φλέβια
1163 277 1256 330 καὶ
1286 274 1658 348 ἀποξηραίνει,
1690 280 1897 350 τραχύ-

215 380 345 430 τερα
375 380 478 429 μεν
506 355 640 411 ὄντα
675 356 950 426 στρυφνά,
981 349 1149 426 ἦττον
1179 357 1239 413 δε
1270 359 1617 428 τραχύνοντα
1647 359 1896 464 αὐστηροὶ

218 446 495 511 φαίνεται·
535 436 602 493 τὰ
625 438 684 493 δὲ
707 438 923 493 τούτων
939 459 998 493 τε
1019 438 1255 510 ῥυπτικὰ
1277 442 1369 495 καὶ
1402 447 1519 495 πᾶν
1547 439 1609 497 τὸ
1641 443 1766 510 περὶ
1793 442 1898 512 τὴν

217 527 467 592 γλῶτταν
513 518 929 591 ἀποπλύνοντα,
980 523 1119 589 πέρα
1165 521 1268 591 μὲν
1315 529 1418 576 τοῦ
1463 528 1689 593 μετρίου
1731 530 1896 579 τοῦτο

219 606 439 673 δρῶντα
459 601 553 655 καὶ
569 602 1215 674 προσεπιλαμβανόμενα,
1250 601 1387 658 ὥστε
1411 602 1710 675 ἀποτήκειν
1731 602 1899 675 αὐτῆς

218 690 312 753 τῆς
331 679 569 753 φύσεως,
593 678 713 736 οἷον
730 680 765 753 ἡ
782 689 897 738 τῶν
916 687 1119 755 λίτρων
1138 685 1385 755 δύναμις,
1407 685 1576 757 πικρὰ
1598 684 1775 742 πάνθ’
1799 684 1901 741 οὕ-

161 775 193 815 Ε
222 785 326 829 τως
357 762 686 835 ώνόμασται,
709 763 777 819 τὰ
805 763 865 821 δὲ
890 762 1258 836 ὑποδεέστερα
1285 774 1382 839 τῆς
1410 769 1713 837 λιτρώδους
1741 770 1899 833 ἕξεως

216 848 303 902 ἐπὶ
320 844 381 902 τὸ
404 846 629 918 μέτριόν
645 868 703 902 τε
722 853 792 919 τῇ
810 847 975 917 ῥύψει
1002 848 1255 918 χρώμενα
1276 847 1454 904 ἁλυκὰ
1475 849 1613 904 ἄνευ
1632 848 1900 919 πικρότη-

216 949 309 993 τος
326 934 576 999 τραχείας
593 930 685 984 καὶ
714 934 849 998 φίλα
880 936 1092 998 μᾶλλον
1118 927 1249 1000 ἡμῖν
1276 931 1618 1000 φαντάζεται.
1656 929 1722 986 τὰ
1749 930 1807 986 δὲ
1833 937 1902 1001 τῇ

218 1016 320 1065 τοῦ
358 1010 626 1081 στόματος
660 1009 961 1081 θερμότητι
998 1012 1418 1082 κοινωνήσαντα
1452 1015 1542 1068 καὶ
1572 1011 1898 1082 λεαινόμενα

219 1088 312 1146 ὑπ’
337 1090 531 1163 αὐτοῦ,
553 1091 1048 1163 ξυνεκπυρούμενα
1074 1095 1165 1148 καὶ
1192 1093 1362 1149 πάλιν
1393 1092 1533 1148 αὐτοὶ
1565 1091 1900 1149 ἀντικάοντα

217 1171 279 1228 τὸ
302 1177 704 1245 διαθερμῆναν,
725 1173 1009 1245 φερόμενοί
1028 1196 1088 1229 τε
1104 1172 1212 1229 ὑπὸ
1243 1176 1589 1246 κουφότητος
1614 1174 1731 1230 ἅνω
1763 1171 1901 1244 πρὸς

216 1254 315 1322 τὰς
343 1262 437 1327 τῆς
464 1261 709 1326 κεφαλῆς
737 1255 1037 1326 αἰσθήσεις,
1070 1257 1341 1326 τέμνοντα
1369 1278 1427 1312 τε
1463 1255 1641 1312 πάνθ’
1676 1254 1901 1320 ὁπόσοις

133 1348 191 1393 66
222 1334 293 1394 ἂν
329 1343 663 1410 προσπίπτῃ,
703 1336 797 1392 διὰ»
816 1338 1021 1402 ταύτας
1055 1337 1153 1403 τὰς
1190 1338 1450 1409 δυνάμεις
1490 1341 1682 1408 δριμέα
1719 1338 1899 1392 πάντα

215 1426 445 1476 τοιαῦτα
473 1421 688 1490 ἐλέχθη.
734 1425 848 1474 τῶν
883 1419 942 1474 δὲ
981 1418 1169 1474 αὐτῶν
1196 1419 1762 1489 προλελεπτυσμένων
1796 1419 1898 1489 μὲν

216 1499 326 1556 ὑπὸ
351 1501 672 1572 σηπεδόνος,
687 1504 763 1564 εἰς
788 1500 846 1555 δὲ
866 1498 962 1564 τὰς
981 1500 1175 1565 στενὰς
1194 1501 1402 1572 φλέβας
1419 1501 1787 1571 ἐνδυομένων,
1809 1501 1899 1554 καὶ

215 1594 329 1648 τοῖς
363 1585 591 1637 ένοῦσιν
621 1579 825 1637 αὐτόθι
853 1585 1039 1653 μέρεσι
1066 1583 1298 1652 γεώδεσι
1329 1585 1420 1637 καὶ
1450 1580 1554 1637 ὅσα
1575 1579 1735 1651 ἀέρος
1763 1585 1898 1651 ξυμ-

216 1672 446 1737 μετρίαν
466 1670 674 1736 ἔχοντα,
696 1661 835 1720 ὥστε
864 1664 1169 1736 κινήσαντα
1200 1667 1324 1735 περὶ
1350 1664 1561 1735 ἄλληλα
1593 1674 1771 1719 ποιεῖν
1794 1683 1899 1717 κυ-

175 1819 177 1821 .
215 1754 445 1815 κᾶσθαι,
466 1744 762 1817 κυκώμενα
783 1749 842 1801 δὲ
870 1751 1213 1816 περιπίπτειν
1233 1767 1291 1801 τε
1311 1746 1401 1801 καὶ
1427 1751 1503 1811 εἰς
1520 1747 1678 1815 ἕτερα
1700 1742 1898 1799 ἐνδυό-

218 1850 358 1901 μενα
388 1829 546 1898 ἕτερα
572 1834 732 1883 κοῖλα
762 1826 1170 1898 ἀπεργάζεσθαι
1187 1827 1602 1898 περιτεινόμενα
1623 1837 1738 1890 τοῖς
1764 1829 1897 1880 εἰσι-

152 1931 185 1971 Β
221 1919 401 1982 οὖσιν,
424 1907 460 1965 ὁὶ
481 1908 547 1981 δὴ
569 1912 784 1975 νοτίδος
812 1912 935 1981 περὶ
966 1907 1100 1979 ἀέρα
1130 1915 1316 1980 κοίλης
1344 1914 1747 1978 περιταθείσης,
1777 1906 1898 1962 τοτὲ

218 1998 321 2069 μὲν
350 1994 613 2066 γεώδους,
644 1994 765 2050 τοτὲ
796 1993 856 2050 δὲ
884 1996 974 2049 καὶ
1001 2000 1272 2066 καθαρᾶς,
1293 1991 1492 2061 νοτερὰ
1523 1991 1715 2061 ἀγγεῖα
1735 1988 1898 2057 ἀέρος

219 2077 398 2133 ὕδατα
415 2083 573 2131 κοῖλα
594 2082 862 2146 περιφερῆ
883 2097 942 2130 τε
961 2077 1241 2144 γενέσθαι,
1263 2075 1355 2128 καὶ
1371 2071 1438 2127 τὰ
1462 2071 1563 2142 μὲν
1591 2078 1686 2141 τῆς
1716 2078 1897 2125 καθα-

221 2165 322 2229 ρᾶς
342 2162 627 2226 διαφανεῖς
645 2161 964 2226 περιστῆναι
985 2160 1280 2225 κληθείσας
1308 2153 1485 2224 ὄνομα
1514 2151 1896 2222 πομφόλυγας,

220 2239 286 2297 τὰ
305 2238 364 2294 δὲ
381 2245 476 2309 τῆς
486 2237 731 2307 γεώδους
744 2235 886 2307 ὁμοῦ
906 2241 1239 2307 κινουμένης
1256 2258 1314 2291 τε
1332 2238 1427 2291 καὶ
1443 2237 1736 2305 αἰρομένης
1754 2235 1898 2300 ζέσιν

218 2343 278 2377 τε
297 2321 388 2376 καὶ
406 2318 650 2389 ζύμωσιν
669 2320 899 2389 ἐπίκλην
918 2325 1184 2389 λεχθῆναι
1216 2353 1277 2359 -
1304 2316 1365 2373 τὸ
1390 2317 1449 2372 δὲ
1476 2315 1694 2372 τούτων
1719 2323 1899 2371 αἰτιον

218 2410 332 2460 τῶν
351 2401 700 2473 παθηματων
720 2399 818 2466 ὀξὺ
840 2405 1242 2471 προσρηθῆναι.
1281 2399 1521 2470 ξύμπασι
1550 2396 1610 2453 δὲ
1632 2409 1744 2461 τοῖς
1774 2397 1897 2465 περὶ

218 2492 391 2540 ταῦτα
412 2486 715 2582 εἰρημένοις
742 2483 925 2547 παθος
955 2484 1208 2538 ἐναντίον
1227 2479 1322 2536 ἀπ’
1346 2484 1593 2543 ἐναντίας
1622 2482 1732 2535 ἐστὶ
1760 2498 1899 2547 προ-

159 2566 460 2638 οφάσεως,
506 2562 715 2620 ὁπόταν
746 2563 780 2636 ἡ
818 2569 932 2620 τῶν
968 2564 1252 2620 εἰσιόντων
1295 2563 1552 2628 ξύστασις
1595 2564 1656 2616 ἐν
1691 2558 1896 2629 ὑγροῖς,

222 2652 397 2704 οἰκεία
414 2653 481 2719 τῇ
500 2655 597 2719 τῆς
616 2646 857 2717 γλώττης
873 2647 980 2711 ἕξει
1007 2655 1304 2715 πεφυκυῖα,
1336 2649 1524 2715 λεαίνῃ
1553 2642 1654 2712 μεν
1682 2644 1896 2696 ἐπαλεί-

223 2746 408 2799 φουσα
436 2727 503 2784 τὰ
530 2731 931 2800 τραχυνθέντα,
961 2749 1026 2782 τα
1058 2725 1117 2782 δὲ
1149 2727 1296 2795 παρὰ
1327 2724 1499 2795 φύσιν
1525 2727 1832 2788 ξυνεστώτα
1861 2716 1897 2791 ἢ

224 2812 496 2879 κεχυμένα
514 2808 580 2865 τὰ
603 2832 706 2880 μεν
725 2809 950 2880 ξυνάγῃ,
970 2807 1038 2863 τὰ
1059 2811 1119 2863 δὲ
1137 2813 1294 2879 χαλᾷ,
1325 2807 1415 2861 καὶ
1439 2801 1612 2859 πάνθ’
1648 2800 1679 2857 ὅ
1708 2824 1760 2857 τι
1789 2800 1895 2872 μά·-
