1962 3236
793 0 858 22 X⁴K

187 137 292 189 360
804 111 1298 193 ΠΛΑΤΩΝΟΣ
1400 153 1403 155 >
1811 153 1867 196 42

102 286 159 328 54
187 271 402 328 τούτων
420 270 561 345 ἡμᾶς
580 274 756 344 φύσιν
775 277 978 340 ἱκανῶς
996 280 1294 347 εἰληφέναι.
1336 289 1454 334 τοῖν
1476 279 1543 351 δὴ
1567 283 1724 335 δυοῖν
1750 300 1868 348 τρι-

185 352 396 424 γῶνοιν
425 354 486 410 τὸ
515 377 617 425 μεν
650 354 927 420 ἰσοσκελες
953 363 1086 427 μίαν
1115 364 1292 429 εἴληχε
1325 358 1518 430 φύσιν,
1549 359 1610 415 τὸ
1642 358 1702 415 δε
1729 359 1871 429 πρό-

186 456 355 505 μηκες
374 433 747 503 ἀπεράντους·
787 443 1143 507 προαιρετέον
1165 461 1272 495 ουν
1302 442 1376 494 αὐ
1398 447 1511 496 τῶν
1541 440 1786 539 ἀπείρων
1804 437 1869 495 τὰ

186 517 496 585 κάλλιστον,
512 520 562 571 εἰ
578 518 848 588 μέλλομεν
870 516 1137 590 άρξεσθαι
1156 520 1293 576 κατὰ
1311 521 1535 591 τρόπον.
1572 518 1643 576 ἂν
1663 524 1768 577 οὐν
1787 543 1872 586 τις

186 602 278 670 ἔχῃ
301 597 529 652 κάλλιον
554 597 911 669 ἐκλεξάμενος
937 604 1110 656 εἰπεῖν
1131 606 1206 666 εἰς
1224 600 1327 672 τὴν
1349 603 1566 659 τούτων
1586 603 1868 670 ξύστασιν,

188 680 396 742 ἐκεῖνος
417 676 520 733 οὐκ
551 678 752 752 ἐχθρὸς
780 676 860 735 ῶν
889 679 1027 737 ἀλλὰ
1058 688 1218 752 φίλος
1247 696 1461 754 κρατεῖ·
1510 687 1782 755 τιθέμεθα
1814 680 1866 737 δ’

187 752 292 813 οὖν
329 765 443 813 τῶν
480 766 705 815 πολλῶν
740 761 1030 832 τριγώνων
1066 763 1363 819 κάλλιστον
1407 766 1487 837 ἓν,
1526 763 1869 836 ὑπερβάντες

124 849 159 889 Β
193 833 386 909 τᾶλλα,
425 843 480 906 ἐξ
517 835 590 896 οὗ
624 840 684 897 τὸ
716 843 1050 914 ἰσόπλευρον
1081 849 1355 914 τρίγωνον
1385 849 1444 901 ἐκ
1479 851 1668 914 τρίτου
1703 849 1868 900 συνέ-

185 939 363 994 στηκε.
403 922 541 978 διότι
562 925 638 994 δέ,
659 926 821 995 λόγος
841 930 1072 981 πλείων·
1093 925 1233 982 αλλα
1254 933 1329 982 τῶ
1349 935 1512 982 τοῦτο
1533 930 1868 997 εξελέγξαντι

182 1005 272 1059 καὶ
290 1002 586 1072 ἀνευρόντι
604 1006 677 1076 μὴ
699 1005 874 1070 οὕτως
891 1011 1016 1077 ἔχον
1036 1019 1206 1063 κεῖται
1227 1014 1382 1077 φιλία
1401 1007 1466 1063 τα
1487 1002 1649 1063 ἆθλα.
1691 1029 1868 1080 προῃ-

182 1084 378 1155 ρήσθω
400 1083 465 1156 δὴ
484 1084 587 1140 ’δύο
609 1091 867 1158 τρίγωνα,
889 1091 942 1154 ἐξ
964 1081 1042 1143 ῶν
1061 1089 1121 1144 τό
1141 1111 1198 1144 τε
1217 1096 1318 1144 τοῦ
1346 1089 1522 1159 πυρὸς
1543 1091 1632 1145 καὶ
1653 1087 1721 1145 τοὶ
1752 1095 1866 1144 τῶν

184 1166 372 1223 ἄλλων
391 1166 616 1237 σῶματα
634 1170 1024 1241 μεμηχάνηται,
1045 1168 1124 1226 τὸ·
1139 1173 1240 1241 μὲν
1263 1174 1554 1238 ἰσοσκελές,
1575 1169 1637 1225 τὸ
1661 1171 1720 1226 δὲ
1747 1192 1867 1238 τρι-

183 1256 328 1319 πλῆν
348 1248 486 1305 κατὰ
508 1251 750 1321 δύναμιν
779 1256 904 1321 ἔχον
934 1259 1030 1322 τῆς
1061 1252 1349 1315 ἐλάττονος
1374 1251 1477 1321 τὴν
1505 1255 1665 1321 μείζω
1695 1257 1866 1305 πλευ-

183 1331 290 1399 ραν
307 1328 406 1386 άεί.
445 1329 506 1385 τὸ
529 1330 596 1402 δὴ
617 1331 871 1401 πρόσθεν
891 1331 1119 1402 ἀσαφῶς
1138 1335 1315 1405 ῥηθὲν
1334 1339 1443 1386 νῦν
1459 1338 1670 1402 μᾶλλον
1691 1334 1866 1400 διορι-

183 1414 357 1467 στέον.
395 1413 462 1467 τὰ
480 1412 586 1482 γὰρ
606 1417 833 1483 τέτταρα
855 1417 987 1485 γένη
1009 1412 1081 1468 δι’
1109 1412 1364 1484 ἀλλήλων
1384 1418 1459 1477 εἰς
1478 1411 1685 1484 ἄλληλα
1705 1416 1866 1482 ἐφαί-

126 1510 156 1550 C
182 1514 307 1548 νετο
342 1493 522 1548 πάντα
555 1498 774 1563 γένεσιν
803 1500 961 1565 ἔχειν,
996 1494 1099 1550 οὐκ
1128 1493 1313 1566 ὀρθῶς
1338 1493 1748 1565 φανταζόμενα·
1777 1500 1866 1564 γί-

179 1595 367 1643 γνεται
396 1576 498 1645 μὲν
527 1574 633 1645 γὰρ
665 1578 724 1630 ἐκ
754 1581 868 1630 τῶν
902 1577 1193 1647 τριγώνων
1224 1571 1305 1631 ῶν
1335 1575 1702 1648 προῃρήμεθα
1730 1576 1863 1644 γένη

177 1657 423 1750 τέτταρα,
447 1661 570 1724 τρία
588 1659 690 1726 μὲν
708 1657 808 1722 ἐξ
780 1655 902 1722 ενός
930 1664 1031 1712 τοῦ
1063 1656 1160 1723 τὰς
1191 1657 1432 1729 πλευρὰς
1461 1656 1688 1721 άνίσους
1707 1661 1864 1751 ἕχον-

178 1757 287 1806 τος,
308 1735 368 1790 τὸ
393 1735 450 1791 δὲ
469 1739 730 1808 τέταρτον
745 1740 807 1792 ἓν
827 1737 1004 1808 μόνον
1025 1741 1084 1793 ἐκ
1112 1745 1214 1793 τοῦ
1242 1743 1563 1802 ἰσοσκελοῦς
1587 1757 1863 1806 τριγωνου

180 1819 586 1888 ξυναρμοσθέν.
620 1818 834 1875 οὔκουν
855 1820 1064 1876 δυνατὰ
1086 1820 1264 1876 πάντα
1295 1825 1370 1885 εἰς
1398 1819 1605 1891 ἄλληλα
1636 1815 1863 1874 διαλυό-

180 1919 319 1967 μενα
358 1901 416 1953 ἐκ
447 1906 672 1956 πολλων
708 1909 957 1971 σμικρῶν
987 1900 1145 1973 ὀλίγα
1177 1902 1387 1973 μεγάλα
1415 1904 1505 1957 καὶ
1534 1900 1862 1956 τούναντίον

179 1985 490 2077 γίγνεσθαι,
511 1980 577 2036 τοὶ
600 1985 659 2037 δὲ
678 1989 802 2052 τριά
823 1979 944 2039 οἷόν
964 2006 1047 2040 τε·
1087 1987 1147 2040 ἐκ
1168 1983 1275 2054 γάρ
1297 1984 1418 2048 ἑνὸς
1438 1981 1657 2038 ἅπαντα
1676 1992 1862 2050 πεφυ-“

178 2061 312 2116 κότα
341 2067 633 2119 λυθέντων
663 2086 720 2120 τε
759 2071 874 2120 τῶν
908 2068 1179 2136 μειζόνων
1215 2064 1391 2120 πολλὰ
1421 2081 1623 2134 σμικρα
1659 2066 1719 2118 ἐκ
1746 2069 1861 2117 τῶν

115 2153 150 2193 D
182 2140 368 2198 αὐτῶν
388 2145 727 2216 ξυστήσεται,
749 2147 1015 2215 δεχόμενα
1033 2167 1099 2200 τα
1129 2145 1479 2217 προσηκοντα
1497 2146 1708 2207 ἑαυτοῖς
1727 2144 1851 2214 σχή-

178 2245 337 2293 ματα,
377 2227 468 2279 καὶ
506 2225 706 2295 σμικρα
734 2223 869 2280 όταν
899 2229 971 2280 αὐ
1002 2227 1179 2281 πολλα
1207 2248 1345 2281 κατα
1374 2249 1439 2281 τα
1466 2234 1708 2296 τρίγωνα
1739 2228 1860 2278 δια-

178 2313 379 2376 σπαρῇ,
401 2306 703 2376 γενόμενος
724 2303 798 2371 εἷς
819 2305 1057 2378 ἀριθμὸς
1086 2307 1209 2372 ἑνὸς
1239 2307 1411 2377 ὄγκου
1433 2311 1570 2378 μέγα
1598 2307 1859 2362 ἀποτελέ-

177 2402 323 2440 σειεν
339 2382 410 2441 ἄν
430 2384 564 2442 ἄλλο
587 2387 729 2452 εἶδος
758 2390 835 2443 ἕν.
874 2396 1046 2444 ταῦτα
1075 2391 1177 2459 μὲν
1208 2385 1314 2444 οὖν
1342 2391 1583 2459 λελέχθω
1614 2390 1736 2457 περὶ
1763 2395 1861 2457 τῆς

176 2472 252 2532 εἰς
269 2467 477 2539 ἄλληλα
505 2471 796 2539 γενέσεως·
836 2465 956 2525 οἷον
977 2471 1035 2524 δὲ
1056 2471 1288 2526 ἕκαστον
1308 2470 1494 2526 αὐτῶν
1523 2474 1756 2570 γέγονεν
1781 2468 1858 2523 εἶ-

176 2552 270 2613 δος
289 2549 381 2604 καὶ
403 2548 496 2615 ἐξ
476 2549 625 2606 όσων
650 2551 1051 2648 συμπεσόντων
1071 2549 1347 2623 ἀριθμῶν,
1369 2557 1547 2622 λέγειν
1569 2548 1640 2606 ἀν
1660 2550 1858 2620 επόμε-

175 2653 279 2686 νον
298 2638 397 2702 εἴη.
420 2630 572 2703 άρξει
592 2632 658 2704 δὴ
675 2633 736 2688 τό
756 2655 814 2688 τε
833 2640 1056 2705 πρῶτον
1069 2632 1211 2699 εἶδος
1230 2636 1320 2690 καὶ
1341 2633 1706 2704 σμικρότατον
1724 2634 1855 2696 ξυν-

175 2712 492 2784 ιστάμενον,
525 2726 794 2784 στοιχεῖον
824 2713 876 2770 δ’
911 2713 1086 2771 αὐτοῦ
1114 2714 1174 2771 τὸ
1204 2714 1307 2786 τὴν
1338 2713 1742 2771 ὑποτείνουσαν
1761 2719 1856 2783 τῆς

174 2793 467 2857 ἐλάττονος
486 2800 728 2865 πλευρας
749 2799 1085 2852 διπλασίαν’
1065 2802 1189 2867 ε’χον
1208 2818 1392 2868 μηκει·
1431 2796 1636 2861 ξύνδυο
1661 2793 1719 2849 δε
1739 2816 1854 2849 τοι-
