<?xml version="1.0" encoding="UTF-8"?>
<!DOCTYPE html PUBLIC "-//W3C//DTD XHTML 1.0 Transitional//EN"
    "http://www.w3.org/TR/xhtml1/DTD/xhtml1-transitional.dtd">
<html xmlns="http://www.w3.org/1999/xhtml" xml:lang="en" lang="en">
 <head>
  <title>
</title>
<meta http-equiv="Content-Type" content="text/html;charset=utf-8" />
  <meta name='ocr-system' content='tesseract 3.04.00' />
  <meta name='ocr-capabilities' content='ocr_page ocr_carea ocr_par ocr_line ocrx_word'/>
</head>
<body>
  <div class='ocr_page' id='page_1' title='image "./dialogisecumdumt04platuoft_0336.png"; bbox 0 0 1962 3236; ppageno 0'>
   <div class='ocr_carea' id='block_1_1' title="bbox 247 204 1337 256">
    <p class='ocr_par' dir='ltr' id='par_1_1' title="bbox 247 204 1337 256">
     <span class='ocr_line' id='line_1_1' title="bbox 247 204 1337 256; baseline 0 -1"><span class='ocrx_word' id='word_1_1' title='bbox 247 204 351 255; x_wconf 86' lang='grc'><strong><em>300</em></strong></span> <span class='ocrx_word' id='word_1_2' title='bbox 863 208 1337 256; x_wconf 77' lang='grc' dir='ltr'><em>ΠΛΑΤΩΝΟΣ</em></span> 
     </span>
    </p>
   </div>
   <div class='ocr_carea' id='block_1_2' title="bbox 131 336 1927 2928">
    <p class='ocr_par' dir='ltr' id='par_1_2' title="bbox 247 336 1927 658">
     <span class='ocr_line' id='line_1_2' title="bbox 248 336 1922 420; baseline 0.005 -26"><span class='ocrx_word' id='word_1_3' title='bbox 248 336 432 409; x_wconf 80' lang='grc' dir='ltr'><strong><em>αὐτῆς.</em></strong></span> <span class='ocrx_word' id='word_1_4' title='bbox 471 337 532 393; x_wconf 88' lang='grc' dir='ltr'><strong><em>τὸ</em></strong></span> <span class='ocrx_word' id='word_1_5' title='bbox 553 339 659 409; x_wconf 84' lang='grc' dir='ltr'><strong><em>γὰρ</em></strong></span> <span class='ocrx_word' id='word_1_6' title='bbox 679 340 769 394; x_wconf 84' lang='grc' dir='ltr'><strong><em>καὶ</em></strong></span> <span class='ocrx_word' id='word_1_7' title='bbox 788 338 917 403; x_wconf 80' lang='grc' dir='ltr'><strong><em>τοὺς</em></strong></span> <span class='ocrx_word' id='word_1_8' title='bbox 944 340 1192 403; x_wconf 83' lang='grc' dir='ltr'><strong><em>ἐπιεικεῖς</em></strong></span> <span class='ocrx_word' id='word_1_9' title='bbox 1216 339 1414 411; x_wconf 77' lang='grc' dir='ltr'><strong><em>ἱκανὴν</em></strong></span> <span class='ocrx_word' id='word_1_10' title='bbox 1444 341 1584 398; x_wconf 80' lang='grc' dir='ltr'><strong><em>εἶναι</em></strong></span> <span class='ocrx_word' id='word_1_11' title='bbox 1615 351 1922 420; x_wconf 79' lang='grc' dir='ltr'><em>λωβᾶσθαι,</em></span> 
     </span>
     <span class='ocr_line' id='line_1_3' title="bbox 248 418 1924 521; baseline 0.005 -45"><span class='ocrx_word' id='word_1_12' title='bbox 248 421 403 484; x_wconf 83' lang='grc' dir='ltr'><strong><em>ἐκτὸς</em></strong></span> <span class='ocrx_word' id='word_1_13' title='bbox 424 420 575 474; x_wconf 89' lang='grc' dir='ltr'><strong><em>πάνυ</em></strong></span> <span class='ocrx_word' id='word_1_14' title='bbox 594 441 765 474; x_wconf 90' lang='grc' dir='ltr'><strong><em>τινων</em></strong></span> <span class='ocrx_word' id='word_1_15' title='bbox 794 418 1014 521; x_wconf 83' lang='grc' dir='ltr'><strong><em>ὀλίγων,</em></strong></span> <span class='ocrx_word' id='word_1_16' title='bbox 1036 420 1335 478; x_wconf 86' lang='grc' dir='ltr'><strong><em>πάνδεινόν</em></strong></span> <span class='ocrx_word' id='word_1_17' title='bbox 1354 443 1479 478; x_wconf 91' lang='grc' dir='ltr'><strong><em>που.</em></strong></span> <span class='ocrx_word' id='word_1_18' title='bbox 1525 430 1593 479; x_wconf 88' lang='grc' dir='ltr'><strong><em>Ίί</em></strong></span> <span class='ocrx_word' id='word_1_19' title='bbox 1617 425 1671 480; x_wconf 93' lang='grc' dir='ltr'><strong><em>δ’</em></strong></span> <span class='ocrx_word' id='word_1_20' title='bbox 1699 425 1767 482; x_wconf 82' lang='grc' dir='ltr'><strong><em>ού</em></strong></span> <span class='ocrx_word' id='word_1_21' title='bbox 1796 434 1924 498; x_wconf 85' lang='grc' dir='ltr'><strong><em>μέλ-</em></strong></span> 
     </span>
     <span class='ocr_line' id='line_1_4' title="bbox 247 499 1925 580; baseline 0.004 -22"><span class='ocrx_word' id='word_1_22' title='bbox 247 511 346 570; x_wconf 87' lang='grc' dir='ltr'><strong><em>λει,</em></strong></span> <span class='ocrx_word' id='word_1_23' title='bbox 371 510 522 570; x_wconf 79' lang='grc' dir='ltr'><strong><em>εἴπερ</em></strong></span> <span class='ocrx_word' id='word_1_24' title='bbox 540 523 602 571; x_wconf 90' lang='grc' dir='ltr'><strong><em>γε</em></strong></span> <span class='ocrx_word' id='word_1_25' title='bbox 624 505 730 573; x_wconf 76' lang='grc' dir='ltr'><strong><em>δρᾷ</em></strong></span> <span class='ocrx_word' id='word_1_26' title='bbox 754 499 920 569; x_wconf 83' lang='grc' dir='ltr'><strong><em>αὐτό;</em></strong></span> <span class='ocrx_word' id='word_1_27' title='bbox 951 499 1202 558; x_wconf 88' lang='grc' dir='ltr'><strong><em>Ἀκούων</em></strong></span> <span class='ocrx_word' id='word_1_28' title='bbox 1227 504 1434 559; x_wconf 86' lang='grc' dir='ltr'><strong><em>σκόπει.</em></strong></span> <span class='ocrx_word' id='word_1_29' title='bbox 1472 509 1528 560; x_wconf 78' lang='grc' dir='ltr'><strong><em>οἱ</em></strong></span> <span class='ocrx_word' id='word_1_30' title='bbox 1542 507 1649 577; x_wconf 88' lang='grc' dir='ltr'><strong><em>γάρ</em></strong></span> <span class='ocrx_word' id='word_1_31' title='bbox 1668 527 1778 563; x_wconf 91' lang='grc' dir='ltr'><strong><em>που</em></strong></span> <span class='ocrx_word' id='word_1_32' title='bbox 1797 511 1925 580; x_wconf 87' lang='grc' dir='ltr'><strong><em>βέλ-</em></strong></span> 
     </span>
     <span class='ocr_line' id='line_1_5' title="bbox 247 580 1927 658; baseline 0.004 -19"><span class='ocrx_word' id='word_1_33' title='bbox 247 599 419 639; x_wconf 91' lang='grc' dir='ltr'><strong><em>τιστοι</em></strong></span> <span class='ocrx_word' id='word_1_34' title='bbox 437 581 596 654; x_wconf 74' lang='grc' dir='ltr'><strong><em>ἡμῶν</em></strong></span> <span class='ocrx_word' id='word_1_35' title='bbox 616 580 1211 655; x_wconf 75' lang='grc' dir='ltr'><strong><em>ἀκροώμενοιὉμήρου</em></strong></span> <span class='ocrx_word' id='word_1_36' title='bbox 1229 581 1265 656; x_wconf 77' lang='grc' dir='ltr'><strong><em>ἦ</em></strong></span> <span class='ocrx_word' id='word_1_37' title='bbox 1293 584 1465 641; x_wconf 78' lang='grc' dir='ltr'><strong><em>ἄλλου</em></strong></span> <span class='ocrx_word' id='word_1_38' title='bbox 1486 587 1633 651; x_wconf 86' lang='grc' dir='ltr'><strong><em>τινὸς</em></strong></span> <span class='ocrx_word' id='word_1_39' title='bbox 1662 595 1774 643; x_wconf 76' lang='grc' dir='ltr'><strong><em>τῶν</em></strong></span> <span class='ocrx_word' id='word_1_40' title='bbox 1793 612 1927 658; x_wconf 80' lang='grc' dir='ltr'><strong><em>τρα-</em></strong></span> 
     </span>
    </p>

    <p class='ocr_par' dir='ltr' id='par_1_3' title="bbox 181 664 1926 1306">
     <span class='ocr_line' id='line_1_6' title="bbox 181 664 1924 739; baseline 0.005 -21"><span class='ocrx_word' id='word_1_41' title='bbox 181 685 212 725; x_wconf 85' lang='lat'><strong><em>1)</em></strong></span> <span class='ocrx_word' id='word_1_42' title='bbox 244 669 595 739; x_wconf 75' lang='grc' dir='ltr'><strong><em>γῳδιοποιεόν</em></strong></span> <span class='ocrx_word' id='word_1_43' title='bbox 626 667 969 735; x_wconf 81' lang='grc' dir='ltr'><strong><em>μιμουμένου</em></strong></span> <span class='ocrx_word' id='word_1_44' title='bbox 997 664 1120 721; x_wconf 76' lang='grc' dir='ltr'><strong><em>τινα</em></strong></span> <span class='ocrx_word' id='word_1_45' title='bbox 1148 672 1261 721; x_wconf 79' lang='grc' dir='ltr'><strong><em>τῶν</em></strong></span> <span class='ocrx_word' id='word_1_46' title='bbox 1280 665 1479 737; x_wconf 75' lang='grc' dir='ltr'><strong><em>ἡρώων</em></strong></span> <span class='ocrx_word' id='word_1_47' title='bbox 1500 670 1559 722; x_wconf 88' lang='grc' dir='ltr'><strong><em>ἐν</em></strong></span> <span class='ocrx_word' id='word_1_48' title='bbox 1574 671 1770 724; x_wconf 86' lang='grc' dir='ltr'><strong><em>πένθει</em></strong></span> <span class='ocrx_word' id='word_1_49' title='bbox 1791 669 1924 726; x_wconf 82' lang='grc' dir='ltr'><strong><em>ὄντα</em></strong></span> 
     </span>
     <span class='ocr_line' id='line_1_7' title="bbox 247 745 1926 821; baseline 0.004 -20"><span class='ocrx_word' id='word_1_50' title='bbox 247 747 339 802; x_wconf 87' lang='grc' dir='ltr'><strong><em>καὶ</em></strong></span> <span class='ocrx_word' id='word_1_51' title='bbox 373 745 593 818; x_wconf 74' lang='grc' dir='ltr'><strong><em>μακρὰν</em></strong></span> <span class='ocrx_word' id='word_1_52' title='bbox 618 748 778 816; x_wconf 81' lang='grc' dir='ltr'><strong><em>ῥῆσιν</em></strong></span> <span class='ocrx_word' id='word_1_53' title='bbox 815 745 1174 803; x_wconf 72' lang='grc' dir='ltr'><strong><em>ἀποτείνοντα</em></strong></span> <span class='ocrx_word' id='word_1_54' title='bbox 1210 750 1270 802; x_wconf 87' lang='grc' dir='ltr'><strong><em>ἐν</em></strong></span> <span class='ocrx_word' id='word_1_55' title='bbox 1304 760 1415 812; x_wconf 88' lang='grc' dir='ltr'><strong><em>τοῖς</em></strong></span> <span class='ocrx_word' id='word_1_56' title='bbox 1450 747 1727 820; x_wconf 79' lang='grc' dir='ltr'><strong><em>ὀδυρμοῖς,</em></strong></span> <span class='ocrx_word' id='word_1_57' title='bbox 1765 747 1800 821; x_wconf 77' lang='grc' dir='ltr'><strong><em>ἦ</em></strong></span> <span class='ocrx_word' id='word_1_58' title='bbox 1835 753 1926 807; x_wconf 79' lang='grc' dir='ltr'><strong><em>καὶ</em></strong></span> 
     </span>
     <span class='ocr_line' id='line_1_8' title="bbox 247 826 1923 901; baseline 0.005 -19"><span class='ocrx_word' id='word_1_59' title='bbox 247 826 485 900; x_wconf 78' lang='grc' dir='ltr'><strong><em>ᾄδοντάς</em></strong></span> <span class='ocrx_word' id='word_1_60' title='bbox 503 850 560 883; x_wconf 92' lang='grc' dir='ltr'><strong><em>τε</em></strong></span> <span class='ocrx_word' id='word_1_61' title='bbox 579 829 669 883; x_wconf 86' lang='grc' dir='ltr'><strong><em>καὶ</em></strong></span> <span class='ocrx_word' id='word_1_62' title='bbox 689 831 1079 899; x_wconf 79' lang='grc' dir='ltr'><strong><em>κοπτομένους,</em></strong></span> <span class='ocrx_word' id='word_1_63' title='bbox 1102 826 1250 884; x_wconf 83' lang='grc' dir='ltr'><strong><em>οἷσθ’</em></strong></span> <span class='ocrx_word' id='word_1_64' title='bbox 1273 829 1355 885; x_wconf 83' lang='grc' dir='ltr'><strong><em>ὅτι</em></strong></span> <span class='ocrx_word' id='word_1_65' title='bbox 1373 834 1631 901; x_wconf 84' lang='grc' dir='ltr'><strong><em>χαίρομέν</em></strong></span> <span class='ocrx_word' id='word_1_66' title='bbox 1650 854 1707 887; x_wconf 88' lang='grc' dir='ltr'><strong><em>τε</em></strong></span> <span class='ocrx_word' id='word_1_67' title='bbox 1726 835 1815 888; x_wconf 84' lang='grc' dir='ltr'><strong><em>καὶ</em></strong></span> <span class='ocrx_word' id='word_1_68' title='bbox 1833 836 1923 890; x_wconf 87' lang='grc' dir='ltr'><strong><em>ἐν-</em></strong></span> 
     </span>
     <span class='ocr_line' id='line_1_9' title="bbox 249 907 1920 982; baseline 0.004 -19"><span class='ocrx_word' id='word_1_69' title='bbox 249 909 440 974; x_wconf 79' lang='grc' dir='ltr'><strong><em>δόντες</em></strong></span> <span class='ocrx_word' id='word_1_70' title='bbox 456 907 597 980; x_wconf 81' lang='grc' dir='ltr'><strong><em>ἡμᾶς</em></strong></span> <span class='ocrx_word' id='word_1_71' title='bbox 617 907 821 974; x_wconf 78' lang='grc' dir='ltr'><strong><em>αὐτοὺς</em></strong></span> <span class='ocrx_word' id='word_1_72' title='bbox 850 909 1095 980; x_wconf 77' lang='grc' dir='ltr'><strong><em>ἑπόμεθα</em></strong></span> <span class='ocrx_word' id='word_1_73' title='bbox 1116 911 1536 982; x_wconf 84' lang='grc' dir='ltr'><strong><em>ξυμπάσχοντες,</em></strong></span> <span class='ocrx_word' id='word_1_74' title='bbox 1564 915 1655 968; x_wconf 86' lang='grc' dir='ltr'><strong><em>καὶ</em></strong></span> <span class='ocrx_word' id='word_1_75' title='bbox 1676 915 1920 970; x_wconf 47' lang='grc' dir='ltr'><strong><em>σπουδάἡ</em></strong></span> 
     </span>
     <span class='ocr_line' id='line_1_10' title="bbox 248 988 1925 1064; baseline 0.003 -19"><span class='ocrx_word' id='word_1_76' title='bbox 248 995 428 1056; x_wconf 83' lang='grc' dir='ltr'><strong><em>ζοντες</em></strong></span> <span class='ocrx_word' id='word_1_77' title='bbox 456 994 787 1061; x_wconf 84' lang='grc' dir='ltr'><strong><em>ἐπαινοῦμεν</em></strong></span> <span class='ocrx_word' id='word_1_78' title='bbox 823 989 894 1054; x_wconf 79' lang='grc' dir='ltr'><strong><em>ὡς</em></strong></span> <span class='ocrx_word' id='word_1_79' title='bbox 926 990 1144 1060; x_wconf 85' lang='grc' dir='ltr'><strong><em>ἀγαθὸν</em></strong></span> <span class='ocrx_word' id='word_1_80' title='bbox 1173 993 1421 1063; x_wconf 82' lang='grc' dir='ltr'><strong><em>ποιητήν,</em></strong></span> <span class='ocrx_word' id='word_1_81' title='bbox 1454 989 1514 1056; x_wconf 80' lang='grc' dir='ltr'><strong><em>ὂς</em></strong></span> <span class='ocrx_word' id='word_1_82' title='bbox 1543 988 1614 1046; x_wconf 78' lang='grc' dir='ltr'><strong><em>ἀν</em></strong></span> <span class='ocrx_word' id='word_1_83' title='bbox 1641 991 1784 1064; x_wconf 83' lang='grc' dir='ltr'><strong><em>ἡμᾶς</em></strong></span> <span class='ocrx_word' id='word_1_84' title='bbox 1814 995 1846 1050; x_wconf 82' lang='grc' dir='ltr'>ὅ</span> <span class='ocrx_word' id='word_1_85' title='bbox 1875 1018 1925 1050; x_wconf 89' lang='grc' dir='ltr'><strong><em>τι</em></strong></span> 
     </span>
     <span class='ocr_line' id='line_1_11' title="bbox 247 1069 1925 1142; baseline 0.002 -16"><span class='ocrx_word' id='word_1_86' title='bbox 247 1071 480 1141; x_wconf 88' lang='grc' dir='ltr'><strong><em>μάλιστα</em></strong></span> <span class='ocrx_word' id='word_1_87' title='bbox 500 1069 647 1126; x_wconf 91' lang='grc' dir='ltr'><strong><em>ούτω</em></strong></span> <span class='ocrx_word' id='word_1_88' title='bbox 667 1075 854 1142; x_wconf 81' lang='grc' dir='ltr'><strong><em>διαθῇ.</em></strong></span> <span class='ocrx_word' id='word_1_89' title='bbox 892 1070 1055 1126; x_wconf 79' lang='grc' dir='ltr'><strong><em>Οἶδα·</em></strong></span> <span class='ocrx_word' id='word_1_90' title='bbox 1094 1077 1209 1135; x_wconf 75' lang='grc' dir='ltr'><strong><em>πῶς</em></strong></span> <span class='ocrx_word' id='word_1_91' title='bbox 1234 1069 1282 1125; x_wconf 86' lang='grc' dir='ltr'><strong><em>δ’</em></strong></span> <span class='ocrx_word' id='word_1_92' title='bbox 1319 1093 1414 1139; x_wconf 72' lang='grc' dir='ltr'><strong><em>ους</em></strong></span> <span class='ocrx_word' id='word_1_93' title='bbox 1438 1071 1608 1129; x_wconf 84' lang='grc' dir='ltr'><strong><em>Ὅταν</em></strong></span> <span class='ocrx_word' id='word_1_94' title='bbox 1633 1075 1691 1130; x_wconf 77' lang='grc' dir='ltr'><strong><em>δὲ</em></strong></span> <span class='ocrx_word' id='word_1_95' title='bbox 1721 1075 1925 1130; x_wconf 82' lang='grc' dir='ltr'><strong><em>οἰκεῖόν</em></strong></span> 
     </span>
     <span class='ocr_line' id='line_1_12' title="bbox 248 1151 1921 1228; baseline 0.004 -20"><span class='ocrx_word' id='word_1_96' title='bbox 248 1175 356 1208; x_wconf 90' lang='grc' dir='ltr'><strong><em>τινι</em></strong></span> <span class='ocrx_word' id='word_1_97' title='bbox 373 1151 534 1225; x_wconf 76' lang='grc' dir='ltr'><strong><em>ἡμῶν</em></strong></span> <span class='ocrx_word' id='word_1_98' title='bbox 554 1156 723 1223; x_wconf 85' lang='grc' dir='ltr'><strong><em>κῆδος</em></strong></span> <span class='ocrx_word' id='word_1_99' title='bbox 749 1156 988 1223; x_wconf 89' lang='grc' dir='ltr'><strong><em>γένηται,</em></strong></span> <span class='ocrx_word' id='word_1_100' title='bbox 1018 1156 1225 1217; x_wconf 80' lang='grc' dir='ltr'><strong><em>ἐννοεῖς</em></strong></span> <span class='ocrx_word' id='word_1_101' title='bbox 1253 1157 1323 1207; x_wconf 83' lang='grc' dir='ltr'><strong><em>αὐ</em></strong></span> <span class='ocrx_word' id='word_1_102' title='bbox 1358 1153 1442 1208; x_wconf 81' lang='grc' dir='ltr'><strong><em>ὅτι</em></strong></span> <span class='ocrx_word' id='word_1_103' title='bbox 1470 1157 1554 1210; x_wconf 85' lang='grc' dir='ltr'><strong><em>ἐπὶ</em></strong></span> <span class='ocrx_word' id='word_1_104' title='bbox 1585 1162 1660 1228; x_wconf 77' lang='grc' dir='ltr'><strong><em>τῷ</em></strong></span> <span class='ocrx_word' id='word_1_105' title='bbox 1693 1159 1921 1215; x_wconf 83' lang='grc' dir='ltr'><strong><em>ἐναντίω</em></strong></span> 
     </span>
     <span class='ocr_line' id='line_1_13' title="bbox 247 1232 1917 1306; baseline 0.001 -16"><span class='ocrx_word' id='word_1_106' title='bbox 247 1233 768 1305; x_wconf 79' lang='grc' dir='ltr'><strong><em>καλλωπιζόμεθα,</em></strong></span> <span class='ocrx_word' id='word_1_107' title='bbox 743 1257 814 1289; x_wconf 91' lang='grc' dir='ltr'><strong><em>αν</em></strong></span> <span class='ocrx_word' id='word_1_108' title='bbox 834 1235 1134 1304; x_wconf 74' lang='grc' dir='ltr'><strong><em>δυνώμεθα</em></strong></span> <span class='ocrx_word' id='word_1_109' title='bbox 1163 1232 1396 1304; x_wconf 82' lang='grc' dir='ltr'><strong><em>ἡσυχίαν</em></strong></span> <span class='ocrx_word' id='word_1_110' title='bbox 1428 1235 1582 1305; x_wconf 90' lang='grc' dir='ltr'><strong><em>άγειν</em></strong></span> <span class='ocrx_word' id='word_1_111' title='bbox 1610 1240 1699 1291; x_wconf 85' lang='grc' dir='ltr'><strong><em>καὶ</em></strong></span> <span class='ocrx_word' id='word_1_112' title='bbox 1728 1258 1917 1306; x_wconf 45' lang='grc' dir='ltr'><strong><em>καρτε,</em></strong></span> 
     </span>
    </p>

    <p class='ocr_par' dir='ltr' id='par_1_4' title="bbox 184 1313 1923 1471">
     <span class='ocr_line' id='line_1_14' title="bbox 184 1313 1923 1419; baseline 0 -46"><span class='ocrx_word' id='word_1_113' title='bbox 184 1334 217 1373; x_wconf 82' lang='grc' dir='ltr'>Ε</span> <span class='ocrx_word' id='word_1_114' title='bbox 249 1330 382 1419; x_wconf 81' lang='grc' dir='ltr'><strong><em>ρεῖν,</em></strong></span> <span class='ocrx_word' id='word_1_115' title='bbox 407 1316 480 1382; x_wconf 78' lang='grc' dir='ltr'><strong><em>ὡς</em></strong></span> <span class='ocrx_word' id='word_1_116' title='bbox 499 1323 660 1371; x_wconf 81' lang='grc' dir='ltr'><strong><em>τοῦτο</em></strong></span> <span class='ocrx_word' id='word_1_117' title='bbox 682 1315 783 1385; x_wconf 76' lang='grc' dir='ltr'><strong><em>μὲν</em></strong></span> <span class='ocrx_word' id='word_1_118' title='bbox 802 1313 1047 1383; x_wconf 75' lang='grc' dir='ltr'><strong><em>ἀνδρός’</em></strong></span> <span class='ocrx_word' id='word_1_119' title='bbox 1026 1316 1110 1385; x_wconf 91' lang='grc' dir='ltr'><strong><em>όν,</em></strong></span> <span class='ocrx_word' id='word_1_120' title='bbox 1142 1319 1315 1371; x_wconf 87' lang='grc' dir='ltr'><strong><em>ἐκεῖνο</em></strong></span> <span class='ocrx_word' id='word_1_121' title='bbox 1347 1319 1404 1371; x_wconf 76' lang='grc' dir='ltr'><strong><em>δὲ</em></strong></span> <span class='ocrx_word' id='word_1_122' title='bbox 1432 1318 1711 1387; x_wconf 89' lang='grc' dir='ltr'><strong><em>γυναικός,</em></strong></span> <span class='ocrx_word' id='word_1_123' title='bbox 1745 1316 1773 1373; x_wconf 83' lang='grc' dir='ltr'><em>ὃ</em></span> <span class='ocrx_word' id='word_1_124' title='bbox 1803 1319 1923 1374; x_wconf 86' lang='grc' dir='ltr'><strong><em>τότε</em></strong></span> 
     </span>
     <span class='ocr_line' id='line_1_15' title="bbox 248 1392 1923 1493; baseline 0.001 -40"><span class='ocrx_word' id='word_1_125' title='bbox 248 1402 577 1470; x_wconf 80' lang='grc' dir='ltr'><strong><em>ἐπῃνοῦμεν.</em></strong></span> <span class='ocrx_word' id='word_1_126' title='bbox 614 1396 832 1493; x_wconf 77' lang='grc' dir='ltr'><strong><em>Ἑννοῶ,</em></strong></span> <span class='ocrx_word' id='word_1_127' title='bbox 854 1402 973 1471; x_wconf 82' lang='grc' dir='ltr'><strong><em>ε”.φη</em></strong></span> <span class='ocrx_word' id='word_1_128' title='bbox 1009 1400 1074 1451; x_wconf 87' lang='lat' dir='ltr'><strong><em>’H</em></strong></span> <span class='ocrx_word' id='word_1_129' title='bbox 1090 1404 1270 1460; x_wconf 86' lang='grc' dir='ltr'><strong><em>καλως</em></strong></span> <span class='ocrx_word' id='word_1_130' title='bbox 1294 1392 1414 1468; x_wconf 77' lang='grc' dir='ltr'><strong><em>οὖν,</em></strong></span> <span class='ocrx_word' id='word_1_131' title='bbox 1446 1392 1516 1469; x_wconf 80' lang='grc' dir='ltr'><strong><em>ἦν</em></strong></span> <span class='ocrx_word' id='word_1_132' title='bbox 1535 1396 1588 1453; x_wconf 85' lang='grc' dir='ltr'><strong><em>δ’</em></strong></span> <span class='ocrx_word' id='word_1_133' title='bbox 1616 1399 1738 1468; x_wconf 73' lang='grc' dir='ltr'><strong><em>ἐγώ,</em></strong></span> <span class='ocrx_word' id='word_1_134' title='bbox 1761 1421 1923 1464; x_wconf 90' lang='grc' dir='ltr'><strong><em>ουτος</em></strong></span> 
     </span>
    </p>

    <p class='ocr_par' dir='ltr' id='par_1_5' title="bbox 131 1475 1925 2928">
     <span class='ocr_line' id='line_1_16' title="bbox 249 1475 1924 1549; baseline 0.001 -15"><span class='ocrx_word' id='word_1_135' title='bbox 249 1477 277 1533; x_wconf 88' lang='grc' dir='ltr'>ὁ</span> <span class='ocrx_word' id='word_1_136' title='bbox 312 1484 534 1542; x_wconf 80' lang='grc' dir='ltr'><strong><em>ἔπαινος</em></strong></span> <span class='ocrx_word' id='word_1_137' title='bbox 563 1482 687 1548; x_wconf 84' lang='grc' dir='ltr'><strong><em>ἔχει,</em></strong></span> <span class='ocrx_word' id='word_1_138' title='bbox 716 1476 777 1532; x_wconf 82' lang='grc' dir='ltr'><strong><em>τὸ</em></strong></span> <span class='ocrx_word' id='word_1_139' title='bbox 808 1476 1023 1546; x_wconf 76' lang='grc' dir='ltr'><strong><em>ὁρωντα</em></strong></span> <span class='ocrx_word' id='word_1_140' title='bbox 1052 1483 1308 1533; x_wconf 84' lang='grc' dir='ltr'><strong><em>τοιοῦτον</em></strong></span> <span class='ocrx_word' id='word_1_141' title='bbox 1341 1477 1537 1549; x_wconf 84' lang='grc' dir='ltr'><strong><em>ἀνδρα,</em></strong></span> <span class='ocrx_word' id='word_1_142' title='bbox 1572 1475 1692 1535; x_wconf 84' lang='grc' dir='ltr'><strong><em>οἷον</em></strong></span> <span class='ocrx_word' id='word_1_143' title='bbox 1724 1480 1924 1535; x_wconf 82' lang='grc' dir='ltr'><strong><em>ἑαυτόν</em></strong></span> 
     </span>
     <span class='ocr_line' id='line_1_17' title="bbox 246 1556 1924 1631; baseline 0.002 -18"><span class='ocrx_word' id='word_1_144' title='bbox 246 1581 326 1623; x_wconf 87' lang='grc' dir='ltr'><strong><em>τις</em></strong></span> <span class='ocrx_word' id='word_1_145' title='bbox 352 1558 424 1630; x_wconf 81' lang='grc' dir='ltr'><em>μή</em></span> <span class='ocrx_word' id='word_1_146' title='bbox 459 1557 604 1624; x_wconf 83' lang='grc' dir='ltr'><strong><em>ἀξιοῖ</em></strong></span> <span class='ocrx_word' id='word_1_147' title='bbox 632 1557 769 1613; x_wconf 81' lang='grc' dir='ltr'><strong><em>εἶναι</em></strong></span> <span class='ocrx_word' id='word_1_148' title='bbox 802 1556 924 1614; x_wconf 86' lang='grc' dir='ltr'><strong><em>ἀλλ’</em></strong></span> <span class='ocrx_word' id='word_1_149' title='bbox 961 1559 1274 1628; x_wconf 82' lang='grc' dir='ltr'><strong><em>αἰσχύνοιτο</em></strong></span> <span class='ocrx_word' id='word_1_150' title='bbox 1309 1557 1395 1628; x_wconf 79' lang='grc' dir='ltr'><strong><em>ἄν,</em></strong></span> <span class='ocrx_word' id='word_1_151' title='bbox 1425 1558 1498 1630; x_wconf 79' lang='grc' dir='ltr'><strong><em>μὴ</em></strong></span> <span class='ocrx_word' id='word_1_152' title='bbox 1528 1559 1924 1631; x_wconf 83' lang='grc' dir='ltr'><strong><em>βδελύττεσθαι</em></strong></span> 
     </span>
     <span class='ocr_line' id='line_1_18' title="bbox 248 1637 1922 1714; baseline 0.001 -19"><span class='ocrx_word' id='word_1_153' title='bbox 248 1639 387 1695; x_wconf 76' lang='grc' dir='ltr'><strong><em>ἀλλὰ</em></strong></span> <span class='ocrx_word' id='word_1_154' title='bbox 416 1644 625 1709; x_wconf 78' lang='grc' dir='ltr'><strong><em>χαίρειν</em></strong></span> <span class='ocrx_word' id='word_1_155' title='bbox 653 1661 711 1694; x_wconf 91' lang='grc' dir='ltr'><strong><em>τε</em></strong></span> <span class='ocrx_word' id='word_1_156' title='bbox 748 1640 839 1694; x_wconf 89' lang='grc' dir='ltr'><strong><em>καὶ</em></strong></span> <span class='ocrx_word' id='word_1_157' title='bbox 876 1640 1143 1704; x_wconf 85' lang='grc' dir='ltr'><strong><em>ἐπαινεῖν;</em></strong></span> <span class='ocrx_word' id='word_1_158' title='bbox 1185 1637 1269 1694; x_wconf 85' lang='grc' dir='ltr'><strong><em>Οὐ</em></strong></span> <span class='ocrx_word' id='word_1_159' title='bbox 1300 1639 1372 1710; x_wconf 77' lang='grc' dir='ltr'><strong><em>μοὶ</em></strong></span> <span class='ocrx_word' id='word_1_160' title='bbox 1406 1639 1505 1695; x_wconf 86' lang='grc' dir='ltr'><strong><em>τὸν</em></strong></span> <span class='ocrx_word' id='word_1_161' title='bbox 1525 1640 1638 1713; x_wconf 88' lang='grc' dir='ltr'><strong><em>Δί’,</em></strong></span> <span class='ocrx_word' id='word_1_162' title='bbox 1670 1647 1792 1714; x_wconf 83' lang='grc' dir='ltr'><strong><em>ἔφη,</em></strong></span> <span class='ocrx_word' id='word_1_163' title='bbox 1820 1640 1922 1698; x_wconf 81' lang='grc' dir='ltr'><strong><em>οὐκ</em></strong></span> 
     </span>
     <span class='ocr_line' id='line_1_19' title="bbox 131 1715 1924 1794; baseline 0.001 -17"><span class='ocrx_word' id='word_1_164' title='bbox 131 1741 217 1785; x_wconf 83' lang='lat'><strong><em>606</em></strong></span> <span class='ocrx_word' id='word_1_165' title='bbox 248 1721 461 1794; x_wconf 78' lang='grc' dir='ltr'><strong><em>εὐλόγῳ</em></strong></span> <span class='ocrx_word' id='word_1_166' title='bbox 491 1725 683 1777; x_wconf 85' lang='grc' dir='ltr'><strong><em>ἔοικεν.</em></strong></span> <span class='ocrx_word' id='word_1_167' title='bbox 721 1726 852 1790; x_wconf 92' lang='grc' dir='ltr'><strong><em>Ναί,</em></strong></span> <span class='ocrx_word' id='word_1_168' title='bbox 883 1715 954 1791; x_wconf 80' lang='grc' dir='ltr'><strong><em>ἦν</em></strong></span> <span class='ocrx_word' id='word_1_169' title='bbox 992 1720 1048 1775; x_wconf 89' lang='grc' dir='ltr'><strong><em>δ’</em></strong></span> <span class='ocrx_word' id='word_1_170' title='bbox 1086 1721 1211 1791; x_wconf 73' lang='grc' dir='ltr'><strong><em>ἐγώ,</em></strong></span> <span class='ocrx_word' id='word_1_171' title='bbox 1250 1726 1299 1776; x_wconf 81' lang='grc' dir='ltr'><strong><em>εί</em></strong></span> <span class='ocrx_word' id='word_1_172' title='bbox 1327 1723 1509 1794; x_wconf 83' lang='grc' dir='ltr'><strong><em>ἐκείνῃ</em></strong></span> <span class='ocrx_word' id='word_1_173' title='bbox 1532 1722 1586 1794; x_wconf 79' lang='grc' dir='ltr'><strong><em>γ’</em></strong></span> <span class='ocrx_word' id='word_1_174' title='bbox 1624 1722 1758 1779; x_wconf 82' lang='grc' dir='ltr'><strong><em>αὐτὸ</em></strong></span> <span class='ocrx_word' id='word_1_175' title='bbox 1793 1741 1924 1779; x_wconf 91' lang='grc' dir='ltr'><strong><em>σκο-</em></strong></span> 
     </span>
     <span class='ocr_line' id='line_1_20' title="bbox 246 1801 1924 1876; baseline 0 -16"><span class='ocrx_word' id='word_1_176' title='bbox 246 1810 418 1874; x_wconf 88' lang='grc' dir='ltr'><strong><em>ποίης.</em></strong></span> <span class='ocrx_word' id='word_1_177' title='bbox 455 1809 574 1875; x_wconf 72' lang='grc' dir='ltr'><strong><em>Πῇς</em></strong></span> <span class='ocrx_word' id='word_1_178' title='bbox 609 1808 681 1858; x_wconf 82' lang='grc' dir='ltr'><strong><em>Εἰ</em></strong></span> <span class='ocrx_word' id='word_1_179' title='bbox 697 1806 981 1874; x_wconf 80' lang='grc' dir='ltr'><strong><em>ἐνθυμοῖο,</em></strong></span> <span class='ocrx_word' id='word_1_180' title='bbox 1003 1801 1086 1858; x_wconf 82' lang='grc' dir='ltr'><strong><em>ὅτι</em></strong></span> <span class='ocrx_word' id='word_1_181' title='bbox 1105 1802 1164 1858; x_wconf 83' lang='grc' dir='ltr'><strong><em>τὸ</em></strong></span> <span class='ocrx_word' id='word_1_182' title='bbox 1198 1808 1292 1876; x_wconf 79' lang='grc' dir='ltr'><strong><em>βίᾳ</em></strong></span> <span class='ocrx_word' id='word_1_183' title='bbox 1312 1805 1678 1875; x_wconf 89' lang='grc' dir='ltr'><strong><em>κατεχόμενον</em></strong></span> <span class='ocrx_word' id='word_1_184' title='bbox 1710 1805 1832 1861; x_wconf 87' lang='grc' dir='ltr'><strong><em>τότε</em></strong></span> <span class='ocrx_word' id='word_1_185' title='bbox 1864 1807 1924 1860; x_wconf 89' lang='grc' dir='ltr'><strong><em>ἐν</em></strong></span> 
     </span>
     <span class='ocr_line' id='line_1_21' title="bbox 246 1885 1922 1956; baseline 0.001 -16"><span class='ocrx_word' id='word_1_186' title='bbox 246 1897 362 1950; x_wconf 92' lang='grc' dir='ltr'><strong><em>ταῖς</em></strong></span> <span class='ocrx_word' id='word_1_187' title='bbox 382 1889 602 1949; x_wconf 85' lang='grc' dir='ltr'><strong><em>οἰκείαις</em></strong></span> <span class='ocrx_word' id='word_1_188' title='bbox 630 1887 933 1955; x_wconf 80' lang='grc' dir='ltr'><strong><em>ξυμφοραῖς</em></strong></span> <span class='ocrx_word' id='word_1_189' title='bbox 962 1886 1052 1939; x_wconf 87' lang='grc' dir='ltr'><strong><em>καὶ</em></strong></span> <span class='ocrx_word' id='word_1_190' title='bbox 1084 1885 1411 1956; x_wconf 83' lang='grc' dir='ltr'><strong><em>πεπεινηκὸς</em></strong></span> <span class='ocrx_word' id='word_1_191' title='bbox 1442 1891 1542 1941; x_wconf 87' lang='grc' dir='ltr'><strong><em>τοῦ</em></strong></span> <span class='ocrx_word' id='word_1_192' title='bbox 1572 1890 1849 1955; x_wconf 85' lang='grc' dir='ltr'><strong><em>δακρῦσαί</em></strong></span> <span class='ocrx_word' id='word_1_193' title='bbox 1865 1907 1922 1941; x_wconf 91' lang='grc' dir='ltr'><strong><em>τε</em></strong></span> 
     </span>
     <span class='ocr_line' id='line_1_22' title="bbox 245 1963 1922 2037; baseline -0.001 -15"><span class='ocrx_word' id='word_1_194' title='bbox 245 1968 336 2022; x_wconf 85' lang='grc' dir='ltr'><strong><em>καὶ</em></strong></span> <span class='ocrx_word' id='word_1_195' title='bbox 372 1963 763 2036; x_wconf 79' lang='grc' dir='ltr'><strong><em>ἀποδύρασθαι</em></strong></span> <span class='ocrx_word' id='word_1_196' title='bbox 798 1970 1001 2031; x_wconf 72' lang='grc' dir='ltr'><strong><em>ἱκανῶς</em></strong></span> <span class='ocrx_word' id='word_1_197' title='bbox 1039 1968 1129 2020; x_wconf 83' lang='grc' dir='ltr'><strong><em>καὶ</em></strong></span> <span class='ocrx_word' id='word_1_198' title='bbox 1165 1964 1611 2037; x_wconf 80' lang='grc' dir='ltr'><strong><em>ἀποπλησθῆναι,</em></strong></span> <span class='ocrx_word' id='word_1_199' title='bbox 1652 1967 1817 2037; x_wconf 83' lang='grc' dir='ltr'><strong><em>φύσει</em></strong></span> <span class='ocrx_word' id='word_1_200' title='bbox 1857 1963 1922 2021; x_wconf 81' lang='grc' dir='ltr'><strong><em>ὂν</em></strong></span> 
     </span>
     <span class='ocr_line' id='line_1_23' title="bbox 244 2043 1917 2117; baseline 0 -14"><span class='ocrx_word' id='word_1_201' title='bbox 244 2054 501 2103; x_wconf 83' lang='grc' dir='ltr'><strong><em>τοιοῦτον</em></strong></span> <span class='ocrx_word' id='word_1_202' title='bbox 519 2043 638 2103; x_wconf 83' lang='grc' dir='ltr'><strong><em>οἷον</em></strong></span> <span class='ocrx_word' id='word_1_203' title='bbox 657 2049 871 2103; x_wconf 89' lang='grc' dir='ltr'><strong><em>τούτων</em></strong></span> <span class='ocrx_word' id='word_1_204' title='bbox 895 2050 1206 2117; x_wconf 87' lang='grc' dir='ltr'><strong><em>ἐπιθυμεῖν,</em></strong></span> <span class='ocrx_word' id='word_1_205' title='bbox 1238 2045 1352 2101; x_wconf 91' lang='grc' dir='ltr'><strong><em>τότ’</em></strong></span> <span class='ocrx_word' id='word_1_206' title='bbox 1386 2049 1497 2101; x_wconf 82' lang='grc' dir='ltr'><strong><em>ἐστὶ</em></strong></span> <span class='ocrx_word' id='word_1_207' title='bbox 1524 2052 1687 2107; x_wconf 66' lang='grc' dir='ltr'><strong><em>τοῦτο</em></strong></span> <span class='ocrx_word' id='word_1_208' title='bbox 1718 2046 1778 2102; x_wconf 85' lang='grc' dir='ltr'><strong><em>τὸ</em></strong></span> <span class='ocrx_word' id='word_1_209' title='bbox 1809 2045 1917 2103; x_wconf 83' lang='grc' dir='ltr'><strong><em>ὑπὸ</em></strong></span> 
     </span>
     <span class='ocr_line' id='line_1_24' title="bbox 244 2126 1919 2199; baseline 0 -15"><span class='ocrx_word' id='word_1_210' title='bbox 244 2135 360 2184; x_wconf 73' lang='grc' dir='ltr'><strong><em>τῶν</em></strong></span> <span class='ocrx_word' id='word_1_211' title='bbox 376 2134 619 2199; x_wconf 74' lang='grc' dir='ltr'><strong><em>ποιητῶν</em></strong></span> <span class='ocrx_word' id='word_1_212' title='bbox 636 2129 1021 2199; x_wconf 79' lang='grc' dir='ltr'><strong><em>πιμπλάμενον</em></strong></span> <span class='ocrx_word' id='word_1_213' title='bbox 1041 2130 1129 2184; x_wconf 88' lang='grc' dir='ltr'><strong><em>καὶ</em></strong></span> <span class='ocrx_word' id='word_1_214' title='bbox 1150 2140 1342 2198; x_wconf 89' lang='grc' dir='ltr'><strong><em>χαῖρον</em></strong></span> <span class='ocrx_word' id='word_1_215' title='bbox 1356 2149 1366 2160; x_wconf 87' lang='grc'><em>·</em></span> <span class='ocrx_word' id='word_1_216' title='bbox 1390 2126 1450 2182; x_wconf 84' lang='grc' dir='ltr'><strong><em>τὸ</em></strong></span> <span class='ocrx_word' id='word_1_217' title='bbox 1475 2128 1533 2183; x_wconf 75' lang='grc' dir='ltr'><strong><em>δὲ</em></strong></span> <span class='ocrx_word' id='word_1_218' title='bbox 1555 2128 1720 2198; x_wconf 82' lang='grc' dir='ltr'><strong><em>φύσει</em></strong></span> <span class='ocrx_word' id='word_1_219' title='bbox 1739 2131 1919 2199; x_wconf 88' lang='grc' dir='ltr'><strong><em>βέλτι-</em></strong></span> 
     </span>
     <span class='ocr_line' id='line_1_25' title="bbox 246 2208 1923 2282; baseline 0 -17"><span class='ocrx_word' id='word_1_220' title='bbox 246 2228 379 2265; x_wconf 89' lang='grc' dir='ltr'><strong><em>στον</em></strong></span> <span class='ocrx_word' id='word_1_221' title='bbox 411 2209 588 2280; x_wconf 73' lang='grc' dir='ltr'><strong><em>ἡμῶν,</em></strong></span> <span class='ocrx_word' id='word_1_222' title='bbox 627 2209 719 2275; x_wconf 77' lang='grc' dir='ltr'><strong><em>ἅτε</em></strong></span> <span class='ocrx_word' id='word_1_223' title='bbox 756 2208 856 2279; x_wconf 85' lang='grc' dir='ltr'><strong><em>οὐχ</em></strong></span> <span class='ocrx_word' id='word_1_224' title='bbox 893 2212 1095 2272; x_wconf 75' lang='grc' dir='ltr'><strong><em>ἱκανῶς</em></strong></span> <span class='ocrx_word' id='word_1_225' title='bbox 1133 2211 1572 2278; x_wconf 86' lang='grc' dir='ltr'><strong><em>πεπαιδευμένον</em></strong></span> <span class='ocrx_word' id='word_1_226' title='bbox 1609 2209 1754 2282; x_wconf 76' lang='grc' dir='ltr'><strong><em>λόγῳ</em></strong></span> <span class='ocrx_word' id='word_1_227' title='bbox 1792 2209 1923 2265; x_wconf 75' lang='grc' dir='ltr'><strong><em>οὐδὲ</em></strong></span> 
     </span>
     <span class='ocr_line' id='line_1_26' title="bbox 243 2288 1921 2360; baseline 0 -14"><span class='ocrx_word' id='word_1_228' title='bbox 243 2294 379 2360; x_wconf 80' lang='grc' dir='ltr'><strong><em>ἔθει,</em></strong></span> <span class='ocrx_word' id='word_1_229' title='bbox 417 2288 602 2360; x_wconf 80' lang='grc' dir='ltr'><strong><em>ἀνίησι</em></strong></span> <span class='ocrx_word' id='word_1_230' title='bbox 640 2289 744 2360; x_wconf 86' lang='grc' dir='ltr'><strong><em>τὴν</em></strong></span> <span class='ocrx_word' id='word_1_231' title='bbox 777 2290 1036 2360; x_wconf 82' lang='grc' dir='ltr'><strong><em>φυλακην</em></strong></span> <span class='ocrx_word' id='word_1_232' title='bbox 1073 2296 1174 2344; x_wconf 84' lang='grc' dir='ltr'><strong><em>τοῦ</em></strong></span> <span class='ocrx_word' id='word_1_233' title='bbox 1211 2290 1545 2360; x_wconf 75' lang='grc' dir='ltr'><strong><em>θρηνώδους</em></strong></span> <span class='ocrx_word' id='word_1_234' title='bbox 1574 2290 1796 2360; x_wconf 89' lang='grc' dir='ltr'><strong><em>τούτου,</em></strong></span> <span class='ocrx_word' id='word_1_235' title='bbox 1827 2290 1921 2346; x_wconf 80' lang='grc' dir='ltr'><strong><em>ἅτε</em></strong></span> 
     </span>
     <span class='ocr_line' id='line_1_27' title="bbox 178 2369 1925 2444; baseline 0 -16"><span class='ocrx_word' id='word_1_236' title='bbox 178 2390 211 2430; x_wconf 91' lang='grc' dir='ltr'>Β</span> <span class='ocrx_word' id='word_1_237' title='bbox 243 2370 503 2442; x_wconf 89' lang='grc' dir='ltr'><strong><em>ἀλλότρια</em></strong></span> <span class='ocrx_word' id='word_1_238' title='bbox 525 2371 679 2442; x_wconf 88' lang='grc' dir='ltr'><strong><em>πάθη</em></strong></span> <span class='ocrx_word' id='word_1_239' title='bbox 700 2377 961 2442; x_wconf 86' lang='grc' dir='ltr'><strong><em>θεωροῦν</em></strong></span> <span class='ocrx_word' id='word_1_240' title='bbox 981 2372 1071 2426; x_wconf 86' lang='grc' dir='ltr'><strong><em>καὶ</em></strong></span> <span class='ocrx_word' id='word_1_241' title='bbox 1101 2372 1279 2444; x_wconf 76' lang='grc' dir='ltr'><strong><em>ἑαυτῷ</em></strong></span> <span class='ocrx_word' id='word_1_242' title='bbox 1307 2369 1473 2426; x_wconf 76' lang='grc' dir='ltr'><strong><em>οὐδὲν</em></strong></span> <span class='ocrx_word' id='word_1_243' title='bbox 1503 2370 1728 2442; x_wconf 79' lang='grc' dir='ltr'><strong><em>αἰσχρὸν</em></strong></span> <span class='ocrx_word' id='word_1_244' title='bbox 1759 2371 1843 2440; x_wconf 84' lang='grc' dir='ltr'><strong><em>ὅν,</em></strong></span> <span class='ocrx_word' id='word_1_245' title='bbox 1877 2378 1925 2428; x_wconf 83' lang='grc' dir='ltr'><strong><em>εἰ</em></strong></span> 
     </span>
     <span class='ocr_line' id='line_1_28' title="bbox 243 2449 1922 2522; baseline -0.001 -15"><span class='ocrx_word' id='word_1_246' title='bbox 243 2450 407 2515; x_wconf 75' lang='grc' dir='ltr'><strong><em>ἄλλος</em></strong></span> <span class='ocrx_word' id='word_1_247' title='bbox 426 2450 567 2522; x_wconf 83' lang='grc' dir='ltr'><strong><em>ἀνὴρ</em></strong></span> <span class='ocrx_word' id='word_1_248' title='bbox 592 2449 806 2521; x_wconf 84' lang='grc' dir='ltr'><strong><em>ἀγαθὸς</em></strong></span> <span class='ocrx_word' id='word_1_249' title='bbox 826 2452 1059 2522; x_wconf 79' lang='grc' dir='ltr'><strong><em>φάσκων</em></strong></span> <span class='ocrx_word' id='word_1_250' title='bbox 1081 2451 1219 2506; x_wconf 84' lang='grc' dir='ltr'><strong><em>εἶναι</em></strong></span> <span class='ocrx_word' id='word_1_251' title='bbox 1237 2449 1476 2521; x_wconf 81' lang='grc' dir='ltr'><strong><em>ἀκαίρως</em></strong></span> <span class='ocrx_word' id='word_1_252' title='bbox 1493 2460 1707 2521; x_wconf 87' lang='grc' dir='ltr'><strong><em>πενθεῖ,</em></strong></span> <span class='ocrx_word' id='word_1_253' title='bbox 1721 2459 1922 2506; x_wconf 83' lang='grc' dir='ltr'><strong><em>τοῦτον</em></strong></span> 
     </span>
     <span class='ocr_line' id='line_1_29' title="bbox 242 2530 1921 2603; baseline -0.001 -14"><span class='ocrx_word' id='word_1_254' title='bbox 242 2537 486 2590; x_wconf 81' lang='grc' dir='ltr'><strong><em>ἐπαινεῖν</em></strong></span> <span class='ocrx_word' id='word_1_255' title='bbox 514 2536 604 2589; x_wconf 83' lang='grc' dir='ltr'><strong><em>καὶ</em></strong></span> <span class='ocrx_word' id='word_1_256' title='bbox 632 2537 824 2589; x_wconf 87' lang='grc' dir='ltr'><strong><em>ἐλεεῖν·</em></strong></span> <span class='ocrx_word' id='word_1_257' title='bbox 864 2530 989 2588; x_wconf 86' lang='grc' dir='ltr'><strong><em>ἀλλ’</em></strong></span> <span class='ocrx_word' id='word_1_258' title='bbox 1021 2536 1198 2588; x_wconf 87' lang='grc' dir='ltr'><strong><em>ἐκεῖνο</em></strong></span> <span class='ocrx_word' id='word_1_259' title='bbox 1225 2537 1537 2601; x_wconf 86' lang='grc' dir='ltr'><strong><em>κερδαίνειν</em></strong></span> <span class='ocrx_word' id='word_1_260' title='bbox 1565 2530 1788 2603; x_wconf 84' lang='grc' dir='ltr'><strong><em>ἡγεῖται,</em></strong></span> <span class='ocrx_word' id='word_1_261' title='bbox 1819 2534 1921 2602; x_wconf 84' lang='grc' dir='ltr'><strong><em>τὴν</em></strong></span> 
     </span>
     <span class='ocr_line' id='line_1_30' title="bbox 241 2611 1917 2687; baseline -0.003 -16"><span class='ocrx_word' id='word_1_262' title='bbox 241 2614 471 2687; x_wconf 83' lang='grc' dir='ltr'><strong><em>ἡδονήν,</em></strong></span> <span class='ocrx_word' id='word_1_263' title='bbox 491 2617 582 2671; x_wconf 82' lang='grc' dir='ltr'><strong><em>καὶ</em></strong></span> <span class='ocrx_word' id='word_1_264' title='bbox 602 2613 705 2671; x_wconf 79' lang='grc' dir='ltr'><strong><em>οὐκ</em></strong></span> <span class='ocrx_word' id='word_1_265' title='bbox 727 2611 799 2670; x_wconf 75' lang='grc' dir='ltr'><strong><em>ἀν</em></strong></span> <span class='ocrx_word' id='word_1_266' title='bbox 829 2618 1038 2680; x_wconf 81' lang='grc' dir='ltr'><strong><em>δέξαιτο</em></strong></span> <span class='ocrx_word' id='word_1_267' title='bbox 1070 2614 1239 2684; x_wconf 80' lang='grc' dir='ltr'><strong><em>αὐτῆς</em></strong></span> <span class='ocrx_word' id='word_1_268' title='bbox 1268 2620 1606 2686; x_wconf 83' lang='grc' dir='ltr'><strong><em>στερηθῆναι</em></strong></span> <span class='ocrx_word' id='word_1_269' title='bbox 1633 2633 1917 2682; x_wconf 86' lang='grc' dir='ltr'><strong><em>καταφρο-</em></strong></span> 
     </span>
     <span class='ocr_line' id='line_1_31' title="bbox 242 2691 1920 2768; baseline -0.003 -16"><span class='ocrx_word' id='word_1_270' title='bbox 242 2697 415 2768; x_wconf 86' lang='grc' dir='ltr'><strong><em>νήσας</em></strong></span> <span class='ocrx_word' id='word_1_271' title='bbox 435 2695 572 2752; x_wconf 80' lang='grc' dir='ltr'><strong><em>ὄλου</em></strong></span> <span class='ocrx_word' id='word_1_272' title='bbox 590 2702 692 2752; x_wconf 84' lang='grc' dir='ltr'><strong><em>τοῦ</em></strong></span> <span class='ocrx_word' id='word_1_273' title='bbox 712 2695 1024 2767; x_wconf 87' lang='grc' dir='ltr'><strong><em>ποιήματος.</em></strong></span> <span class='ocrx_word' id='word_1_274' title='bbox 1058 2700 1369 2766; x_wconf 81' lang='grc' dir='ltr'><strong><em>λογίζεσθαι</em></strong></span> <span class='ocrx_word' id='word_1_275' title='bbox 1387 2694 1512 2766; x_wconf 89' lang='grc' dir='ltr'><strong><em>γάρ,</em></strong></span> <span class='ocrx_word' id='word_1_276' title='bbox 1533 2693 1697 2764; x_wconf 81' lang='grc' dir='ltr'><strong><em>οἶμαι,</em></strong></span> <span class='ocrx_word' id='word_1_277' title='bbox 1717 2691 1920 2762; x_wconf 79' lang='grc' dir='ltr'><strong><em>ὀλίγοις</em></strong></span> 
     </span>
     <span class='ocr_line' id='line_1_32' title="bbox 241 2772 1920 2848; baseline -0.001 -17"><span class='ocrx_word' id='word_1_278' title='bbox 241 2780 347 2832; x_wconf 83' lang='grc' dir='ltr'><strong><em>τισὶ</em></strong></span> <span class='ocrx_word' id='word_1_279' title='bbox 366 2783 631 2848; x_wconf 83' lang='grc' dir='ltr'><strong><em>μέτεστιν,</em></strong></span> <span class='ocrx_word' id='word_1_280' title='bbox 654 2776 737 2833; x_wconf 82' lang='grc' dir='ltr'><strong><em>ὅτι</em></strong></span> <span class='ocrx_word' id='word_1_281' title='bbox 756 2776 1060 2832; x_wconf 71' lang='grc' dir='ltr'><strong><em>ἀπολαύειν</em></strong></span> <span class='ocrx_word' id='word_1_282' title='bbox 1092 2775 1308 2847; x_wconf 89' lang='grc' dir='ltr'><strong><em>ἀνάγκη</em></strong></span> <span class='ocrx_word' id='word_1_283' title='bbox 1338 2775 1444 2831; x_wconf 80' lang='grc' dir='ltr'><strong><em>ἀπὸ</em></strong></span> <span class='ocrx_word' id='word_1_284' title='bbox 1469 2781 1582 2830; x_wconf 79' lang='grc' dir='ltr'><strong><em>τῶν</em></strong></span> <span class='ocrx_word' id='word_1_285' title='bbox 1616 2772 1920 2843; x_wconf 88' lang='grc' dir='ltr'><strong><em>ἀλλοτρίων</em></strong></span> 
     </span>
     <span class='ocr_line' id='line_1_33' title="bbox 243 2851 1919 2928; baseline -0.002 -14"><span class='ocrx_word' id='word_1_286' title='bbox 243 2863 318 2922; x_wconf 84' lang='grc' dir='ltr'><strong><em>εἰς</em></strong></span> <span class='ocrx_word' id='word_1_287' title='bbox 338 2855 402 2910; x_wconf 78' lang='grc' dir='ltr'><strong><em>τὰ</em></strong></span> <span class='ocrx_word' id='word_1_288' title='bbox 423 2862 618 2912; x_wconf 85' lang='grc' dir='ltr'><strong><em>οἰκεῖα·</em></strong></span> <span class='ocrx_word' id='word_1_289' title='bbox 656 2859 944 2928; x_wconf 80' lang='grc' dir='ltr'><strong><em>θρέψαντα</em></strong></span> <span class='ocrx_word' id='word_1_290' title='bbox 972 2859 1078 2928; x_wconf 78' lang='grc' dir='ltr'><strong><em>γὰρ</em></strong></span> <span class='ocrx_word' id='word_1_291' title='bbox 1107 2860 1168 2912; x_wconf 82' lang='grc' dir='ltr'><strong><em>ἐν</em></strong></span> <span class='ocrx_word' id='word_1_292' title='bbox 1196 2859 1422 2919; x_wconf 87' lang='grc' dir='ltr'><strong><em>ἐκείνοις</em></strong></span> <span class='ocrx_word' id='word_1_293' title='bbox 1452 2851 1680 2923; x_wconf 83' lang='grc' dir='ltr'><strong><em>ἰσχυρὸν</em></strong></span> <span class='ocrx_word' id='word_1_294' title='bbox 1708 2855 1768 2910; x_wconf 85' lang='grc' dir='ltr'><strong><em>τὸ</em></strong></span> <span class='ocrx_word' id='word_1_295' title='bbox 1802 2857 1919 2910; x_wconf 83' lang='grc' dir='ltr'><strong><em>ἐλε-</em></strong></span> 
     </span>
    </p>
   </div>
  </div>
 </body>
</html>
