1962 3236
646 149 1133 196 ΠοΛΙΤΕΙΑΣ
1162 142 1222 211 η’.
1671 148 1776 203 255

99 282 285 338 Ταῦτά
307 303 382 350 τε,
411 274 484 352 ἦν
513 278 564 336 δ’
599 280 723 352 ἐγώ,
757 281 846 335 καὶ
885 279 1086 351 σμικρὰ
1121 281 1305 338 τοιάδε
1336 281 1475 338 ἅλλα
1503 289 1787 355 γίγνεται·“

97 364 427 427 διδάσκαλός
447 384 503 417 τε
525 366 585 418 ἐν
603 368 678 435 τῷ
708 361 940 434 τοιούτῳ
970 362 1232 434 φοιτητὰς
1262 370 1512 436 φοβεῖται
1535 368 1626 421 καὶ
1655 375 1777 421 θω-

95 445 267 503 πεύει,
292 448 550 514 φοιτηταί
563 464 618 497 τε
640 442 991 497 διδασκάλων
1014 441 1399 514 ὀλιγωροῦσιν,
1433 445 1580 501 οὕτω
1606 447 1663 502 δὲ
1684 448 1778 503 καὶ

94 529 464 596 παιδαγωγῶν
478 546 490 556 ·
527 525 618 578 καὶ
638 521 780 588 ὅλως
809 523 981 592 οἱμὲν
999 529 1114 579 νέοι
1135 529 1524 598 πρεσβυτέροις
1543 526 1779 583 ἀπεικά-

94 611 276 673 ζονται
297 609 388 662 καὶ
408 610 801 676 διαμιλλῶνται
820 606 911 659 καὶ
941 606 999 660 ἐν
1028 606 1212 676 λόγοις
1231 610 1404 664 καὶέν
1423 613 1619 680 ἔργοις,
1640 613 1697 665 οἱ
1720 614 1779 666 δὲ

93 692 348 759 γέροντες
374 691 763 758 ξυγκαθιέντες
782 697 894 751 τοῖς
911 689 1057 751 νέοις
1086 687 1442 758 εὐτραπελίας
1472 714 1530 747 τε
1557 694 1649 748 καὶ
1677 714 1778 764 χα-

94 776 413 841 ριεντισμοῦ
442 773 826 840 ἐμπίπλανται,
852 768 1182 839 μιμούμενοι
1214 772 1346 836 τοὺς
1374 776 1553 844 νέους,
1579 778 1672 830 ἵνα
1704 774 1770 847 δὴ
1803 785 1837 827 Β

91 851 164 924 μὴ
188 857 429 907 δοκῶσιν
447 851 631 922 ἀηδεῖς
652 850 791 907 εἶναι
811 852 948 922 μηδὲ
978 854 1303 907 δεσποτικοί.
1339 854 1504 908 Πάνυ
1521 856 1625 926 μὲν
1653 852 1779 925 οὖν,

93 941 215 1007 ἔφη.
257 935 331 991 Τό
353 939 418 991 δέ
431 957 510 1005 γε,
530 929 603 1006 ἦν
620 932 674 990 δ’
695 933 818 1004 ἐγώ,
840 938 1084 1003 ἔσχατον,
1107 927 1153 989 ὦ
1171 939 1314 1005 φίλε,
1336 942 1431 1007 τῆς
1460 939 1781 1007 ἐλευθερίας

95 1025 195 1074 τοῦ
216 1018 490 1089 πλήθους,
514 1015 651 1073 ὅσον
674 1022 920 1087 γίγνεται
943 1018 1004 1072 ἐν
1022 1021 1089 1088 τῇ
1108 1017 1336 1090 τοιαύτῃ
1356 1018 1531 1082 πόλει,
1554 1017 1691 1075 ὅταν
1711 1019 1779 1092 δὴ

95 1103 152 1155 os
167 1103 467 1170 ἐωνημένοι
487 1102 575 1155 καὶ
598 1103 661 1155 αἱ
674 1102 981 1171 ἐωνημέναι
993 1100 1165 1171 μηδὲν
1185 1093 1354 1171 ἦττον
1373 1102 1662 1174 ἐλεύθεροι
1681 1099 1783 1161 ὦσι

95 1189 208 1236 τῶν
229 1184 564 1252 πριαμένων.
601 1184 660 1237 έν
678 1184 892 1252 γυναιξὶ
926 1182 985 1236 δὲ
1014 1181 1152 1252 πρὸς
1182 1181 1390 1252 ἄνδρας
1420 1187 1511 1240 καὶ
1541 1184 1784 1256 ἀνδράσι

93 1262 229 1332 πρὸς
261 1275 534 1333 γυναῖκας
562 1261 666 1334 ὅση
700 1261 734 1334 ἡ
774 1268 1029 1334 ἰσονομία
1064 1266 1154 1318 καὶ
1191 1266 1483 1333 ἐλευθερία
1520 1273 1782 1338 γίγνεται,

94 1341 292 1414 ὀλίγου
312 1342 691 1415 ἐπελαθόμεθ’
713 1349 900 1400 εἰπεῖν.
941 1342 1173 1399 Οὐκοῦν
1190 1344 1313 1401 κατ’
1334 1348 1633 1420 Αἰσχύλον,
1656 1354 1781 1421 ἔφη,

93 1430 331 1496 ἐροῦμεν
361 1425 394 1481 ὅ
431 1449 478 1480 τι
509 1433 618 1480 νῦν
652 1421 787 1497 ἦλθ’
821 1428 906 1482 ἐπὶ
933 1428 1132 1498 στόμα;
1169 1428 1334 1484 Πάνυ
1361 1451 1442 1500 γε,
1475 1428 1647 1486 εἷπον.
1685 1432 1779 1487 καὶ
1809 1439 1842 1482 0

94 1514 265 1578 ἔγωγε
286 1505 433 1562 οὕτω
455 1509 621 1578 λέγω·
653 1506 713 1563 τὸ
738 1508 840 1579 μὲν
868 1507 974 1579 γὰρ
1004 1517 1118 1565 τῶν
1145 1514 1365 1581 θηρίων
1392 1517 1505 1567 τῶν
1530 1509 1641 1567 ὑπὸ
1670 1525 1784 1578 τοῖς

93 1588 415 1658 ἀνθρώποις
435 1588 548 1663 ὅσῳ
571 1591 983 1661 ἐλευθερώτερά
1013 1594 1160 1647 ἐστιν
1190 1594 1440 1648 ἐνταῦθα
1467 1590 1503 1664 ἢ
1532 1596 1592 1649 ἐν
1620 1593 1782 1668 ἄλλῃ,

0 1736 1 1739 ¹
95 1669 198 1727 οὐκ
235 1669 309 1725 ἄν
345 1693 424 1736 τις
459 1676 709 1727 πείθοιτο
744 1671 978 1741 ἄπειρος.
1021 1670 1259 1744 ἀτεχνῶς
1285 1673 1392 1745 γὰρ
1430 1678 1492 1731 αἵ
1523 1697 1581 1732 τε
1618 1677 1785 1740 κύνες

0 1746 1 1779 3
98 1753 234 1808 κατὰ
256 1753 358 1824 τὴν
377 1758 679 1825 παροιμίαν
704 1749 918 1824 οἷαίπερ
938 1758 999 1810 αι’
1016 1757 1301 1811 δέσποιναι
1321 1761 1613 1826 γίγνονταί
1634 1779 1691 1812 τε
1713 1754 1781 1828 δὴ

95 1836 185 1890 καὶ
205 1837 362 1889 ἵπποι
380 1836 471 1888 καὶ
491 1832 630 1904 ὄνοι,
661 1835 812 1889 πάνυ
842 1838 1151 1907 ἐλευθέρως
1177 1839 1267 1892 καὶ
1292 1844 1507 1909 σεμνῶς
1535 1841 1784 1908 εἰθισμέ-

96 1938 183 1971 νοι
204 1916 564 1984 πορεύεσθαι,
578 1915 716 1971 κατὰ
727 1914 823 1981 τὰς
840 1913 1006 1982 ὁδούς
1025 1918 1389 1989 ἐμβάλλοντες
1407 1924 1482 1989 τῷ
1505 1917 1589 1975 ἀεὶ
1609 1915 1780 1974 ἀπαν-

95 2005 275 2067 τῶντι,
313 1997 412 2052 ἐὰν
447 1998 520 2069 μὴ
564 2001 857 2069 ἐξίστηται·
897 2001 987 2054 καὶ
1016 1995 1186 2055 τᾶλλα
1216 2000 1398 2055 πάντα
1432 1998 1580 2056 οὕτω
1609 1998 1780 2071 μεστοὶ
1812 2012 1849 2054 D

94 2081 413 2147 ἐλευθερίας
431 2086 692 2149 γίγνεται.
738 2080 811 2135 Τὸ
843 2080 978 2151 ἐμόν
997 2077 1071 2151 γ’,
1103 2086 1228 2152 ἔφη,
1264 2084 1380 2153 ἐμοὶ
1413 2082 1587 2151 λέγεις
1616 2080 1778 2151 ὄναρ·

94 2158 263 2224 αὐτὸς
287 2158 395 2230 γὰρ
422 2165 496 2224 εἰς
515 2157 694 2229 ἀγρὸν
713 2161 1087 2231 πορευόμενος
1115 2160 1273 2232 θαμὰ
1297 2160 1431 2217 αὐτὸ
1452 2163 1660 2233 πάσχω.
1704 2160 1779 2218 T&

97 2241 154 2297 δὲ
187 2239 252 2310 δὴ
285 2242 605 2310 κεφάλαιον,
636 2236 710 2313 ἦν
738 2241 946 2313 δ’ἐγτό,
978 2243 1206 2299 πάντων
1234 2245 1450 2300 τούτων
1479 2247 1783 2317 ξυνηθροι-

98 2323 315 2391 σμένων
334 2325 557 2392 ἐννοεῖς,
580 2321 650 2388 ὡς
670 2322 887 2396 ἁπαλὴν
904 2325 1007 2397 τὴν
1027 2326 1212 2397 ψυχὴν
1228 2333 1339 2382 τῶν
1359 2334 1600 2384 πολιτῶν
1620 2339 1780 2398 ποιεῖ,

100 2402 235 2459 ὥστε
275 2400 381 2459 κᾶν
417 2403 610 2461 ὁτιοῦν
635 2409 887 2472 δουλείας
916 2430 995 2472 τις
1025 2411 1419 2480 προσφέρηται,
1448 2408 1781 2480 άγανακτεῖν

100 2488 184 2540 καὶ
219 2486 291 2556 μὴ
325 2483 649 2556 ἆνε’χεσθαι;
687 2494 1042 2554 τελευτῶντες
1072 2491 1177 2560 γάρ
1209 2513 1320 2546 που
1350 2488 1502 2546 οἶσθ’
1538 2490 1620 2545 ὅτι
1650 2489 1782 2547 οὐδὲ

98 2574 211 2622 τῶν
248 2569 436 2638 νόμων
473 2574 825 2638 φροντίζουσι
862 2574 1257 2640 γεγραμμένων
1291 2568 1327 2642 ἢ
1362 2569 1654 2641 ἀγράφων,
1689 2574 1780 2626 ἵνα

102 2648 165 2719 δὴ
206 2653 430 2720 μηδαμῇ
466 2650 652 2720 μηδεὶς
690 2646 877 2715 αύτοῖς
915 2645 949 2723 ᾖ
985 2652 1264 2722 δεσπότης.
1316 2655 1425 2707 Καὶ
1463 2648 1616 2723 μάλ’,
1655 2656 1777 2723 ἔφη,

100 2730 234 2787 οἶδα.

239 2817 343 2867 XV.
395 2810 547 2883 Αὕτη
587 2816 689 2884 μὲν
722 2818 931 2882 τοίνυν,
970 2810 1041 2885 ἦν
1071 2813 1126 2869 δ’
1154 2813 1289 2886 ἐγώ,
1327 2807 1371 2870 ὦ
1401 2818 1543 2885 φίλε,
1574 2811 1608 2885 ἡ
1641 2811 1777 2884 άρχὴ
1813 2829 1846 2871 E
