1962 3236
671 124 1154 181 ΠοΛΙΤΕιΑΣ
1185 128 1244 196 η’.
1693 131 1798 184 239

110 270 433 342 φιλόθηρος.
467 267 620 324 ’Ἐστι
647 267 773 336 γάρ,
811 271 934 336 ἔφη,
974 270 1139 320 τοῦτο
1177 263 1237 320 τὸ
1273 259 1416 336 ἦθος
1452 269 1664 338 ἐκείνης
1698 273 1795 339 τῆς

110 356 399 415 πολιτείας.
433 348 662 406 Οὐκοῦν
681 348 772 403 καὶ
795 347 1106 418 χρημάτων,
1127 341 1201 417 ἦν
1233 346 1288 402 δ’
1318 346 1444 418 ἐγώ,
1477 345 1507 404 ὁ
1544 355 1793 415 τοιοῦτος

18 470 19 473 =
110 434 235 498 νέος
253 434 353 503 μὲν
375 455 455 486 ων
474 440 819 499 καταφρονοῖ
831 427 919 497 ἄν,
936 426 1050 502 ὅσω
1065 428 1123 483 δε
1136 428 1509 499 πρεσβύτερος
1527 435 1790 501 γίγνοιτο,
1824 443 1856 483 Β

110 520 324 584 μᾶλλον
345 510 426 568 ἀεὶ
448 506 792 577 ἀσπάζοιτο’“
758 532 828 564 αν
848 517 924 582 τῷ
949 531 1004 564 τε
1026 511 1269 581 μετέχειν
1286 516 1380 581 τῆς
1401 517 1505 566 τοῦ
1523 518 1791 583 φιλοχρη-

14 587 17 602 ⁹
109 596 288 666 μα’του
325 594 545 665 φύσεως
579 594 670 647 καὶ
703 591 776 661 μὴ
808 589 947 645 εἶναι
978 591 1274 662 εἰλικρινὴς
1306 589 1443 662 πρὸς
1470 589 1674 663 ἀρετὴν
1702 590 1791 647 διά

109 674 171 731 τὸ
209 674 622 744 ἀπολειφθῆναι
650 678 754 727 τοῦ
780 669 1009 739 ἀρίστου
1042 673 1318 741 φύλακος;
1354 678 1541 739 Τίνος;
1578 667 1615 744 ἦ
1649 672 1699 728 δ’
1734 670 1794 738 ὃς

110 755 139 812 ὁ
164 755 523 826 Ἀδείμαντος.
562 753 770 823 Λόγου,
798 747 870 822 ἦν
903 750 957 806 δ’
998 751 1123 822 ἐγώ,
1154 761 1392 826 μουσικῇ
1421 755 1791 825 κεκραμένου·

110 836 170 902 ὂς
195 838 379 907 μόνος
389 834 750 906 ἐγγενόμενος
781 834 963 904 σωτὴρ
989 832 1183 904 ἀρετῆς
1216 831 1304 888 διὰ
1334 839 1461 905 βίου
1487 837 1693 891 ἐνοικεῖ
1714 838 1791 908 τῷ

108 922 299 988 ἔχοντι.
337 923 553 985 Καλῶς,
583 921 707 986 ἔφη,
737 914 923 985 λέγεις.
962 916 1068 970 Καὶ
1100 918 1212 970 ἔστι
1242 918 1343 984 μέν
1374 913 1448 985 γ’,
1478 907 1551 986 ἦν
1582 914 1632 970 δ’
1666 915 1791 985 ἐγώ,

110 1006 358 1064 τοιοῦτος
376 996 404 1055 ὁ
426 996 810 1069 τιμοκρατικὸς
821 1001 1056 1066 νεανίας,
1070 1003 1138 1068 τῇ
1156 996 1385 1069 τοιαύτῃ
1405 996 1563 1052 πόλει
1582 996 1791 1061 ἐοικώς.

109 1081 274 1135 Πάνυ
310 1082 412 1151 μὲν
452 1074 573 1135 οὖν.
625 1084 879 1149 Γίγνεται
914 1078 975 1132 δέ
1007 1075 1077 1147 γ’,
1114 1075 1288 1147 εἷπον,
1321 1070 1483 1142 οὗτος
1523 1070 1635 1134 ωδέ
1660 1097 1792 1148 πως,
1820 1086 1852 1128 G

109 1164 282 1216 ἐνίοτε
318 1158 523 1230 πατρὸς
558 1158 784 1228 ἀγαθοῦ
821 1157 900 1213 ὧν
929 1161 1051 1223 νέος
1080 1157 1200 1224 υίὸς
1229 1161 1288 1214 ἐν
1317 1160 1474 1215 πόλει
1506 1164 1794 1224 οἰκοῦντος

110 1241 211 1297 οὐκ
234 1236 299 1297 εὖ
326 1241 740 1312 πολιτευομένῃ,
771 1238 1079 1310 φεύγοντος
1107 1240 1202 1304 τοὶς
1226 1262 1284 1295 τε
1313 1240 1471 1310 τιμὰς
1500 1243 1593 1296 καὶ
1624 1238 1795 1311 ἀρχὰς

91 1326 199 1379 ’καὶ
219 1327 372 1388 δίκας
390 1325 479 1378 καὶ
502 1320 605 1393 τὴν
632 1322 895 1418 τοιαύτην
927 1326 1112 1375 πᾶσαν
1137 1322 1673 1393 φιλοπραγμοσύνην
1704 1324 1796 1377 καὶ

109 1407 401 1468 ἐθέλοντος
421 1406 801 1471 ἐλαττοῦσθαι,
824 1400 964 1457 ω’στε
995 1401 1285 1473 πράγματα
1311 1402 1384 1474 μὴ
1404 1406 1560 1473 ἔχειν.
1594 1407 1687 1474 Πῇ
1706 1401 1792 1472 δή,

110 1490 233 1556 ἔφη,
262 1492 533 1556 γίγνεται;
558 1483 747 1556 ‘'Otav,
767 1478 839 1556 ἦν
859 1482 913 1540 δ’
935 1485 1061 1555 ἐγώ,
1092 1490 1314 1554 πρῶτον
1342 1507 1444 1555 μεν
1471 1491 1567 1556 τῆς
1588 1483 1796 1584 μητρὸς

110 1565 291 1638 ἀκούῃ
328 1565 656 1637 ἀχθομένης,
698 1566 782 1622 ὅτι
819 1565 887 1622 ού
924 1573 1035 1622 τῶν
1072 1564 1360 1636 ἀρχόντων
1400 1564 1540 1640 αὐτῇ
1579 1564 1608 1622 ὁ
1648 1563 1791 1637 ἀνήρ
1827 1576 1861 1617 D

109 1652 237 1717 ἐστι,
259 1650 349 1703 καὶ
364 1649 761 1720 ἐλαττουμένης
783 1648 872 1703 διά
897 1654 1069 1703 ταῦτα
1089 1651 1151 1704 ἐν
1170 1660 1283 1712 ταῖς
1303 1647 1494 1714 ἄλλαις
1523 1652 1793 1719 γυναιξίν,

110 1736 293 1787 ἔπειτα
330 1728 546 1801 ὁρώσης
589 1728 662 1801 μὴ
705 1731 926 1800 σφόδρα
964 1732 1088 1800 περὶ
1123 1731 1372 1801 χρήματα
1411 1731 1794 1797 σπουδάζοντα

110 1813 247 1883 μηδὲ
283 1811 596 1882 μαχόμενον
629 1813 720 1866 καὶ
752 1812 1185 1882 λοιδορούμενον
1215 1815 1327 1884 ἰδίᾳ
1358 1833 1415 1867 τε
1444 1814 1505 1867 ἐν
1535 1814 1795 1881 δικαστη-

10 1899 20 1907 ’
111 1901 249 1964 ριὀις
268 1894 358 1947 καὶ
378 1897 631 1965 δημοσίᾳ,
661 1891 800 1948 ἀλλά
830 1894 1102 1966 ῥᾳθύμως
1128 1894 1309 1949 πάντα
1336 1892 1403 1948 τά
1434 1900 1661 1949 τοιαῦτα
1692 1893 1795 1963 φέ-

110 1997 297 2045 ροντα,
315 1975 404 2029 καὶ
423 1975 599 2044 ἑαυτῷ
619 1973 720 2043 μὲν
749 1972 848 2028 τὸν
875 1981 1017 2029 νοῦν
1037 1976 1375 2045 προσέχοντα
1404 1971 1489 2030 ἀεὶ
1519 1973 1797 2045 αἰσθάνη-

108 2078 214 2125 ται,
236 2054 439 2126 ἑαυτὴν
459 2054 516 2110 δὲ
553 2054 686 2125 μήτε
727 2055 879 2110 πάνυ
909 2061 1149 2126 τιμῶντα
1178 2055 1313 2126 μήτε
1346 2053 1674 2127 ἀτιμάζοντα
1693 2077 1704 2087 ·
1742 2057 1796 2120 ἐξ

110 2134 374 2192 ἁπάντων
401 2135 618 2192 τούτων
647 2133 960 2207 ἀχθομένης
997 2159 1052 2192 τε
1078 2139 1169 2192 καὶ
1199 2137 1483 2208 λεγούσης,
1518 2135 1591 2202 ὥς
1619 2135 1796 2192 ἀναν-

110 2218 239 2287 δρός
258 2239 315 2273 τε
336 2215 488 2291 αὐτῷ
508 2215 537 2274 ὁ
556 2217 734 2289 πατὴρ
755 2222 844 2273 καὶ
862 2222 988 2274 λίαν
1008 2217 1309 2291 ἀνειμένος,
1331 2220 1423 2275 καὶ
1443 2218 1582 2275 ἄλλα
1602 2217 1668 2291 δὴ
1691 2217 1796 2274 ὅσα

109 2301 200 2355 καὶ
221 2294 307 2355 οἷα
328 2304 589 2370 φιλοῦσιν
618 2302 679 2355 αί
692 2312 951 2370 γυναῖκες
984 2303 1108 2372 περὶ
1138 2306 1251 2355 τῶν
1277 2300 1547 2356 τοιούτων
1578 2297 1789 2372 ὑμνεῖν.
1822 2318 1856 2360 Ε

111 2384 219 2437 Καὶ
235 2380 390 2451 μάλ’,
412 2386 518 2452 ἔφη
539 2380 567 2436 ὁ
596 2380 959 2454 Ἀδείμαντος,
982 2382 1160 2439 πολλά
1180 2404 1237 2438 τε
1256 2385 1348 2439 καὶ
1379 2380 1542 2454 ὅμοια
1562 2382 1794 2446 ἑαυταῖς.

114 2461 297 2518 Οἶσθα
327 2457 450 2533 οὖν,
482 2457 555 2533 ἦν
585 2461 636 2518 δ’
668 2463 845 2534 ἐγώ,
824 2463 909 2519 ότι
939 2466 1028 2520 καὶ
1060 2467 1117 2521 οἰ
1149 2467 1353 2520 οἰκέται
1375 2471 1491 2519 ταῖν
1527 2462 1797 2519 τοιούτων

112 2547 282 2599 ἐνίοτε
304 2542 490 2615 λάθρᾳ
509 2542 648 2614 πρὸς
668 2545 797 2609 τούς
817 2549 952 2611 υίεῖς
965 2553 1189 2601 τοιαῦτα
1202 2549 1478 2621 λέγουσιν,
1492 2549 1548 2600 οἰ
1565 2549 1799 2601 δοκοῦν·

111 2646 198 2691 τες
224 2618 377 2680 εὖνοι
397 2646 553 2695 ειναι,
576 2628 666 2680 καὶ
687 2626 783 2680 ἐάν
802 2647 924 2681 τινα
945 2624 1193 2682 ἴδωσιν”
1158 2650 1191 2698 η
1215 2625 1512 2699 ὀφείλοντα
1532 2626 1797 2699 χρήματα,

113 2699 158 2779 ᾦ
188 2706 261 2778 μὴ
292 2704 683 2777 ἐπεξέρχεται’
657 2730 687 2763 ο
719 2709 916 2779 πατήρ,
949 2708 983 2779 ἤ
1011 2731 1062 2763 τι
1093 2707 1226 2764 αλλο
1257 2706 1580 2780 ἀδικοῦντα,
1612 2711 1800 2765 διακε-

112 2786 423 2844 λεύονται”
389 2809 558 2860 οπως,
580 2788 851 2844 ἐπειδάν’
823 2789 964 2860 ανὴρ
984 2792 1225 2862 γένηται,
1258 2789 1626 2863 τιμωρήσεται
1656 2789 1799 2846 πάν-
