1962 3236
0 0 344 54 “V'W
361 0 425 67 ‘J-
447 0 577 44 ‘³⁸51‘
604 0 627 19 ,-
656 0 701 42 'i
732 0 761 14 μ
778 0 789 16 ,

597 128 1081 177 ΠΟΛΙΤΕΙΑΣ
1105 117 1160 174 ι’.
1618 123 1720 176 291

37 261 242 330 πότερα
262 264 439 318 ἐκεῖνο
462 258 598 316 αὐτὸ
618 259 679 316 τὸ
699 262 761 316 ἐν
779 266 844 333 τῇ
865 258 1031 329 φύσει
1059 259 1294 314 ἕκαστον
1312 261 1469 313 δοκεῖ
1491 274 1580 314 σοι
1604 261 1726 315 ἐπι-

35 355 240 415 χειρεῖν
270 350 561 414 μιμεῖσθαι
586 338 624 413 ἢ
653 340 720 396 τά
754 347 868 396 τῶν
904 343 1260 411 δημιουργῶν
1294 343 1452 410 ἔργα;
1495 337 1576 395 Τὰ
1611 347 1726 396 τιὸν

40 429 414 495 δημιουργῶν,
437 428 558 495 ἔφη.
608 416 741 489 ςΑρα
771 417 860 476 οἶα
890 426 1038 476 ἔστιν
1063 417 1100 492 ἦ
1124 417 1211 476 οἷα
1241 425 1523 490 φαίνεται,
1561 427 1727 476 τοῦτο

37 506 144 575 γὰρ
179 513 257 561 ἔτι
288 506 551 576 διόρισον.
591 509 723 567 Πῶς
752 504 951 572 λέγεις;
991 507 1113 573 ἔφη.
1143 496 1297 558 Ὧδε·
1333 507 1512 573 κλίνη,
1540 502 1640 559 ἐάν
1666 525 1726 560 τε

39 590 99 643 ἐκ
119 592 358 657 πλαγίου
378 583 556 657 αὐτὴν
577 591 686 657 θεᾷ
715 584 816 639 ἐάν
840 605 899 638 τε
918 582 1253 653 καταντικρὺ
1271 580 1307 655 ἢ
1328 581 1562 658 ὁπῃοῦν,
1582 582 1658 656 μή
1676 606 1728 639 τι

42 672 291 740 διαφέρει
313 666 452 738 αὐτὴ
474 668 685 737 ἑαυτῆς,
702 663 740 736 ἦ
761 668 1008 735 διαφέρει
1036 666 1138 736 μὲν
1168 662 1351 737 οὐδέν,
1383 671 1640 736 φαίνεται
1669 665 1729 722 δὲ

41 750 264 818 ἀλλοίας
299 750 390 806 καὶ
407 742 579 804 τᾶλλα
600 745 888 814 ὥσαύτως;
912 745 1126 817 Οὕτως,
1149 751 1253 819 ἔφη
1270 770 1280 779 ·
1314 753 1585 818 φαίνεται,
1608 751 1730 803 δια-

41 836 196 901 φέρει
217 830 268 886 δ’
293 828 475 886 οὐδέν.
521 835 698 885 Τοῦτο
731 828 796 899 δὴ
824 826 960 883 αὐτὸ
994 828 1210 884 σκόπει·
1252 829 1392 899 πρὸς
1423 829 1663 898 πότερον
1692 850 1724 899 η
1758 846 1790 886 Β

42 911 286 984 γραφικὴ
309 918 596 983 πεποίηται
614 914 738 980 περὶ
760 912 1020 977 ἕκαστονς
1059 911 1266 978 πότερα
1286 910 1426 981 πρὸς
1444 909 1504 966 τὸ
1536 909 1622 980 ὅν,
1657 908 1732 974 ὡς

48 1001 171 1065 ἔχει,
203 995 568 1066 μιμήσασθαι,
606 989 642 1063 ἢ
678 992 815 1064 πρὸς
852 990 912 1048 τὸ
953 991 1316 1063 φαινόμενον,
1349 989 1424 1057 ὦς
1453 997 1728 1063 φαίνεται,

49 1076 437 1147 φαντάσματος
472 1071 509 1146 ἦ
542 1072 806 1145 ἀληθείας
843 1067 984 1129 οὖσα
1018 1079 1265 1144 μίμησις;
1314 1075 1728 1145 Φαντάσματος,

42 1163 163 1228 ἔφη.
201 1157 408 1227 Πόρρω
439 1156 547 1226 ἄρα
576 1177 686 1210 που
713 1163 815 1211 τοῦ
843 1154 1093 1226 ἀληθοῦς
1120 1153 1152 1226 ἡ
1184 1155 1443 1227 μιμητική
1474 1158 1586 1212 ἐστι
1620 1162 1730 1227 καί,

46 1237 120 1303 ὥς
150 1244 310 1306 ἔοικε,
343 1236 433 1292 διὰ
463 1244 627 1292 τοῦτο
660 1237 838 1291 πάντα
880 1234 1256 1307 ἀπεργάζεται,
1292 1237 1377 1292 ὅτι
1404 1239 1642 1309 σμικρόν
1679 1259 1733 1293 τι

44 1322 277 1377 ἑκάστου
299 1319 612 1390 ἐφάπτεται,
641 1321 731 1375 καὶ
751 1325 914 1374 τοῦτο
937 1322 1182 1374 εἴδωλον.
1234 1314 1354 1374 οἷον
1373 1316 1402 1374 ὅ
1424 1320 1729 1390 ζωγράφος,

43 1406 245 1474 φαμέν,
280 1400 627 1473 ζωγραφήσει
646 1397 777 1471 ἡμῖν
796 1400 1162 1472 σκυτοτόμον,
1192 1403 1440 1472 τέκτονα,
1471 1403 1602 1467 τοὺς
1630 1401 1731 1458 ἄλ·-

46 1492 178 1550 λους
199 1483 587 1556 δημιουργούς,
609 1485 732 1552 περὶ
764 1480 995 1548 οὐδενὸς
1015 1482 1230 1539 τούτων
1258 1486 1463 1540 ἐπαΐων
1491 1491 1606 1539 τῶν
1641 1506 1732 1540 τε·-
1763 1502 1794 1544 G

43 1574 216 1638 χνιὸν·
254 1564 375 1621 ἀλλ’
418 1564 564 1635 ὅμως
594 1564 794 1630 παῖδάς
823 1587 881 1620 τε
910 1566 1002 1621 καὶ
1023 1566 1276 1635 ἄφρονας
1296 1564 1654 1638 ἀνθρώπους,
1687 1571 1738 1622 εἰ

46 1646 261 1719 ἀγαθὸς
285 1656 367 1718 εἴη
391 1646 695 1718 ζωγράφος,
716 1647 933 1718 γράψας
952 1645 1025 1702 ἂν
1043 1650 1272 1703 τέκτονα
1304 1649 1397 1704 καὶ
1430 1647 1734 1719 πόρρωθεν

44 1730 355 1795 ἐπιδεικνὺς
395 1732 644 1803 ἐξαπατῷ
684 1725 756 1784 ἂν
792 1736 870 1802 τῷ
912 1734 1096 1785 δοκεῖν
1135 1727 1208 1794 ὦς
1244 1728 1470 1802 ἀληθῶς
1503 1734 1733 1786 τέκτονα

48 1811 202 1867 εἶναι.
248 1817 318 1866 Τί
344 1809 393 1866 δ’
430 1810 526 1875 οῦς
562 1809 720 1866 Ἀλλά
746 1810 874 1881 γάρ,
902 1810 1067 1882 οἶμαι,
1098 1806 1143 1866 αἶ
1166 1817 1310 1882 φίλε,
1335 1811 1463 1868 τόδε
1495 1816 1583 1868 δεῖ
1608 1816 1734 1884 περὶ

47 1892 276 1948 πάντων
308 1898 422 1947 τῶν
458 1891 728 1947 τοιούτων
779 1895 1148 1947 διανοεῖσθαι·
1207 1891 1430 1948 ἐπειδάν
1478 1915 1558 1958 τις
1601 1891 1735 1966 ἡμῖν

48 1972 363 2046 ἀπαγγέλλῃ
394 1979 523 2042 περί
548 1996 666 2042 του,
700 1971 773 2039 ὡς
804 1977 1055 2044 ἐνέτυχεν
1084 1972 1373 2049 ἀνθρώπῳ
1403 1972 1582 2040 πάσας
1613 1979 1734 2032 ἐπι-

46 2059 295 2129 σταμένῳ
319 2054 415 2120 τὰς
436 2059 792 2125 δημιουργίας
822 2057 913 2110 καὶ
944 2050 1113 2111 τᾶλλα
1145 2056 1343 2126 πάντα,
1365 2054 1469 2112 ὅσα
1500 2053 1576 2122 εἷς
1603 2058 1735 2113 ἕκα-

46 2155 172 2203 στος
191 2137 357 2205 οἶδεν,
380 2135 547 2194 οὐδὲν
565 2136 597 2193 ὅ
616 2160 667 2192 τι
688 2135 807 2208 οὐχὶ
828 2136 1221 2210 ἀκριβέστερον
1242 2136 1485 2195 ὁτουοῦν
1510 2142 1732 2196 ἐπιστα-
1763 2159 1798 2201 1)

45 2222 210 2292 μένῳ,
231 2217 649 2290 ὑπολαμβάνειν
669 2223 757 2275 δεῖ
777 2226 854 2294 τῷ
882 2220 1134 2295 τοιούτῳ,
1167 2218 1254 2276 ὅτι
1282 2217 1493 2292 εὐήθης
1525 2243 1607 2287 τις
1630 2221 1733 2277 ἄν·

51 2309 293 2369 θρωπος,
325 2305 434 2368 καί,
467 2297 540 2365 ὥς
570 2305 766 2371 ἔοικεν,
798 2302 1044 2374 ἐντυχών
1075 2303 1239 2375 γόητί
1263 2326 1372 2360 τινι
1407 2306 1500 2360 καὶ
1527 2312 1734 2377 μιμητῇ

46 2381 388 2453 ἐξηπατήθη,
429 2380 568 2437 ὥστε
605 2386 791 2449 ἔδοξεν
828 2381 978 2457 αὐτῷ
1020 2384 1314 2456 πάσσοφος
1350 2383 1506 2456 εἶναι,
1542 2384 1632 2443 διὰ
1669 2386 1730 2443 τὰ

47 2461 213 2527 αὐτὸς
248 2462 321 2534 μὴ
351 2459 464 2528 οἷός
493 2461 540 2518 τ’
575 2462 714 2519 εἶναι
755 2466 1058 2537 ἐπιστήμην
1087 2468 1179 2523 καὶ
1210 2465 1733 2541 ἀνεπιστημοσύνην

46 2547 136 2601 καὶ
168 2550 395 2615 μίμησιν
426 2541 683 2609 ἐξετάσαι.
717 2542 1102 2617 Ἀληθέστατα,
1134 2552 1256 2619 ἔφη.

188 2630 270 2680 111.
333 2626 588 2694 Οὐκοῦν,
624 2621 697 2698 ἦν
734 2627 788 2683 δ’
821 2628 956 2700 ἐγώ,
994 2628 1129 2700 μετὰ
1175 2637 1340 2685 τοῦτο
1378 2632 1734 2688 ἐπισκεπτέον

44 2708 147 2780 τήν
196 2730 251 2764 τε
307 2712 620 2782 τραγῳδίαν
664 2709 756 2765 καὶ
808 2710 907 2765 τόν
958 2708 1207 2782 ἡγεμόνα
1254 2710 1423 2783 αὐτῆς
1466 2711 1731 2785 Ὅμηρον,

45 2790 231 2861 ἐπειδή
278 2812 447 2846 τινων
496 2790 803 2863 ἀκούομεν,
842 2791 927 2849 ὅτι
962 2786 1118 2849 οὗτοι
1165 2793 1342 2860 πάσας
1388 2794 1491 2866 μὲν
1541 2797 1733 2868 τέχνας

1383 2874 1475 2922 19¹⁸
