1962 3236
242 2 279 11 ..-
302 0 331 15 I
354 0 362 4 ·
407 0 409 2 ·
446 0 501 22 ‘'u-'⁵⁴
527 0 574 10 ¹⁷4
630 0 645 7 ἢ
678 0 699 4 ”
867 0 907 18 '-

567 160 1052 209 ΠΟΛΙΤΕΙΑΣ
1080 152 1143 223 β.
1254 147 1257 148 ’
1631 159 1697 212 41

16 301 182 368 μοσίᾳ
211 298 629 366 περιγίγνεσθαι
646 294 740 349 καὶ
759 299 1108 349 πλεονεκτεῖν
1125 298 1239 348 τῶν
1255 295 1475 365 ἐχθρῶν
1489 336 1503 364 ,
1534 301 1701 351 πλεο-

19 383 323 432 νεκτοῦντα
355 379 415 433 δὲ
442 381 701 431 πλουτεῖν
727 376 820 431 καὶ
852 372 984 439 τούς
1010 393 1070 429 τε
1099 377 1299 444 φίλους
1325 367 1391 430 εὖ
1409 386 1589 431 ποιεῖν
1608 378 1699 432 καὶ

18 457 149 522 τούς
166 454 406 528 ἐχθρούς
424 456 717 528 βλάπτειν,
750 456 840 512 καὶ
860 463 1015 520 θεοῖς
1032 459 1236 521 θυσίας
1253 457 1344 512 καὶ
1364 453 1699 529 ἀναθήματα
1730 469 1761 513 G

19 542 223 604 ἱκαναῖς
252 540 343 594 καὶ
371 543 802 609 μεγαλοπρεπῶς
831 537 1000 592 θύειν
1026 558 1086 593 τε
1102 538 1193 593 καὶ
1214 534 1568 604 άνατνθέναι,
1607 539 1702 594 καὶ

18 619 356 690 θεραπεύειν
374 625 477 674 τοῦ
497 621 715 674 δικαίου
732 619 876 674 πολὺ
896 617 1124 689 ἄμεινον
1141 618 1271 685 τοὺς
1288 619 1461 686 θεοὺς
1479 622 1570 676 καὶ
1589 626 1701 675 τῶν

20 701 343 772 ἀνθρώπων
383 696 483 765 οὓς
518 696 591 754 ἄν
626 699 921 771 βούληται,
970 698 1107 757 ὥστε
1142 703 1234 758 καὶ
1268 704 1702 773 θεοφιλέστερον

20 783 195 840 αὐτὸν
221 782 360 839 εἶναι
390 787 604 853 μᾶλλον
633 781 937 853 προσήκειν
968 785 1027 837 ἐκ
1047 789 1160 838 τῶν
1180 784 1412 840 εἰκότων
1437 781 1474 855 ἢ
1496 784 1597 841 τὸν
1617 789 1703 840 δί-

19 887 195 922 καιον.
216 863 365 920 οὕτω
385 869 574 935 φασίν,
599 856 645 918 ὦ
661 863 975 933 Σώκρατες,
997 862 1146 934 παρὰ
1167 872 1321 919 θεῶν
1340 867 1430 920 καὶ
1452 865 1576 935 παρ’
1598 864 1703 921 ἆν-

20 947 271 1018 θρώπων
291 953 369 1020 τῷ
387 946 560 1020 ἀδίκῳ
582 945 1035 1017 παρεσκευάσθαι
1064 942 1164 1002 τὸν
1180 951 1306 1018 βίον
1325 945 1554 1017 ἄμεινον
1572 943 1609 1018 ἦ
1626 954 1704 1021 τῷ

22 1032 228 1101 δικαίῳ.

161 1113 240 1163 Vl.
284 1107 453 1164 Ταῦτ’
487 1110 738 1174 εἰπόντος
763 1116 864 1164 τοῦ
884 1109 1245 1178 Γλαύκωνος,
1284 1107 1390 1179 ἐγώ
1421 1107 1524 1180 μὲν
1542 1111 1604 1164 ἐν
1621 1115 1704 1182 νῷ
1737 1127 1769 1168 D

21 1189 169 1260 εἶχόν
187 1213 238 1245 τι
257 1192 437 1260 λε’γειν
455 1188 595 1260 πρὸς
618 1196 810 1260 ταῦτα,
834 1187 863 1246 ὁ
884 1189 942 1245 δὲ
963 1187 1202 1260 άδελφός
1224 1188 1401 1245 αὐτοῦ
1420 1188 1705 1261 Ἀδείμαν-

19 1294 138 1342 τος,
179 1272 266 1329 Οὔ
284 1277 341 1327 τί
354 1294 464 1327 που
486 1280 588 1329 οίει
602 1315 617 1342 ,
647 1277 752 1343 ἔφη
767 1316 782 1343 ,
817 1267 861 1328 ὦ
880 1273 1203 1343 Σώκρατες,
1225 1276 1430 1337 [κανῶς
1448 1277 1706 1343 εἰρῆσθαι

20 1356 144 1425 περὶ
163 1360 264 1411 τοῦ
286 1354 483 1426 λόγους
517 1351 675 1409 Ἀλλά
698 1359 755 1409 τί
764 1355 899 1425 μήν;
941 1353 1112 1410 εἶπον.
1165 1351 1322 1409 Αὐτό
1336 1397 1349 1420 ,
1369 1346 1405 1425 ἦ
1425 1352 1481 1408 δ’
1502 1353 1579 1420 ὅς,
1602 1353 1706 1409 οῦκ

20 1444 230 1507 εἴρηται
249 1433 283 1490 ὃ
306 1436 540 1507 μάλιστα
562 1439 672 1491 ἔδει
689 1438 948 1507 ῥηθῆναι.
1018 1434 1275 1507 Οὐκοῦν,
1306 1428 1378 1507 ἦν
1400 1432 1454 1491 δ’
1476 1438 1611 1507 ἐγώ,
1641 1434 1701 1490 τὸ

20 1517 353 1588 λεγόμενον,
376 1516 619 1588 ἀδελφὸς
642 1514 803 1589 α’νδρὶ
826 1524 1048 1589 παρείη·
1084 1516 1222 1573 ὥστε
1241 1519 1331 1573 καὶ
1352 1517 1451 1588 σύ,
1475 1525 1590 1573 εἴτι
1611 1516 1708 1573 ὅδε

19 1601 271 1668 ἐλλείπει,
293 1599 551 1670 ἐπάμυνε.
587 1605 762 1655 καίτοι
781 1602 875 1671 ἐμέ
902 1622 964 1671 γε
985 1598 1149 1656 ἱκανὰ
1169 1601 1260 1656 καὶ
1279 1597 1345 1655 τὰ
1366 1597 1478 1655 ὑπὸ
1500 1599 1707 1654 τούτου

22 1682 265 1751 ρηθέντα
284 1688 686 1737 καταπαλαῖσαι
705 1683 793 1737 καὶ
814 1680 1094 1738 ἀδύνατον
1112 1689 1337 1754 ποιῆσαι
1356 1688 1591 1754 βοηθεῖν
1622 1685 1708 1736 δι·-

20 1761 306 1835 καιοσύνῃ.
344 1765 435 1819 καὶ
455 1762 545 1834 ὅς,
582 1762 795 1835 Οὐδέν,
827 1768 960 1835 ἔφη,
992 1767 1191 1835 λέγεις,
1223 1763 1347 1819 ἀλλ’
1372 1770 1450 1820 ἔτι
1468 1765 1558 1819 καὶ
1577 1762 1707 1818 τάδε
1735 1775 1768 1816 Ε

20 1843 193 1899 ἄκουε
209 1865 220 1875 ·
261 1847 349 1899 δεῖ
369 1844 476 1914 γὰρ
507 1849 750 1901 διελθεῖν
775 1843 917 1917 ἡμᾶς
938 1847 1027 1902 καὶ
1047 1844 1179 1910 τούς
1198 1848 1484 1910 ἐναντίους
1504 1845 1707 1915 λόγους

24 1919 105 1981 ὦν
124 1923 220 1980 ὅδε
241 1924 410 1996 εἶπεν,
450 1933 505 1982 οἳ
522 1928 881 1999 δικαιοσύνην
900 1929 1003 1999 μὲν
1021 1930 1346 1983 ἐπαινοῦσιν
1360 1971 1373 1997 ,
1406 1927 1628 1983 ἀδικίαν
1649 1927 1710 1982 δὲ

21 2010 314 2077 ψέγουσιν,
334 2005 413 2063 ἵν’
435 2003 472 2080 ᾖ
491 2011 834 2081 σαφέστερον
855 2009 889 2065 ὅ
908 2033 1001 2081 μοι
1021 2014 1179 2066 δοκεῖ
1193 2009 1503 2083 βούλεσθαι
1520 2007 1710 2065 Γλαύ-

21 2109 155 2146 κων.
190 2093 412 2160 λέγουσι
434 2092 499 2146 δε’
514 2111 624 2146 που
645 2095 734 2147 καὶ
756 2091 1227 2161 παρακελεύονται
1243 2095 1470 2161 πατέρες
1488 2112 1546 2146 τε
1566 2093 1710 2147 υἱέσι

22 2171 114 2225 καὶ
134 2170 335 2236 πάντες
356 2175 412 2227 οἱ
427 2179 597 2227 τινῶν
616 2172 938 2245 κηδόμενοι,
962 2170 1034 2239 ὥς
1051 2172 1153 2245 χρὴ
1175 2178 1392 2230 δίκαιον
1413 2171 1580 2243 εἶναι,
1604 2168 1707 2227 οὐκ
1740 2187 1828 2234 363

26 2247 163 2307 αὐτὸ
195 2252 558 2325 δικαιοσύνην
586 2257 971 2326 ἐπαινοῦντες,
1011 2254 1151 2311 ἀλλὰ
1182 2253 1279 2321 τὰς
1299 2253 1400 2311 ἀπ’
1424 2252 1594 2325 αὐτῆς
1614 2250 1712 2308 εὐ-

26 2333 364 2404 δοκιμήσεις,
401 2337 495 2390 ἳνα
526 2338 787 2392 δοκοῦντι
813 2341 1005 2410 δικαίῳ
1039 2336 1177 2393 εἶναι
1205 2342 1456 2409 γίγνηται
1476 2335 1584 2391 ἀπὸ
1615 2341 1709 2408 τῆς

26 2413 189 2483 δόξης
218 2411 380 2484 ἀρχαί
408 2436 464 2470 τε
495 2418 584 2471 καὶ
614 2418 781 2489 γάμοι
810 2422 901 2475 καὶ
933 2419 1144 2490 ὅσαπερ
1174 2419 1449 2475 Γλαύκων
1481 2422 1713 2489 διῆλθεν

24 2493 149 2563 ἄρτι
170 2491 278 2549 ἀπὸ
299 2502 401 2549 τοῦ
421 2493 729 2568 εὐδοκιμεῖν
742 2499 876 2555 ὄντα
895 2508 972 2574 τῷ
990 2499 1176 2575 ἀδίκῳ,
1203 2503 1289 2557 ἐπὶ
1303 2505 1473 2557 πλέον
1487 2503 1544 2556 δὲ
1559 2491 1714 2554 οὗτοι

22 2575 91 2631 τὰ
121 2582 235 2630 τῶν
265 2579 441 2641 δοξῶν
469 2580 714 2648 λέγουσι·
747 2579 843 2645 τὰς
862 2582 970 2651 γάρ
990 2582 1140 2653 παρὰ
1160 2589 1315 2640 θεῶν
1335 2581 1715 2652 εὐδοκιμήσεις

21 2657 387 2729 ἐμβάλλοντες
397 2657 627 2729 ἄφθονα
641 2664 823 2731 ἔχουσι
836 2666 1013 2733 λέγειν
1026 2662 1233 2734 ἀγαθά,
1247 2675 1360 2728 τοῖς
1371 2661 1541 2728 ὁσίοις
1552 2661 1589 2717 ἅ
1602 2684 1714 2733 φα-

22 2754 80 2795 σι
96 2738 267 2803 θεοὺς
287 2739 502 2796 διδόναι
515 2783 529 2810 ,
551 2740 735 2811 ὥσπερ
755 2740 785 2799 ὁ
805 2758 1056 2813 γενναῖος
1072 2744 1332 2810 Ἡσίοδός
1355 2766 1414 2801 τε
1434 2745 1523 2800 καὶ
1538 2742 1714 2815 Ὅμη-

25 2817 120 2893 ρός
142 2838 331 2891 φασιν,
352 2818 382 2877 ὁ
404 2824 507 2893 μὲν
534 2822 631 2888 τὰς
654 2828 790 2895 δρῦς
815 2837 926 2891 τοῖς
946 2831 1174 2893 δικαίοις
1193 2824 1324 2892 τούς
1342 2827 1516 2891 θεοὺς
1535 2837 1713 2882 ποιεῖν
1747 2841 1778 2882 Β
