1962 3236
254 176 359 228 350
885 178 1359 227 ΠΛΑΤΩΝΟΣ
1874 189 1934 232 32

253 311 511 382 καθαρὸν
532 315 763 381 διηθεῖν.
802 308 937 364 ὅταν
967 302 1072 365 οὖν
1100 310 1477 383 μεθημερινὸν
1504 306 1542 384 ᾗ
1569 321 1688 384 φῶς
1713 319 1836 385 περὶ
1867 315 1927 371 τὸ

251 400 346 463 τῆς
366 392 544 459 ὅψεως
563 395 756 463 ῥεῦμα,
777 390 891 447 τότ’
916 396 1179 448 ἐκπῖπτον
1197 392 1394 464 ὅμοιον
1418 393 1557 467 πρὸς
1576 395 1790 468 ὅμοιον,
1804 401 1932 468 ξυμ·

251 476 419 544 παγὲς
455 473 777 545 γενόμενον,
809 475 872 527 ἓν
904 478 1061 545 σῶμα
1094 476 1383 531 οἰκειωθὲν
1401 480 1635 549 συνέστη
1667 480 1802 535 κατὰ
1830 479 1935 552 τὴν

253 563 361 611 τῶν
381 555 645 625 ὀμμάτων
673 553 1011 626 εὐθυωρίαν,
1032 554 1245 628 ὅπῃπερ
1279 552 1351 612 ἀν
1378 557 1662 657 ἀντερείδη
1679 559 1740 615 τὸ
1762 581 1931 633 προς-

251 649 450 692 πῖπτον
465 641 699 692 ἒνδοθεν
718 637 855 708 πρὸς
874 635 905 692 ὃ
920 659 1034 692 των
1045 641 1145 703 ἐξω
1168 640 1484 695 συνέπεσεν.
1507 637 1841 710 ὁμοιοπαθὲς
1861 641 1926 712 δὴ

251 717 323 773 δι’
351 716 643 790 ὁμοιότητα
664 725 778 774 πάν
795 714 1117 790 γενόμενον,
1136 719 1269 775 ότου
1288 741 1346 775 τε
1363 717 1434 775 ἀν
1463 719 1600 777 αὐτό
1629 743 1760 778 ποτε
1789 723 1931 794 ἐφά-

187 809 222 850 Β
252 819 447 876 πτηται
466 801 554 855 καὶ
575 797 608 856 ὂ
625 796 696 856 ἀν
717 799 850 855 άλλο
878 803 1110 869 ἐκείνου,
1140 801 1355 857 τούτων
1373 800 1468 866 τάς
1487 803 1730 874 κινήσεις
1751 807 1931 860 διαδι-

252 881 352 938 δόν
369 887 446 948 εἰς
457 882 607 938 ἅπαν
626 881 686 937 τὸ
707 888 863 953 σῶμα
882 885 1036 953 μέχρι
1048 889 1142 953 τῆς
1161 890 1336 954 ψυχῆς
1355 891 1619 954 αἴσθησιν
1634 887 1931 956 παρέσχετο

249 963 474 1035 ταύτην,
497 957 534 1034 ᾗ
555 963 620 1034 δὴ
654 960 794 1037 ὁρᾷν
823 967 1020 1034 φαμέν,
1053 961 1398 1029 ἀπελθόντος
1427 967 1488 1021 δὲ
1518 971 1593 1030 εἰς
1622 965 1798 1021 νύκτα
1828 971 1929 1021 τοῦ

251 1048 554 1114 ξυγγενοῦς
574 1043 749 1114 πυρὸς
768 1043 1154 1115 ἀποτέτμηται·
1195 1045 1331 1117 πρὸς
1349 1044 1456 1117 γάρ
1488 1044 1756 1117 ἀνόμοιον
1783 1044 1931 1112 ἐξιὸν

249 1126 572 1182 ἀλλοιοῦταί
596 1148 654 1181 τε
682 1125 817 1181 αὐτὸ
850 1128 941 1181 καὶ
978 1129 1431 1198 κατασβέννυται,
1470 1131 1712 1230 ξυμφυὲς
1749 1127 1932 1183 οὐκέτι

248 1214 323 1282 τῷ
346 1212 579 1279 πλησίον
606 1207 724 1279 ἀέρι
742 1207 1092 1279 γιγνόμενον,
1114 1229 1209 1264 ατε
1242 1215 1356 1280 πῦρ
1388 1230 1491 1264 ουκ
1521 1214 1710 1279 ἔχοντι.
1757 1208 1927 1263 παύε-

248 1296 340 1346 ταί
351 1312 407 1346 τε
430 1293 538 1345 οὐν
555 1287 723 1359 ὁρων,
745 1293 820 1344 ἔτι
835 1311 893 1345 τε
913 1290 1202 1359 ἐπαγωγὸν
1231 1289 1416 1345 ὕπνου
1445 1296 1708 1360 γίγνεται·
1748 1307 1929 1359 σωτη-

251 1378 377 1443 ρίαν
406 1372 512 1442 γὰρ
544 1369 616 1442 ἢν
648 1374 706 1426 οι
737 1373 860 1427 θεοὶ
890 1377 984 1442 τῆς
1010 1370 1190 1438 ὄψεως
1218 1372 1648 1443 ἐμηχανήσαντο,
1682 1370 1785 1442 τὴν
1812 1393 1930 1426 των

178 1466 210 1506 Ε
251 1453 552 1525 βλεφάρων
572 1453 763 1523 φύσιν,
785 1452 920 1507 ὅταν
938 1459 1110 1508 ταῦτα
1131 1453 1404 1524 ξυμμύσῃ,
1435 1458 1799 1522 καθείργνυσι
1828 1450 1931 1521 τὴν

248 1541 351 1591 τοῦ
370 1533 548 1606 πυρὸς
570 1533 723 1598 ἐντὸς
743 1533 1000 1605 δύναμιν,
1026 1532 1060 1605 ἡ
1081 1533 1139 1589 δὲ
1169 1537 1342 1604 διαχεῖ
1356 1555 1413 1589 τε
1443 1536 1531 1589 καὶ
1552 1533 1816 1604 ὁμαλύνει
1835 1531 1931 1597 τάς

249 1618 401 1682 ἐντὸς
429 1618 687 1689 κινήσεις,
720 1616 1147 1688 ὁμαλυνθεισῶν
1168 1617 1226 1672 δὲ
1254 1615 1451 1686 ἡσυχία
1480 1621 1739 1686 γίγνεται,
1768 1637 1930 1686 γενο-

248 1704 414 1771 μένης
443 1702 500 1756 δὲ
538 1706 741 1770 πολλῆς
770 1702 870 1770 μὲν
888 1696 1114 1770 ἡσυχίας
1133 1699 1528 1770 βραχυόνειρος
1555 1697 1729 1761 ὕπνος
1769 1700 1927 1767 ἐμπί-

249 1802 384 1851 πτει,
422 1787 900 1851 καταλειφθεισῶν
925 1784 986 1835 δέ
1002 1802 1170 1836 τινων
1190 1780 1464 1851 κινήσεων
1498 1778 1780 1850 μειζόνων,
1819 1774 1926 1834 οἷαι

167 1877 224 1922 46
252 1865 342 1918 καὶ
355 1864 415 1918 ἐν
436 1866 568 1927 οἵοις
588 1859 658 1918 ἀν
677 1861 863 1926 τόποις
875 1867 1184 1932 λείπωνται,
1198 1868 1422 1918 τοιαῦτα
1434 1865 1522 1917 καὶ
1542 1868 1780 1918 τοσαῦτα
1793 1879 1925 1929 παρ-

251 1945 475 2013 έσχοντο
508 1942 938 2013 ἀφομοιωθέντα
972 1943 1125 2007 ἐντός
1156 1946 1255 2008 ἔξω
1274 1964 1331 1997 τε
1351 1946 1658 2014 ἐγερθεῖσιν
1677 1940 1927 2011 ἀπομνη-

248 2026 598 2096 μονευόμενα
616 2023 993 2095 φαντάσματα.
1033 2022 1092 2079 τὸ
1122 2026 1180 2079 δὲ
1200 2027 1322 2094 περὶ
1351 2022 1452 2093 τὴν
1471 2029 1581 2078 τῶν
1602 2023 1925 2093 κατόπτρων

250 2112 647 2175 εἰδωλοποιίαν,
679 2109 771 2162 καὶ
803 2107 982 2161 πάντα
1017 2105 1118 2162 ὅσα
1149 2109 1365 2176 ἐμφανῆ
1395 2107 1483 2160 καὶ
1519 2112 1652 2175 λεῖα,
1685 2109 1926 2159 κατιδεῖν

251 2186 417 2242 οὐδεν
445 2192 521 2242 ἔτι
539 2187 794 2257 χαλεπόν.
835 2190 893 2241 ἐκ
917 2185 1023 2258 γάρ
1051 2191 1148 2256 τῆς
1178 2184 1330 2249 ἐντὸς
1360 2185 1512 2249 ἐκτός
1536 2206 1593 2239 τε
1623 2191 1723 2239 τοῦ
1748 2184 1925 2253 πυρὸς

251 2272 512 2364 ἑκατέρου
534 2274 825 2331 κοινωνίας
845 2265 1116 2337 ἀλλήλοις,
1150 2267 1275 2330 ἑνός
1303 2288 1361 2321 τε
1393 2288 1464 2320 αυ
1495 2267 1619 2337 περὶ
1646 2265 1748 2335 τὴν
1777 2266 1926 2320 λειό-

248 2371 381 2420 τητα
402 2349 656 2404 ἑκάστοτε
676 2350 980 2418 γενομένου
1011 2349 1100 2402 καὶ
1136 2353 1382 2418 πολλαχῇ
1401 2349 1925 2417 μεταρρυθμισθέν-

188 2451 218 2491 Β
251 2452 359 2499 τος,
381 2429 561 2484 πάντα
580 2430 645 2484 τά
666 2436 890 2484 τοιαῦτα
908 2431 960 2493 ἐξ
981 2427 1220 2499 ἀνάγκης
1239 2431 1574 2498 ἐμφαίνεται,
1597 2433 1698 2482 τοῦ
1718 2429 1842 2497 περὶ
1860 2424 1920 2480 τό

251 2513 551 2579 πρόσωπον
572 2511 747 2583 πυρὸς
767 2517 842 2584 τῷ
872 2512 994 2580 περὶ
1012 2509 1113 2580 τήν
1134 2510 1265 2576 ὄψιν
1284 2513 1416 2580 πυρὶ
1437 2512 1558 2583 περὶ
1587 2509 1648 2565 τὸ
1670 2517 1816 2565 λεῖον
1834 2511 1924 2563 καὶ

249 2593 504 2665 λαμπρὸν
524 2597 841 2664 ξυμπαγοῦς
859 2593 1208 2663 γιγνομένου.
1251 2589 1396 2656 δεξιὰ
1418 2591 1476 2646 δὲ
1509 2590 1832 2661 φαντάζεται
1854 2586 1920 2642 τά

246 2675 525 2747 ἀριστερά,
548 2674 632 2731 ὅτι
651 2686 762 2739 τοῖς
781 2677 1048 2739 ἐναντίοις
1066 2676 1251 2745 μέρεσι
1269 2680 1363 2744 τῆς
1384 2671 1561 2739 ὄψεως
1580 2672 1701 2741 περὶ
1719 2666 1922 2724 τάναν-

250 2764 332 2812 τία
352 2761 488 2829 μέρη
509 2764 752 2828 γίγνεται
772 2755 952 2827 ἐπαφὴ
969 2756 1115 2828 παρά
1131 2757 1191 2811 τὸ
1215 2753 1483 2819 καθεστὸς
1504 2759 1631 2816 ἔθος
1651 2757 1745 2822 τῆς
1764 2771 1921 2818 προς-

249 2844 439 2909 βολῆς·
492 2838 636 2904 δεξιὰ
670 2842 728 2894 δὲ
756 2838 821 2894 τά
853 2837 998 2903 δεξιὰ
1031 2836 1203 2893 καὶτὰ
1225 2835 1482 2907 ἀριστερὰ
1511 2831 1768 2903 ἀριστερὰ
1790 2831 1922 2887 τού-
