1962 3236
646 163 1126 211 ΠΟΛΙΤΕΙΑΣ
1156 155 1215 209 α’.
1697 160 1766 212 21

89 300 180 352 τοί
193 312 279 366 σε,
318 300 426 366 ἔφη
439 338 453 363 ,
498 299 815 365 κορυζῶντα
834 300 1068 366 περιορᾷ
1086 294 1177 349 καὶ
1198 291 1305 348 οὐκ
1324 288 1626 364 απομυττει
1644 295 1768 351 δεό-

91 398 280 448 μενον,
300 375 362 441 ὅς
374 398 436 447 γε
456 376 595 449 αὐτῇ
614 374 746 432 οὐδὲ
764 375 1013 447 πρόβατα
1032 372 1163 431 οὐδὲ
1177 379 1412 446 ποιμένα
1427 373 1766 445 γιγνώσκεις.

77 457 194 515 Ὅτι
225 457 292 529 δὴ
322 463 380 514 τί
401 458 664 527 μάλιστα;
702 450 775 527 ἦν
803 455 855 512 δ’
889 457 1010 527 ἐγώ.
1054 454 1172 512 Ὅτι
1201 464 1305 512 οἴει
1337 455 1469 519 τούς
1504 457 1768 526 ποιμένας

91 537 274 611 ἢτοὺς
290 539 602 610 βουκόλους
629 536 692 592 τὸ
723 545 836 592 τῶν
863 538 1161 610 προβάτων
1185 534 1224 609 ἦ
1242 535 1303 593 τὸ
1324 542 1438 592 ταῖν
1455 542 1608 609 βοῶν
1629 535 1767 608 ἀγα-
1797 545 1829 586 Β

91 620 206 677 θόν
235 629 462 675 σκοπεῖν
488 619 581 674 καὶ
608 618 878 689 παχύνειν
905 618 1111 684 αὐτοὺς
1139 620 1230 674 καὶ
1256 617 1597 687 θεραπεύειν
1627 617 1768 688 πρὸς

90 703 225 758 ἄλλο
246 723 297 756 τι
327 701 631 771 βλέποντας
659 696 696 770 ἦ
714 698 777 756 τὸ
794 706 906 754 τῶν
925 703 1210 756 δεσποτῶν
1231 698 1454 769 ἀγαθὸν
1471 701 1561 755 καὶ
1579 700 1641 755 τό
1661 698 1767 755 αὑ-

87 790 201 839 τῶν
212 804 225 815 ·
245 784 337 838 καὶ
354 780 421 853 δὴ
442 783 534 837 καὶ
551 780 685 846 τοῦς
703 784 763 837 ἐν
778 792 896 846 ταῖς
912 781 1143 837 πόλεσιν
1158 780 1444 851 ἄρχοντας,
1467 787 1524 838 οἳ
1539 779 1614 846 ὣς
1630 779 1768 879 ἀλη-

88 869 208 928 θως
243 862 535 933 ἄρχουσιν,
574 860 753 926 ἄλλως
783 882 897 926 πως
931 859 1054 933 ἡγεῖ
1082 866 1428 917 διανοεῖσθαι
1458 861 1599 931 πρὸς
1635 862 1767 928 τούς

89 944 429 1015 ἀρχομένους
448 939 483 1014 ἦ
505 959 691 1014 ωσπερ
711 942 784 998 ἄν
801 965 882 1008 τις
900 944 1038 1014 πρὸς
1058 943 1310 1016 πρόβατα
1330 947 1608 1014 διατεθείη
1622 985 1638 1012 ,
1675 944 1767 999 καὶ

90 1025 225 1081 ἄλλο
254 1048 305 1080 τι
335 1036 561 1080 σκοπεῖν
589 1022 793 1088 αὐτους
822 1021 914 1079 διο·
939 1024 1141 1089 νυκτὸς
1170 1026 1262 1080 καὶ
1290 1023 1495 1095 ἡμέρας
1529 1020 1566 1095 ἢ
1601 1030 1764 1080 τοῦτο

89 1106 230 1163 ὅθεν
258 1104 416 1162 αὐτοὶ
446 1104 842 1175 ὠφελήσονται.
884 1123 974 1161 και
1001 1104 1147 1160 ούτω
1168 1104 1357 1173 πόρρω
1378 1104 1428 1160 εἶ
1445 1111 1576 1175 περί
1589 1127 1645 1160 τε
1665 1112 1764 1160 τοῦ
1795 1115 1828 1160 0

90 1192 308 1243 δικαίου
334 1188 427 1242 καὶ
457 1186 814 1257 δικαιοσύνης
832 1189 922 1241 καὶ
941 1183 1138 1242 ἀδίκου
1157 1207 1213 1241 τε
1233 1188 1324 1244 καὶ
1344 1184 1585 1256 ἀδικίας,
1624 1185 1763 1242 ω’στε

89 1267 331 1338 ἀγνοεῖς,
370 1266 456 1323 ὅτι
484 1265 518 1338 ἡ
547 1268 650 1338 μὲν
680 1267 1002 1337 δικαιοσύνη
1030 1270 1118 1322 καὶ
1150 1265 1211 1322 τὸ
1234 1270 1450 1322 δίκαιον
1469 1267 1765 1337 ἀλλότριον

87 1348 310 1419 ἀγαθὸν
330 1355 409 1423 τῷ
430 1347 551 1403 ὄντι
566 1391 579 1417 ,
618 1355 719 1403 τοῦ
747 1349 1059 1417 κρείττονός
1078 1370 1136 1403 τε
1155 1349 1246 1403 καὶ
1265 1347 1534 1419 ἄρχοντος
1555 1351 1765 1419 ξυμφέ-

88 1451 217 1499 ρον,
238 1434 410 1485 οίκεία
441 1429 500 1485 δὲ
519 1435 620 1484 τοῦ
647 1434 985 1499 πειθομένου
1004 1451 1062 1485 τε
1081 1431 1170 1486 καὶ
1191 1427 1605 1501 ὑπηρετοῦντος
1623 1429 1764 1502 βλά-

86 1517 184 1582 βη,
221 1509 255 1582 ἡ
287 1513 346 1566 δὲ
376 1509 560 1567 ἀδικία
593 1509 951 1579 τούναντίον,
991 1513 1082 1567 καὶ
1113 1511 1267 1582 ἄρχει
1294 1519 1409 1568 τῶν
1443 1509 1514 1577 ὡς
1542 1510 1766 1583 ἀληθῶς

86 1592 370 1664 εὐηθικῶν
387 1616 443 1648 τε
462 1596 551 1649 καὶ
574 1598 818 1662 δικαίων,
840 1597 897 1649 οῖ
911 1591 965 1649 δ’
988 1592 1283 1665 ἀρχόμενοι
1303 1603 1524 1650 ποιοῦσι
1542 1594 1603 1651 τὸ
1625 1597 1767 1650 ἐκεί-

86 1694 190 1727 νου
217 1676 498 1743 ξυμφέρον
528 1678 837 1743 κρείττονος
870 1674 1029 1739 ὄντος
1041 1716 1055 1742 ,
1094 1676 1185 1730 καὶ
1215 1673 1518 1746 εὐδαίμονα
1553 1678 1765 1731 ἐκεῖνον

87 1760 344 1808 ποιοῦσιν
358 1752 761 1826 ὑπηρετοῦντες
776 1755 942 1830 αὐτῷ,
964 1755 1192 1820 ἑαυτούς
1209 1758 1268 1813 δὲ
1285 1755 1410 1812 οὐδ’
1434 1755 1762 1813 ὁπωστιοῦν.
1793 1766 1829 1810 D

87 1845 415 1892 σκοπεῖσθαι
441 1840 517 1904 δέ,
547 1831 595 1892 ω’
615 1836 947 1908 εὐηθέστατε
967 1838 1282 1909 Σώκρατες,
1305 1835 1506 1893 οὑτωσὶ
1526 1838 1657 1910 χρή,
1681 1837 1765 1893 ὅτι

87 1919 296 1981 δίκαιος
313 1915 456 1987 ἀνὴρ
475 1917 675 1973 ἀδίκου
696 1925 978 1989 πανταχοῦ
997 1924 1222 1974 ἔλαττον
1249 1922 1369 1988 ἔχει.
1424 1926 1648 1989 πρῶτον
1665 1918 1765 1990 μὲν

85 2001 147 2055 ἐν
164 2010 277 2063 τοῖς
306 1997 444 2068 πρὸς
472 1998 745 2070 ἀλλήλους
775 2004 1150 2071 ξυμβολαίοις,
1189 1997 1335 2055 ὅπου
1363 1996 1437 2055 ἀν
1463 1997 1492 2056 ὁ
1517 2008 1767 2065 τοιοῦτος

84 2086 158 2153 τῷ
177 2079 408 2154 τοιούτῳ
430 2082 761 2154 κοινωνήσῃ,
783 2079 1037 2151 οὐδαμοῦ
1054 2078 1126 2137 ἀν
1145 2080 1328 2150 εὕροις
1347 2084 1408 2137 ἐν
1426 2088 1495 2153 τῇ
1515 2084 1766 2139 διαλύσει

83 2169 179 2233 τῆς
198 2169 491 2227 κοινωνίας
513 2165 681 2218 πλέον
702 2166 893 2233 ἔχοντα
924 2162 1023 2219 τὸν
1055 2167 1270 2219 δίκαιον
1294 2170 1396 2218 τοῦ
1421 2161 1618 2219 ἀδίκου
1637 2161 1759 2219 ἀλλ’

85 2248 332 2299 ἔλαττον·
371 2249 552 2300 ἔπειτα
586 2248 647 2300 ἐν
674 2257 788 2310 τοῖς
816 2245 955 2316 πρὸς
981 2245 1083 2316 τὴν
1122 2245 1313 2314 πόλιν,
1354 2243 1492 2302 ὅταν
1526 2247 1588 2302 τέ
1620 2267 1766 2311 τινες

86 2326 339 2396 εἰσφοραὶ
364 2321 529 2396 ὦσιν,
568 2325 596 2382 ὁ
622 2326 725 2397 μὲν
743 2330 951 2391 δίκαιος
968 2324 1077 2382 ἀπὸ
1099 2334 1212 2382 τῶν
1231 2335 1367 2383 ἴσων
1388 2329 1559 2383 πλέον
1579 2331 1765 2399 εἰσφέ-

87 2427 186 2475 ρει,
211 2404 240 2461 ὁ
263 2406 316 2462 δ’
338 2412 581 2476 ἔλαττον,
603 2407 741 2465 ὅταν
759 2430 817 2464 τε
837 2409 1052 2479 λήψεις,
1074 2403 1103 2466 ὁ
1129 2409 1231 2480 μὲν
1250 2408 1435 2478 οὐδέν,
1458 2408 1487 2466 ὁ
1509 2412 1566 2466 δὲ
1587 2406 1764 2465 πολλὰ
1797 2418 1832 2461 Ε

84 2490 374 2555 κερδαίνει.
413 2492 505 2544 καὶ
532 2488 640 2560 γὰρ
669 2489 806 2546 ὅταν
832 2489 1006 2561 ἀρχήν
1039 2513 1162 2546 τινα
1191 2491 1332 2564 ἄρχῃ
1364 2491 1646 2561 ἑκάτερος,
1689 2496 1764 2564 τῷ

85 2567 189 2637 μὲν
212 2571 404 2641 δικαίῳ
431 2567 692 2641 ὑπάρχει,
713 2574 803 2627 καὶ
823 2577 873 2627 εἰ
889 2577 1123 2643 μηδεμία
1145 2572 1283 2644 ἄλλη
1305 2579 1492 2644 ζημία,
1514 2574 1579 2628 τά
1600 2594 1662 2642 γε
1682 2577 1766 2627 οἰ·-

84 2661 202 2704 κεῖα
220 2647 294 2705 δι’
318 2650 577 2720 ἀμέλειαν
594 2657 1014 2723 μοχθηροτέρως
1032 2658 1191 2724 ἔχειν,
1214 2658 1273 2709 ἐκ
1300 2654 1356 2708 δὲ
1372 2661 1475 2709 τοῦ
1495 2656 1765 2725 δημοσίου

83 2731 256 2801 μηδὲν
287 2730 626 2801 ω’φελεῑσθαι
656 2731 744 2788 διά
768 2731 828 2788 τὸ
851 2737 1067 2790 δίκαιον
1086 2733 1252 2804 εἶναι,
1290 2733 1429 2803 πρὸς
1459 2735 1519 2792 δὲ
1548 2736 1766 2800 τούτοις

83 2810 429 2884 ἀπέχθεσθαι
450 2827 562 2880 τοῖς
591 2837 649 2870 τε
674 2821 893 2882 οἰκείοις
915 2818 1006 2872 καὶ
1029 2829 1140 2881 τοῖς
1159 2821 1483 2889 γνωρίμοις,
1504 2815 1638 2873 ὅταν
1657 2838 1765 2888 μη·-
