1962 3236
613 167 1096 216 ΠΟΛΙΤΕΙΑΣ
1126 157 1182 214 ι’.
1637 162 1741 216 315

3 310 26 354 3
62 325 169 375 νην
186 307 312 374 βίον
330 302 559 360 ἀλλοίαν
578 306 894 371 γίγνεσθαι·
932 294 1000 353 τά
1033 295 1086 353 δ’
1118 298 1258 355 αλλα
1279 295 1536 368 ἀλλήλοις
1561 317 1619 366 τε
1649 300 1740 354 καὶ

64 384 320 449 πλούτοις
350 387 440 440 καὶ
463 388 692 451 πενίαις,
722 378 789 435 τά
815 380 874 436 δὲ
902 379 1104 451 νόσοις,
1133 380 1198 435 τά
1229 379 1288 435 δὲ
1319 376 1553 450 υγιείαις
1581 390 1740 450 μεμῖ-

62 475 212 539 χθαι,
244 465 310 521 τά
338 468 397 522 δὲ
423 468 515 521 καὶ
541 468 750 535 μεσοῦν
777 461 1006 517 τούτων.
1066 465 1207 518 ἔνθα
1236 461 1323 533 δή,
1356 482 1430 526 ως
1458 465 1654 532 ἔοικεν,
1696 455 1741 516 ὦ

0 571 24 626 5·
65 553 191 617 φίλε
209 547 500 617 Γλαύκων,
522 542 552 601 ὁ
572 549 680 608 πᾶς
708 547 968 607 κίνδυνος
998 540 1300 616 ἀνθρώπῳ,
1328 545 1421 599 καὶ
1450 541 1538 600 διὰ
1566 549 1738 599 ταῦτα

0 631 9 674 ἴ
63 631 296 699 μάλιστα
318 622 742 699 ἐπιμελητέον,”
709 644 858 688 οπως
876 625 1103 688 ἕκαστος
1118 621 1277 694 ἡμῶν
1298 629 1409 679 τῶν
1425 621 1613 680 αλλων
1631 646 1738 695 μα·-
1774 638 1805 681 C

0 731 2 733 ’
62 710 331 781 θημάτων
364 706 638 780 ἀμελήσας
670 704 874 761 τούτου
907 709 1008 760 τοῦ
1043 704 1369 775 μαθήματος
1395 707 1488 762 καὶ
1517 705 1740 778 ζητητὴς

63 795 153 847 καὶ
178 791 429 863 μαθητὴς
456 795 622 860 ἔσται,
651 786 749 843 ἐάν
776 794 958 843 ποθεν
986 781 1099 850 οἶός
1125 783 1176 841 τ’
1198 779 1234 857 ᾗ
1257 794 1460 856 μαθεῖν
1479 789 1570 843 καὶ
1588 790 1740 854 ἐξευ-

63 884 197 942 ρεῖν,
218 879 298 937 τίς
317 870 494 927 αὐτὸν
512 870 729 965 ποιήσει
748 865 992 923 δυνατὸν
1014 868 1105 921 καὶ
1122 866 1477 937 ἐπιστήμονα,
1497 871 1622 938 βίον
1648 869 1739 922 καὶ

62 952 299 1024 χρηστὸν
316 954 408 1008 καὶ
427 950 677 1021 πονηρὸν
697 948 1183 1019 διαγιγνώσκοντα,
1216 945 1316 1003 τὸν
1334 953 1527 1018 βελτίω
1547 950 1606 1003 ἐκ
1626 953 1739 1002 τῶν

65 1038 321 1089 δυνατῶν
358 1032 441 1089 ἀεὶ
478 1036 762 1102 πανταχοῦ
800 1034 1102 1100 αἱρεῖσθαι,
1139 1030 1231 1084 καὶ
1275 1028 1740 1100 ἀναλογιζόμενον

63 1115 244 1170 πάντα
280 1114 347 1168 τὰ
391 1119 499 1168 νῦν
537 1112 603 1183 δὴ
641 1115 914 1182 ρηθέντα,
959 1111 1319 1180 ξυντιθέμενα
1356 1108 1613 1181 ἀλλήλοις
1648 1113 1739 1165 καὶ

63 1194 423 1263 διαιρούμενα
446 1192 585 1263 πρὸς
606 1189 808 1261 ἀρετὴν
826 1197 954 1261 βίου
979 1196 1095 1254 πῶς
1123 1194 1246 1260 ἔχει,
1278 1193 1499 1260 εἰδέναι,
1529 1195 1584 1245 τί
1601 1189 1738 1245 κάλ-

64 1282 157 1339 λος
175 1278 338 1345 πενίᾳ
367 1268 643 1345 ἢπλούτῳ
674 1271 888 1341 κραθὲν
920 1272 1010 1325 καὶ
1039 1269 1174 1340 μετά
1202 1275 1362 1333 ποίας
1385 1267 1535 1333 τινὸς
1559 1276 1738 1341 ψυχῆς
1767 1293 1802 1335 1)

63 1356 221 1420 ἕξεως
252 1352 428 1409 κακὸν
462 1352 499 1423 ἢ
533 1350 755 1422 ἀγαθὸν
790 1352 1083 1422 ἐργάζεται,
1123 1351 1215 1404 καὶ
1252 1353 1309 1403 τί
1340 1346 1613 1418 εὐγένειαι
1648 1352 1737 1404 καὶ

64 1437 375 1505 δυσγένειαι
401 1436 491 1489 καὶ
524 1437 781 1488 ἰδιωτεῖαι
806 1434 896 1488 καὶ
926 1432 1086 1502 ἀρχαὶ
1116 1433 1207 1487 καὶ
1242 1430 1424 1500 ἰσχύες
1453 1432 1545 1486 καὶ
1570 1425 1742 1485 ἀσθέ-

64 1538 205 1571 νειαι
223 1517 313 1570 καὶ
332 1511 622 1585 εύμάθειαι
641 1516 730 1568 καὶ
749 1513 1082 1582 δυσμάθειαι
1101 1514 1192 1567 καὶ
1210 1511 1390 1566 πάντα
1418 1509 1484 1566 τὰ
1515 1517 1741 1567 τοιαῦτα

63 1603 175 1653 τῶν
201 1597 368 1667 φύσει
388 1597 510 1664 περὶ
530 1593 712 1665 ψυχὴν
732 1593 912 1649 ὄντων
931 1595 1022 1648 καὶ
1050 1599 1163 1647 τῶν
1192 1591 1495 1663 ἐπικτήτων
1522 1596 1578 1646 τί
1604 1593 1739 1661 ξυγ-

65 1676 448 1746 κεραννύμενα
487 1675 624 1743 πρὸς
653 1674 860 1744 ἄλληλα
892 1671 1185 1743 ἐργάζεται,
1219 1672 1356 1728 ὥστε
1386 1674 1441 1738 ἐξ
1473 1669 1739 1728 ἁπάντων

65 1759 250 1815 αὐτῶν
287 1757 531 1813 δυνατὸν
570 1757 708 1813 εἶναι
743 1755 1218 1825 συλλογισάμενον
1261 1757 1560 1823 αἱρεῖσθαι,
1600 1755 1739 1823 πρὸς

65 1841 166 1911 τὴν
183 1845 278 1911 τῆς
296 1845 473 1910 ψυχῆς
493 1839 668 1908 φύσιν
687 1836 1090 1908 ἀποβλέποντα,
1117 1836 1214 1891 τόν
1242 1856 1300 1890 τε
1327 1839 1490 1905 χείρω
1517 1835 1610 1890 καὶ
1638 1832 1739 1889 τὸν

65 1920 269 1993 ἀμείνω
287 1926 429 1991 βίον,
453 1927 613 1991 χείρω
633 1920 734 1990 μὲν
752 1923 1032 1974 καλοῦντα
1048 1915 1108 1983 ὃς
1128 1915 1303 1987 αὐτὴν
1322 1918 1492 1972 ἐκεῖσε
1508 1914 1641 1984 ἄξει,
1662 1920 1738 1980 εἰς
1767 1935 1799 1975 Ε

64 2003 126 2057 τό
146 2000 486 2067 ἀδικωτέραν
503 2005 812 2071 γίγνεσθαι,
834 1997 1040 2070 ἀμείνω
1067 2000 1126 2054 δὲ
1155 1998 1303 2062 ὅστις
1333 2001 1407 2061 είς
1433 1997 1494 2051 τό
1528 2001 1739 2052 δικαιο-

62 2085 245 2153 τέραν,
265 2082 331 2138 τά
354 2085 413 2138 δὲ
442 2082 580 2138 ἄλλα
612 2083 794 2137 πάντα
819 2087 1029 2151 χαίρειν
1056 2079 1230 2135 ἐάσει·
1268 2076 1587 2149 ἑωράκαμεν
1613 2077 1738 2147 γάρ,

65 2162 150 2220 ὅτι
186 2168 349 2229 ζῶντί
391 2184 447 2218 τε
495 2165 584 2218 καὶ
625 2161 1007 2234 τελευτήσαντι
1046 2159 1183 2230 αὕτη
1223 2165 1479 2230 κρατίστη
1518 2162 1737 2226 αἵρεσις.

65 2244 449 2314 ἀδαμαντίνως
478 2243 546 2315 δὴ
573 2248 659 2300 δεῖ
683 2244 888 2316 ταύτην
919 2243 1023 2314 τὴν
1055 2242 1223 2308 δόξαν
1243 2243 1434 2311 ἔχοντα
1462 2238 1742 2306 εἰς”Αιδου
1769 2261 1857 2308 619

67 2328 224 2394 ἰέναι,
245 2323 393 2389 ὅπως
420 2324 492 2380 ἀν
520 2319 557 2395 ᾖ
586 2327 676 2380 καὶ
713 2329 829 2381 ἐκεῖ
856 2324 1227 2394 ἀνέκπληκτος
1258 2320 1365 2379 ὑπὸ
1394 2321 1654 2378 πλούτων
1681 2340 1740 2375 τε

70 2408 159 2461 καὶ
179 2410 255 2460 τῶ
262 2428 292 2459 ν
309 2405 576 2460 τοιούτων
593 2412 799 2474 κακῶν,
819 2403 1001 2476 καὶμὴ
1023 2405 1276 2475 ἐμπεσών
1305 2409 1381 2468 είς
1408 2404 1742 2471 τυραννίδας

67 2490 157 2543 καὶ
176 2486 343 2550 ἄλλας
359 2486 614 2550 τοιαύτας
635 2487 852 2556 πράξεις
871 2483 1046 2541 πολλὰ
1062 2486 1164 2555 μὲν
1181 2485 1476 2555 ἐργάσηται
1495 2481 1743 2552 καὶάνή-

70 2585 234 2623 κεστα
255 2569 416 2635 κακά,
436 2571 511 2622 ἔτι
530 2570 589 2622 δὲ
609 2565 774 2631 αὐτὸς
792 2570 951 2636 μείζω
970 2566 1145 2635 πάθη,
1159 2563 1296 2620 ἀλλά
1315 2569 1435 2637 γνῷ
1454 2562 1552 2618 τὸν
1570 2564 1741 2633 μέσον

69 2646 151 2703 ἀεὶ
170 2654 283 2704 τῶν
303 2650 567 2703 τοιούτων
588 2654 713 2719 βίον
731 2650 1007 2715 αἱρεῖσθαι
1019 2649 1108 2702 καὶ
1129 2646 1359 2716 φεύγειν
1377 2644 1442 2700 τά
1461 2641 1744 2713 ὑπερβάλ-

71 2738 237 2785 λοντα
259 2732 557 2800 ἑκατέρωσε
581 2732 668 2785 καὶ
695 2733 756 2785 ἐν
775 2733 915 2803 τῷδε
938 2734 1011 2802 τῷ
1030 2733 1131 2799 βίῳ
1152 2725 1288 2782 κατὰ
1309 2724 1370 2782 τὸ
1393 2722 1634 2781 δυνατὸν
1653 2724 1742 2778 καὶ
