1962 3236
663 136 1146 184 ΠΟΛΙΤΕΙΑΣ
1176 130 1226 182 ε’.
1683 132 1785 185 151

102 273 215 338 θύς
237 273 361 344 περὶ
390 270 459 327 τὰ
489 277 601 327 τῶν
632 272 847 325 παίδων
880 260 992 324 ῶτα
1022 268 1114 323 καὶ
1143 268 1269 338 περὶ
1287 270 1559 338 πατέρων,
1589 264 1687 332 οὓς
1715 264 1789 324 ἂν

106 355 293 420 αὐτοῖς
309 376 391 421 τις
416 351 699 425 ἀποφήνῃ,
719 353 812 408 καὶ
830 351 954 421 περὶ
971 355 1086 406 τῶν
1104 348 1290 406 ἄλλων
1316 354 1634 421 ξυγγενῶν;
1664 343 1788 406 At}-
1816 357 1850 397 E

107 459 211 506 ται,
232 441 362 507 ἔφη·
398 442 619 506 γελοῖον
646 432 755 504 γὰρ
779 429 853 488 ἄν
882 440 983 503 εἴη,
1016 435 1066 487 εἰ
1087 429 1224 486 ἄνευ
1252 434 1431 502 ἔργων
1459 435 1633 487 οἰκεῖα
1657 429 1790 488 ὀνό-

107 540 250 589 ματα
270 515 359 573 διὰ
391 523 504 572 τῶν
522 516 813 587 στομάτων
843 514 1022 585 μόνον
1051 515 1405 585 φθέγγοιντο.
1443 518 1654 569 Πασῶν
1681 512 1789 585 ἄρα

109 601 326 657 πόλεων
342 599 579 670 μάλιστα
596 599 659 653 ἐν
676 595 818 669 αὐτῇ
837 597 1307 667 ξυμφωνήσουσιν
1337 594 1461 662 ἑνός
1483 617 1633 661 τινος
1657 592 1692 668 ἢ
1725 589 1791 652 εὖ

106 679 144 752 ἦ
174 686 354 745 κακῶς
372 678 724 749 πράττοντος,
756 675 789 736 ὂ
808 686 917 734 νῦν
937 679 1003 749 δὴ
1024 680 1284 749 ἐλέγομεν
1313 676 1376 734 τὸ
1406 679 1571 750 ῥῆμα,
1604 675 1666 732 τὸ
1705 676 1790 732 ὅτι

105 762 169 819 τὸ
189 760 325 833 έμὸν
343 753 408 815 εὖ
428 759 651 827 πράττει
677 756 714 831 ἢ
743 757 828 815 ὅτι
853 756 916 813 τὸ
945 758 1080 829 ε’μὸν
1109 765 1306 823 κακῶς.
1339 755 1726 829 Ἀληθέστατα,
1754 751 1793 828 ἦ

108 842 163 899 δ’
186 843 262 909 ὅς.
304 839 535 898 Οὐκοῦν
554 839 690 911 μετὰ
710 840 915 896 τούτου
934 846 1036 895 τοῦ
1055 839 1326 911 δόγματός
1353 860 1411 894 τε
1430 842 1522 894 καὶ
1552 839 1793 911 ῥήματος
1820 852 1910 898 464

112 930 323 995 ἔφαμεν
357 926 799 989 ξυνακολουθεῖν
834 921 932 986 τοὶς
978 942 1036 976 τε
1076 918 1283 992 ἡδονὰς
1327 922 1419 977 καὶ
1467 917 1566 984 τὰς
1613 919 1794 984 λύπας

109 1012 298 1077 κοινῇ;
334 1007 443 1059 Καὶ
462 1002 650 1073 ὀρθῶς
668 1024 732 1074 γε
758 1006 982 1073 ἔφαμεν.
1063 1000 1295 1058 Οὐκοῦν
1311 1001 1546 1072 μάλιστα
1565 1006 1666 1057 τοῦ
1687 1000 1792 1057 αὐ-

107 1093 211 1142 τοῦ
235 1084 677 1155 κοινωνήσουσιν
711 1081 844 1154 ἡμῖν
879 1086 935 1138 οἱ
967 1090 1202 1153 πολῖται,
1238 1080 1272 1138 δ’
1307 1080 1373 1153 δὴ
1409 1081 1544 1153 έμόν
1582 1079 1795 1154 ὀνομά-

109 1183 300 1222 σουσι·
333 1165 536 1220 τούτου
569 1167 628 1220 δὲ
667 1170 1069 1228 κοινωνοῦντες
1108 1162 1256 1219 οὕτω
1295 1160 1361 1234 δὴ
1398 1163 1578 1234 λύπης
1607 1183 1666 1217 τε
1701 1164 1793 1220 καὶ

106 1246 311 1319 ἡδονῆς
340 1246 576 1318 μα’λιστα
611 1250 911 1301 κοινωνίαν
934 1245 1180 1310 ἕξουσινς
1217 1244 1378 1299 Πολύ
1411 1265 1489 1315 γε.
1537 1238 1655 1315 Ἆρ’
1686 1240 1795 1301 οὖν

108 1329 324 1384 τούτων
342 1333 485 1383 αἰτία
504 1327 643 1398 πρὸς
660 1334 727 1400 τῇ
746 1326 885 1398 ἄλλῃ
903 1326 1231 1382 καταστάσει
1247 1323 1282 1398 ἡ
1302 1333 1414 1381 τῶν
1433 1333 1719 1396 γυναικῶν
1737 1349 1795 1383 τε

108 1414 198 1465 καὶ
218 1413 434 1465 παίδων
454 1416 720 1465 κοινωνία
737 1420 852 1474 τοῖς
882 1408 1145 1479 φύλαξινς
1180 1406 1339 1464 Πολὺ
1370 1407 1475 1480 μὲν
1498 1401 1606 1463 οὖν
1630 1406 1795 1478 μα’λι-
1823 1420 1856 1460 Β

111 1510 230 1562 στα,
260 1496 382 1564 ἔφη.

251 1578 358 1629 xn.
392 1572 552 1630 Ἀλλὰ
573 1573 684 1646 μὴν
702 1575 962 1646 μέγιστόν
992 1597 1054 1644 γε
1080 1574 1238 1630 πόλει
1260 1570 1396 1630 αὐτὸ
1427 1573 1794 1648 ὡμολογήσα-

110 1678 216 1727 μεν
244 1654 482 1726 ἀγαθόν,
512 1654 895 1723 ἀπεικάζοντες
933 1651 998 1711 εὖ
1025 1658 1358 1728 οἰκουμένην
1386 1655 1552 1713 πόλιν
1583 1657 1794 1730 σώματι

113 1736 253 1807 πρὸς
270 1741 434 1808 μέρος
452 1734 630 1792 αὑτοῦ
648 1736 824 1808 λύπης
842 1759 899 1792 τε
920 1739 1044 1807 πέρι
1072 1740 1161 1792 καὶ
1187 1734 1394 1809 ἡδονῆς
1423 1736 1497 1804 ῶς
1524 1742 1645 1810 ἔχει.
1682 1741 1794 1795 Καὶ

111 1817 300 1889 ὀρθῶς
329 1818 404 1888 γ’,
439 1822 563 1889 ἔφη,
590 1817 1036 1890 ὧμολογήσαμεν.
1080 1824 1195 1873 Τοῦ
1223 1824 1486 1889 μεγίστου
1515 1819 1625 1891 ἄρα
1653 1819 1794 1890 ἄγα-

108 1907 226 1957 θοῦ
244 1907 312 1971 τῇ
334 1900 491 1956 πόλει
511 1905 654 1955 αἰτία
673 1899 803 1972 ἡμῖν
822 1904 1094 1971 πέφανται
1111 1897 1144 1972 ἡ
1164 1905 1426 1956 κοινωνία
1446 1913 1559 1966 τοῖς
1577 1899 1794 1958 ἐπικού-

110 2002 230 2050 ροις
259 1987 372 2035 τῶν
403 2003 460 2036 τε
491 1986 706 2037 παίδων
736 1984 827 2037 καὶ
860 1989 971 2038 τῶν
1000 1988 1300 2052 γυναικῶν.
1339 1983 1446 2038 Καὶ
1483 1980 1635 2054 μάλ’,
1671 1987 1793 2055 ἔφη.

109 2065 218 2119 Καὶ
248 2063 350 2134 μὲν
380 2062 446 2133 δὴ
476 2065 568 2118 καὶ
602 2076 713 2128 τοῖς
749 2064 1003 2133 πρόσθεν
1038 2087 1099 2135 γε
1136 2062 1543 2136 ὁμολογοῦμεν·
1584 2070 1796 2138 ἔφαμεν

110 2145 218 2214 γάρ
230 2164 358 2213 που,
374 2144 502 2199 οὔτε
517 2148 692 2208 οἰκίας
709 2144 927 2210 τούτοις
947 2149 1087 2211 ἰδίας
1110 2149 1226 2201 δεῖν
1244 2145 1384 2201 εἶναι
1398 2144 1526 2202 οὔτε
1544 2153 1652 2218 γῆν
1667 2145 1796 2202 οὔτε

111 2246 163 2279 τι
198 2230 393 2295 κτῆμα,
429 2225 565 2280 ἀλλὰ
604 2224 754 2296 παρὰ
789 2231 902 2281 τῶν
940 2225 1125 2282 ἄλλων
1160 2226 1377 2298 τροφὴν
1406 2227 1793 2299 λαμβάνοντας
1822 2251 1854 2294 c

113 2305 324 2376 μισθὸν
344 2312 439 2377 τῆς
457 2313 707 2378 φυλακῆς
726 2315 887 2381 κοινῇ
900 2308 1108 2374 πάντας
1125 2307 1460 2379 ἀναλίσκειν,
1478 2314 1526 2365 εἰ
1543 2310 1797 2380 μέλλοιεν

117 2387 292 2453 ὄντως
328 2389 572 2457 φύλακες
610 2387 765 2445 εἶναι.
803 2387 1031 2461 Ὀρθῶς,
1070 2396 1192 2463 ἔφη.
1218 2385 1334 2462 Ἆρ’
1373 2385 1479 2447 οὖν
1510 2389 1629 2462 οὐχ,
1658 2388 1795 2462 ὅπερ

116 2472 275 2539 λέγω,
302 2469 369 2523 τά
398 2490 457 2523 τε
477 2470 731 2537 πρόσθεν
758 2474 1018 2542 εἰρημένα
1046 2474 1134 2527 καὶ
1172 2472 1239 2527 τὰ
1271 2479 1380 2528 νῦν
1416 2473 1686 2543 λεγόμενα
1721 2476 1798 2527 ἔτι

114 2557 326 2621 μᾶλλον
345 2548 700 2620 ἀπεργάζεται
718 2551 922 2617 αὐτοὺς
940 2552 1247 2624 ἀληθινοὺς
1264 2554 1534 2625 φύλακας,
1549 2555 1640 2610 καὶ
1653 2562 1803 2611 ποιεῖ

112 2631 186 2702 μὴ
210 2636 449 2704 διασπᾷν
478 2630 580 2702 τὴν
604 2632 784 2703 πόλιν,
817 2633 876 2689 τὸ
902 2634 1036 2706 ἐμὸν
1062 2635 1433 2705 ὀνομάζοντας
1457 2634 1528 2706 μὴ
1562 2634 1623 2690 τό
1658 2632 1794 2691 αὐτὸ

111 2710 235 2768 ἀλλ’
270 2711 440 2768 ἄλλον
461 2712 612 2780 ἄλλο,
634 2716 732 2770 τὸν
750 2718 851 2786 μὲν
883 2722 956 2781 είς
984 2715 1087 2788 τὴν
1108 2718 1310 2772 ἑαυτοῦ
1339 2722 1519 2772 οἰκίαν
1546 2716 1795 2786 ἕλκοντα,

107 2792 147 2850 ὅ
168 2817 216 2849 τι
239 2791 310 2849 ἄν
337 2797 565 2868 δύνηται
594 2800 757 2867 χωρὶς
785 2806 897 2854 τῶν
925 2799 1109 2855 ἄλλων
1136 2797 1463 2870 κτήσασθαι,
1494 2797 1595 2854 τόν
1630 2798 1687 2854 δὲ
1720 2801 1797 2864 είς
