1962 3236
223 214 325 266 156
814 186 1294 294 ΠΛΛΤῼΝΟΣ

221 343 258 419 ἢ
275 349 553 419 γεωργόν;
586 349 749 404 Πάνυ
770 349 870 420 μὲν
891 342 1007 403 οὖν.
1035 346 1166 404 ’Τὸν
1197 348 1256 404 δὲ
1285 353 1460 415 ζῶντα
1487 354 1562 415 εἰς
1579 347 1710 414 τοὺς
1738 357 1902 405 πολε-
1923 339 1962 422 {³⁷²

222 434 382 500 μίους
401 426 607 484 ἁλόντα
640 424 735 498 ἆρ’
774 427 843 484 οὐ
874 428 1089 499 δωρεὰν
1119 429 1333 486 διδόναι
1363 441 1475 494 τοῖς
1502 433 1735 487 θέλουσι
1767 435 1903 500 χρῆ-
1936 426 1960 466 ²>

157 520 190 562 B
223 518 356 566 σθαι
376 514 444 581 τῇ
463 510 607 582 ἄγρα
629 508 662 564 ὅ
681 531 731 564 τι
757 506 829 565 ἂν
849 511 1190 581 βούλωνται,
1207 514 1425 582 Κομιδῇ
1442 532 1520 582 γε.
1566 509 1677 566 Τὸν
1698 511 1755 566 δὲ
1778 508 1902 580 ἄρι-

222 590 530 647 στεύσαντά
547 612 603 646 τε
624 594 714 646 καὶ
736 591 1175 663 εὐδοκιμήσαντα
1195 591 1263 647 οὐ
1283 599 1505 661 πρῶτον
1524 592 1624 664 μὲν
1644 595 1729 648 ἐπὶ
1745 609 1900 662 στρα-

221 677 365 737 τείας
390 671 501 727 ὑπὸ
529 678 643 728 τῶν
672 676 1199 745 συστρατευομένων
1226 680 1524 746 μειρακίων
1555 697 1613 730 τε
1649 677 1739 730 καὶ
1774 679 1902 729 παί-
1929 667 1954 715 ³<-

224 758 339 809 δων
358 756 419 809 ἐν
444 756 595 824 μέρει
615 753 725 809 ὑπὸ
750 755 986 811 ἑκάστου
1008 759 1163 811 δοκεῖ
1189 773 1275 811 σοι
1306 762 1505 827 χρῆναι
1533 761 1896 826 στεφανωθῆ-
1927 760 1942 816 Ῐ

221 857 336 899 ναις
356 832 392 906 ἢ
413 833 506 900 οὕς
527 834 763 905 ’Έμοιγέ
804 842 871 891 Τί
886 840 982 892 δαί
988 860 1002 903 3
1026 841 1383 908 δεξιωθῆναι;
1406 839 1513 892 Καὶ
1530 843 1708 894 τοῦτο.
1737 832 1899 890 Ἀλλὰ
1927 838 1937 877 ’ἶ

163 952 167 953 ⁷
220 915 362 988 τόδ’,
394 916 560 988 οἶμαι,
592 911 664 987 ἦν
699 915 753 971 δ’
784 917 910 987 ἐγώ,
941 916 1126 972 οὐκέτι
1159 934 1247 973 σοι
1286 922 1447 973 δοκεῖ.
1495 917 1568 972 T&
1592 929 1779 983 ποῖον;
1824 914 1897 970 Τό

221 1003 456 1070 φιλῆσαί
469 1019 526 1053 τε
546 1000 636 1052 καὶ
656 1005 962 1069 φιληθῆναι
983 996 1090 1053 ὑπὸ
1108 999 1355 1054 ἑκάστου,
1378 999 1636 1069 Πάντων,
1659 1003 1782 1068 ἔφη,
1803 998 1878 1068 μά
1895 1030 1898 1033 -
1930 993 1935 1050 ,²

220 1087 402 1135 λιστα·
441 1080 532 1133 καὶ
552 1084 896 1150 προστίθημί
910 1101 972 1149 γε
1006 1086 1083 1152 τῷ
1116 1081 1290 1153 νόμῳ,
1331 1080 1433 1144 ἕως
1473 1075 1544 1134 ἂν
1581 1082 1667 1133 ἐπὶ
1700 1077 1901 1148 ταύτης
1923 1107 1943 1121 2

156 1177 186 1219 C
220 1154 320 1218 οἷσι
356 1168 451 1231 τῆς
481 1167 781 1233 στρατείας,
803 1163 998 1232 μηδενὶ
1035 1164 1232 1227 ἐξεῖναι
1268 1157 1679 1231 ἀπαρνηθῆναι,
1718 1157 1786 1214 ὂν
1828 1155 1932 1213 ἄν’

218 1241 488 1315 βούληται
507 1248 706 1313 φιλεῖν,
723 1245 814 1297 ἵνα
834 1246 941 1310 καί,
963 1241 1063 1297 ἐάν
1080 1248 1160 1306 τίς
1176 1263 1276 1297 του
1295 1241 1431 1312 τύχῃ
1451 1244 1592 1310 ἐρῶν
1613 1237 1647 1311 ἢ
1668 1240 1942 1311 ἄρρενος

218 1320 254 1395 ἢ
291 1329 537 1394 θηλείας,
578 1321 999 1394 προθυμότερος
1034 1317 1071 1395 ᾗ
1110 1321 1247 1393 πρὸς
1282 1322 1342 1379 τὸ
1381 1320 1655 1392 τάριστεῖα
1691 1325 1896 1393 φέρειν.
1919 1347 1924 1351 ·

218 1410 434 1474 Καλῶς,
455 1397 526 1475 ἦν
548 1403 599 1459 δ’
623 1402 746 1474 ἐγώ.
783 1402 867 1459 ὅτι
886 1403 989 1475 μὲν
1007 1403 1113 1475 γὰρ
1141 1405 1339 1476 ἀγαθῷ
1357 1402 1477 1459 ὅντι
1495 1403 1660 1474 γάμοι
1679 1425 1736 1458 τε
1755 1405 1899 1457 ἕτοι-

219 1509 313 1559 μοι
350 1491 572 1550 πλείους
609 1482 644 1556 ἢ
681 1497 794 1551 τοῖς
831 1485 1019 1550 ἄλλοις
1063 1488 1151 1541 καὶ
1199 1488 1432 1556 αἱρέσεις
1473 1489 1586 1539 τῶν
1631 1477 1930 1540 τοιούτων

219 1565 482 1631 πολλάκις
514 1565 662 1638 παρὰ
699 1565 828 1631 τούς
864 1565 1067 1630 ἄλλους
1112 1571 1347 1636 ἔσονται,
1386 1565 1459 1621 ἵν’
1503 1563 1533 1620 ὅ
1570 1587 1620 1620 τι
1656 1573 1895 1621 πλεῖστοι

218 1651 280 1707 ἐκ
298 1656 400 1704 τοῦ
440 1648 697 1704 τοιούτου
732 1654 1047 1721 γίγνωνται,
1081 1656 1289 1719 εἴρηται
1316 1646 1437 1719 ἤδη.
1491 1653 1739 1718 Εἴπομεν
1771 1646 1894 1718 γάρ,
1918 1681 1932 1718 -3

219 1736 343 1802 ἔφη.

359 1817 462 1866 XV.
498 1808 657 1866 Ἀλλά
694 1807 805 1881 μὴν
843 1813 932 1866 καὶ
961 1809 1096 1865 καθ’
1122 1808 1369 1882 ’Όμηρον
1397 1822 1509 1874 τοῖς
1546 1812 1780 1875 τοιοῖσδε
1813 1813 1897 1864 δί-

151 1909 187 1949 D
220 1914 381 1949 καιον
399 1899 564 1966 τιμᾷν
583 1898 697 1947 τῶν
716 1895 859 1947 νέων
891 1890 1014 1948 ὅσοι
1045 1892 1264 1962 οἷγαθοί.
1304 1895 1394 1947 καὶ
1413 1891 1769 1964 γὰρ”Ομηρος
1799 1889 1897 1946 τὸν

221 1974 662 2046 εὐδοκιμήσαντα
685 1976 747 2029 ἐν
776 1979 855 2047 τῷ
884 1977 1103 2047 πολέμῳ
1134 1973 1391 2030 νώτοισιν
1407 1982 1620 2030 Αἴαντα
1650 1977 1752 2044 ἔφη
1775 1977 1897 2043 διη-
1936 1995 1941 2033 ;

219 2059 467 2114 νεκέεσσι
486 2062 861 2128 γεραίρεσθαι,
886 2080 957 2122 ως
977 2058 1183 2128 ταύτην
1203 2063 1410 2112 οἰκείαν
1443 2050 1618 2111 οὖσαν
1637 2056 1799 2126 τιμὴν
1817 2076 1892 2109 τω
1943 2081 1946 2083 ·

219 2137 430 2210 ἡβωντί
448 2159 506 2192 τε
535 2139 626 2192 καὶ
660 2136 914 2211 άνδρείω,
953 2142 1006 2203 ἐξ
1036 2132 1101 2208 ἧς
1128 2137 1240 2209 ἅμα
1267 2143 1346 2209 τῷ
1375 2143 1642 2207 τιμᾶσθαι
1674 2138 1764 2190 καὶ
1794 2133 1896 2205 τὴν

221 2217 382 2289 ι’σχύν
407 2215 645 2287 αὐξήσει.
687 2215 1012 2287 Ὀρθότατα,
1049 2221 1171 2287 ἔφη.
1213 2192 1553 2318 Πέισόμεθα
1583 2215 1706 2285 άρα,
1732 2210 1806 2286 ἦν
1837 2213 1890 2270 δ’
1933 2234 1939 2271 ;’

97 2297 166 2359 Ὗ,
220 2299 346 2370 ἐγώ,
381 2297 554 2352 ταῦτά
582 2319 644 2367 γε
669 2295 901 2371 Ὁμήρω.
939 2300 1029 2353 καὶ
1057 2296 1164 2369 γὰρ
1194 2296 1348 2369 ἡμεῖς
1384 2302 1444 2353 ε”ν
1466 2319 1522 2352 τε
1556 2301 1780 2361 θυσίαις
1804 2297 1894 2352 καὶ

199 2391 329 2444 τοῖς
353 2378 623 2442 τοιούτοις
642 2394 777 2432 πασι
800 2375 930 2442 τούς
962 2376 1230 2448 ἀγαθούς,
1253 2378 1388 2434 καθ’
1423 2377 1560 2433 ὅσον
1591 2373 1664 2432 ἂν
1690 2375 1894 2447 ἀγαθοὶ

220 2466 545 2532 φαίνωνται,
565 2462 656 2515 καὶ
686 2457 881 2530 ὕμνοις
908 2460 997 2514 καὶ
1026 2454 1106 2524 οἷς
1134 2465 1241 2514 νῦν
1273 2459 1338 2530 δὴ
1377 2461 1635 2529 ἐλέγομεν
1667 2458 1893 2529 τιμήσο-
1927 2487 1955 2519 z

154 2566 188 2607 Ε
221 2565 341 2616 μεν,
379 2542 517 2613 πρὸς
559 2543 618 2597 δὲ
651 2542 866 2606 τούτοις
892 2543 1073 2611 ἕδραις
1110 2563 1166 2596 τε
1203 2543 1293 2598 καὶ
1331 2544 1556 2610 κρέασιν
1586 2543 1666 2596 ἰδὲ
1691 2546 1893 2604 πλείοις

223 2624 538 2694 δεπάεσσιν,
559 2626 651 2679 ’ἵνα
672 2622 785 2694 ἅμα
806 2629 882 2697 τῷ
902 2630 1067 2695 τιμᾷν
1086 2622 1341 2694 άσκῶμεν
1364 2621 1493 2687 τοὺς
1519 2620 1770 2692 ἀγαθοὺς
1790 2620 1892 2674 ἄν-

223 2710 355 2778 δρας
381 2728 438 2761 τε
458 2707 548 2761 καὶ
567 2717 846 2774 γυναῖκας.
886 2706 1184 2775 Κάλλιστα,
1207 2710 1329 2775 ἔφη,
1358 2706 1547 2773 λέγεις.
1586 2700 1741 2756 Εἶεν·
1779 2708 1892 2755 τεᾶν

222 2787 281 2841 δὲ
302 2787 366 2857 δὴ
389 2785 797 2842 ἀποθανόντων
816 2789 899 2842 ἐπὶ
923 2790 1203 2857 στρατείας
1232 2783 1291 2849 ὃς
1323 2781 1395 2839 ὄὶν
1425 2781 1784 2853 εὐδοκιμήσας
1803 2805 1891 2837 τε-

221 2867 476 2938 λευτήσῃ,
500 2862 593 2937 ἆρ’
617 2867 686 2922 οὐ
709 2874 931 2937 πρῶτον
949 2868 1052 2938 μὲν
1071 2867 1322 2937 φήσομεν
1350 2870 1451 2919 τοῦ
1469 2870 1679 2935 χρυσοῦ
1698 2866 1892 2933 γένους
1927 2882 1951 2913 θ
