1962 3236
155 247 182 275 x
856 234 1247 276 PRAEFATIO.

153 348 238 388 Nec
259 360 302 401 p.
323 346 409 388 429
426 347 455 388 C
475 347 618 388 dubito
640 348 739 398 quin
759 359 861 388 sana
876 348 929 387 sit
945 347 1036 387 Par.
1056 347 1178 387 lectio
1199 339 1250 386 τὸ
1268 339 1317 385 ἕν
1333 357 1381 385 τε
1398 339 1566 393 λύπαις
1581 360 1623 388 κ.
1643 360 1684 388 τ.
1701 347 1761 398 2„
1779 351 1848 391 ubi
1867 351 1938 391 VB

151 418 248 446 cum
280 404 374 444 aliis
403 405 526 445 codd.
555 403 617 459 τῷ
648 413 939 454 correxerunt3
969 405 1094 444 modo
1117 404 1483 444 circumscribatur
1514 397 1663 457 αὐτὴν
1690 406 1937 459 σωτηρίαν,

153 463 267 514 quod
295 462 606 514 interpretando
634 455 713 501 διὰ
739 455 914 507 παντὸς
941 463 1151 514 adjectum
1178 469 1317 501 tamen
1349 473 1484 512 neque
1511 462 1564 502 ad
1595 464 1842 504 sententiam
1866 478 1938 504 ne-

150 520 384 560 cessarium
403 528 443 559 et
461 526 695 560 structurae
715 519 840 572 plane
867 518 1066 559 infestum
1095 525 1174 559 est.
1195 539 1251 547 -—
1273 518 1320 562 P.
1339 518 1425 560 430
1439 518 1472 557 Ε
1500 517 1689 570 κρείττω
1711 514 1769 571 δὴ
1799 515 1938 561 αὑτοῦ

151 572 358 628 λέγοντες
378 589 561 627 moxque
584 574 802 628 φαίνεται
826 576 883 625 H,
911 573 1164 627 φαίνονται
1188 589 1368 627 moxque
1390 571 1564 628 λέγεται
1579 577 1704 626 VBT,
1732 575 1937 630 λέγοντες

153 641 194 674 et
215 629 389 686 λέγεται
412 632 558 674 Stallb.
583 641 623 673 et
645 633 925 674 Schneiderus
950 646 1004 673 ex
1031 634 1126 677 Par.
1147 633 1355 686 vestigiis,
1381 646 1486 684 quos
1507 635 1549 674 in
1578 634 1714 687 priore
1733 637 1938 677 vocabulo

152 690 330 732 libenter
360 698 529 732 secutus
554 703 669 739 sum;
700 691 908 742 reliquam
937 702 1074 730 meam
1102 692 1306 731 rationem
1341 692 1520 743 exposui
1551 691 1759 736 Gesamm.
1795 694 1934 734 Abhh.

151 761 195 802 p.
214 747 312 790 163.
335 771 393 778 -
411 749 457 791 Ρ.
486 747 571 789 435
593 747 626 787 D
657 740 770 800 ἄλλη
800 742 888 800 ’γὰρ
914 748 973 797 H,
1004 740 1118 787 ἀλλὰ
1148 743 1235 800 γὰρ
1269 748 1367 788 libri
1390 756 1476 788 tam
1508 749 1608 788 editi
1640 761 1763 799 quam
1794 752 1935 803 scripti

150 811 318 859 praeter
343 818 471 846 unum
502 805 612 846 Flor.
637 806 684 853 T,
717 808 785 846 cui
815 813 954 846 tamen
983 805 1263 857 adstipulatur
1284 804 1468 845 Galenus
1499 807 1547 850 Τ.
1573 807 1626 845 V.
1646 818 1687 858 p.
1708 807 1793 849 480
1823 809 1934 860 ipsa-

151 875 233 914 que
275 862 466 903 lectionis
495 863 752 916 praestantia
789 864 915 903 etiam
946 876 971 902 a
1001 858 1151 905 Stallb.
1197 869 1236 902 et
1273 861 1529 903 Schneider-o
1563 865 1730 916 agnita,
1774 866 1841 905 cui
1872 866 1936 906 vel

150 923 244 960 sine
277 921 394 961 libris
421 921 560 960 locum
594 920 768 961 concedi
799 919 864 960 fas
898 926 1023 964 esset.
1045 921 1164 960 —P.
1183 918 1266 960 437
1285 922 1322 959 A
1354 916 1427 971 εἴη
1457 912 1486 971 ἢ
1514 917 1592 959 καὶ
1614 933 1639 960 a
1658 921 1843 962 Bekkero
1866 923 1934 963 de-

150 990 267 1017 mum
298 979 455 1018 inserta
483 979 562 1018 etsi
587 979 629 1018 in
662 990 815 1031 magno
847 978 1038 1018 codicum
1063 978 1279 1030 ipsiusque
1309 975 1452 1016 Galeni
1477 989 1685 1017 consensu
1714 980 1935 1020 exturbare

150 1034 293 1085 nolui,
334 1035 434 1075 mihi
466 1042 603 1075 tamen
636 1037 789 1075 veteris
823 1036 975 1075 erroris
1017 1035 1303 1087 suspicionem
1335 1034 1537 1086 praebere
1576 1035 1776 1075 cancellis
1807 1037 1936 1090 sigui-

149 1092 288 1133 ficavi.
308 1115 358 1121 —
376 1093 421 1134 P.
442 1091 527 1133 437
545 1092 575 1132 C
601 1089 650 1131 τί
678 1089 763 1131 δαί
787 1092 834 1142 Ρ,
869 1093 936 1132 cui
968 1094 1099 1132 miror
1124 1090 1426 1131 Schneiderum
1453 1091 1500 1131 T.
1522 1091 1571 1134 II.
1603 1104 1645 1144 p.
1673 1092 1752 1133 291
1788 1095 1829 1132 in
1859 1094 1937 1134 hoc

151 1149 357 1190 vocabulo
388 1149 494 1189 nihil
526 1150 793 1190 tribuendum
822 1162 916 1190 esse
941 1148 1176 1197 affirmare;
1213 1161 1292 1202 ego
1326 1155 1436 1189 certe
1460 1161 1581 1199 quem
1605 1150 1648 1188 in
1669 1157 1784 1190 tanta
1808 1150 1935 1203 hujus

147 1207 380 1259 particulae
408 1207 683 1260 ambiguitate
711 1207 860 1247 ducem
886 1207 1142 1259 praeferam.
1176 1218 1258 1246 non
1283 1206 1475 1253 invenio,
1507 1219 1685 1257 eumque
1716 1208 1839 1248 etiam
1873 1210 1935 1248 in-

147 1264 278 1304 serius
307 1265 468 1316 passim
501 1276 584 1304 non
616 1264 772 1305 monito
804 1264 959 1304 lectore
989 1270 1157 1304 secutus
1193 1275 1309 1311 sum,
1344 1269 1388 1302 ut
1411 1264 1464 1302 V.
1497 1275 1541 1315 p.
1572 1263 1658 1304 464
1686 1265 1746 1313 Ι),
1781 1265 1866 1306 468
1889 1265 1934 1310 Β,

147 1320 234 1362 469
263 1320 351 1369 ΒΟ,
385 1321 470 1363 470
499 1322 559 1369 A,
592 1322 677 1362 475
706 1322 763 1367 A,
796 1323 880 1362 477
910 1322 958 1370 Ε,
988 1321 1074 1362 479
1105 1322 1160 1367 Β,
1191 1320 1261 1359 VI.
1297 1333 1342 1372 p.
1376 1319 1460 1361 496
1490 1322 1552 1368 A,
1580 1322 1663 1363 505
1696 1320 1740 1370 C,
1773 1322 1857 1363 506
1890 1322 1933 1369 C,

146 1379 241 1421 Vll.
270 1391 312 1431 p.
343 1378 426 1420 519
446 1379 492 1425 B,
521 1377 605 1419 523
628 1379 673 1426 Ε,
706 1378 791 1419 526
817 1379 863 1427 Β,
898 1380 980 1420 527
1006 1378 1056 1427 D,
1087 1378 1194 1419 VllI.
1225 1390 1268 1429 p.
1296 1378 1376 1418 551
1406 1377 1456 1426 D,
1493 1377 1575 1419 558
1604 1379 1655 1427 Α,
1685 1379 1767 1420 559
1791 1381 1829 1419 Α
1857 1386 1931 1420 ete.

147 1456 203 1465 ›—
233 1435 279 1479 P.
313 1436 398 1477 437
429 1436 462 1475 Ε
492 1433 673 1487 θερμοῦ
703 1427 965 1487 ἐπιθυμίαν
995 1449 1178 1486 moxque
1210 1427 1298 1486 τὴν
1330 1433 1411 1474 τοῦ
1439 1433 1624 1487 ’ψυχροῦ
1654 1436 1711 1485 Η,
1752 1434 1935 1488 ψυχροῦ

144 1484 276 1534 ἔπιθ’.
312 1499 351 1533 et
383 1486 472 1544 τὴν
499 1491 581 1532 τοῦ
611 1490 792 1545 θερμοῦ
823 1494 942 1539 libri,
975 1494 1192 1546 speciose,
1223 1492 1422 1543 quoniam
1451 1493 1523 1543 qui
1554 1492 1683 1541 calet,
1715 1493 1931 1547 frigidam,

147 1551 219 1601 qui
248 1549 395 1603 friget,
423 1551 603 1591 calidam
630 1552 842 1603 potionem
875 1552 1112 1591 desiderare
1137 1550 1265 1596 solet3
1295 1551 1371 1590 sed
1404 1558 1545 1590 contra
1569 1550 1814 1605 philosophi
1841 1563 1934 1591 sen-

146 1608 340 1657 tentiam,
375 1609 446 1659 qui
476 1609 672 1649 attributa
693 1620 717 1647 a
739 1610 956 1649 notionum
978 1609 1189 1648 consortio
1210 1607 1394 1657 derivat,
1422 1614 1468 1646 ut
1498 1619 1597 1647 mox
1628 1606 1799 1647 πολλοῦ
1821 1609 1933 1648 sitim

145 1677 170 1704 a
201 1657 399 1716 πλήθειε
436 1665 491 1705 ef.
526 1665 728 1707 Ritschel.
762 1666 869 1711 Mus.
906 1665 1093 1708 Rhenan.
1134 1666 1181 1704 T.
1215 1665 1287 1708 IV.
1324 1677 1367 1718 p.
1403 1660 1504 1705 440.
1538 1687 1592 1693 —-
1630 1665 1676 1706 P.
1712 1666 1797 1707 440
1826 1666 1860 1705 D
1901 1653 1934 1717 ἦ

146 1715 263 1774 πρὸς
295 1722 358 1763 BS
386 1736 439 1762 ex
469 1724 577 1774 conj.
613 1723 745 1770 Astii;
779 1717 822 1762 εἰ
850 1715 967 1776 πρὸς
991 1723 1064 1763 VT
1092 1730 1131 1762 et
1162 1720 1441 1762 Schneiderus
1476 1734 1568 1762 cum
1602 1723 1739 1774 libris;
1770 1723 1934 1763 medela

146 1789 285 1819 tamen
328 1783 377 1820 eo
419 1780 646 1832 proclivior
685 1788 770 1828 est,
816 1795 898 1831 quo
938 1781 1109 1832 saepius
1150 1779 1344 1819 librarios
1377 1793 1429 1820 ex
1468 1780 1655 1820 cadentis
1694 1781 1934 1833 graecitatis

143 1837 279 1876 abusu
307 1831 351 1876 εἰ
388 1838 430 1876 in
464 1843 576 1877 recta
605 1838 932 1891 interrogatione
964 1838 1162 1890 posuisse
1194 1843 1370 1876 constat.
1410 1859 1461 1865 —
1495 1838 1541 1878 P.
1573 1837 1654 1877 441
1685 1838 1721 1876 Α
1751 1828 1933 1877 ἐπικου-

142 1886 335 1946 ρητικόν
374 1895 405 1934 Ρ
446 1907 542 1934 cum
574 1893 755 1945 Galeno,
800 1886 1099 1949 ἐπικουρικὸν
1130 1893 1284 1937 VBST.
1319 1916 1377 1924 —-
1406 1893 1449 1932 P.
1486 1895 1571 1935 442
1607 1896 1644 1933 Α
1675 1889 1932 1946 προστατή-

143 1961 276 2002 σετον
302 1952 339 1991 Η
369 1964 422 1992 ex
451 1952 559 2003 conj.
585 1951 763 1992 Bekkeri
786 1965 862 2005 pro
889 1944 1227 2005 προστήσετον,
1262 1953 1381 2004 cujus
1406 1951 1628 1991 transitiva
1651 1954 1715 1991 vis
1744 1952 1826 1992 huc
1849 1963 1931 1992 non

140 2010 333 2061 pertinet.
364 2033 422 2041 —-
456 2010 501 2048 P.
533 2007 622 2049 443
650 2009 682 2048 Β
711 2021 756 2047 τι
782 2017 878 2062 post
910 2004 976 2049 ἔτι
1006 2024 1059 2050 ex
1087 2009 1375 2062 dittographia
1405 2015 1563 2057 ortum,
1597 2009 1718 2059 cujus
1750 2011 1931 2062 vestigia

140 2068 268 2106 etiam
293 2065 390 2106 libri
410 2065 597 2105 nonnulli
626 2063 676 2104 τί
697 2054 784 2105 οὖν
809 2067 987 2119 legendo
1012 2072 1252 2112 servarunt,
1276 2065 1601 2118 circumscripsi.
1635 2065 1931 2106 Necessarium

141 2135 225 2163 non
258 2135 353 2163 esse
381 2124 559 2175 probant
604 2123 795 2175 exempla
832 2125 947 2176 apud
983 2122 1184 2164 Fritzsch.
1215 2135 1283 2173 qu.
1317 2122 1496 2164 Lucian.
1536 2135 1580 2175 p.
1612 2121 1668 2163 92
1701 2131 1741 2162 et
1777 2123 1927 2164 Stallb.

139 2180 195 2220 ad
226 2179 405 2221 Phaedr.
427 2192 471 2232 p.
497 2181 603 2228 2743
638 2181 726 2219 sive
756 2181 854 2220 addi
888 2181 1129 2234 placuisset,
1163 2179 1446 2220 commodiore
1476 2187 1626 2236 tamen·
1651 2181 1738 2220 loco
1770 2193 1931 2233 ponen-

139 2237 242 2276 dum
277 2243 381 2279 erat.

257 2351 380 2404 Reip.
416 2352 445 2396 l.
474 2353 527 2395 V.
555 2364 599 2404 p.
622 2351 707 2392 449
743 2350 773 2391 C
803 2341 875 2391 ὅτι
900 2343 983 2403 ἐγώ
1014 2349 1083 2392 VS
1113 2358 1153 2391 et
1179 2350 1346 2399 Asiam,
1378 2345 1444 2391 ἔτι
1473 2344 1558 2404 ἐγώ
1589 2352 1657 2392 BT
1687 2359 1726 2392 et
1757 2351 1930 2392 Schnei-

141 2408 266 2448 derus
298 2422 393 2449 eum
424 2409 566 2457 libris,
600 2409 677 2450 sed
711 2408 1034 2462 languidissimo
1061 2408 1290 2461 particulae
1314 2421 1415 2456 usu,
1439 2421 1683 2475 'quanquam
1716 2409 1840 2449 facile
1870 2410 1929 2449 in-

141 2465 332 2518 telligas,
366 2466 576 2518 quomodo
609 2478 658 2506 ea
685 2467 836 2506 rariori
866 2466 1152 2520 interrogandi
1191 2465 1397 2506 formulae
1433 2478 1506 2506 οτι
1536 2465 1585 2505 τί
1623 2467 1819 2506 substitui
1853 2479 1927 2519 po-

138 2524 278 2563 tuerit.
339 2524 402 2564 Ita
433 2524 544 2564 enim
580 2524 962 2576 interpungendum
992 2531 1078 2572 est,
1110 2531 1156 2563 ut
1184 2513 1259 2561 ὅτι
1291 2524 1346 2563 ad
1375 2521 1424 2562 τί
1450 2523 1679 2573 referatur,
1721 2525 1788 2564 cui
1816 2524 1930 2575 quod

140 2577 425 2621 Schneiderus
442 2582 654 2633 opposuit,
679 2581 720 2620 in
741 2593 944 2633 responso
961 2582 1155 2621 iteratum
1175 2571 1247 2619 ὅτι
1272 2580 1515 2629 desiderari,
1538 2587 1647 2621 recte
1668 2581 1757 2633 jam
1776 2579 1929 2620 Sohae-

138 2636 256 2677 ferus
285 2638 340 2677 ad
363 2637 577 2678 Demosth.
602 2638 650 2680 T.
678 2638 749 2678 IV.
778 2650 821 2690 p.
858 2639 939 2680 154
968 2639 1288 2691 responsionem
1322 2639 1642 2692 interrogationi
1668 2649 1751 2678 non
1774 2639 1928 2689 ubique

139 2694 200 2734 ita
235 2697 462 2746 exaequari
496 2696 680 2744 monuit,
721 2702 766 2735 ut
809 2696 1078 2736 exactissima
1109 2695 1326 2735 ambarum
1358 2697 1611 2749 conspiratio
1647 2697 1824 2743 oriatur;
1867 2697 1923 2738 cf.

137 2750 315 2794 Lucian.
338 2752 456 2792 Dem.
488 2765 578 2795 enc.
609 2753 647 2803 §.
671 2754 741 2793 22.
773 2775 827 2781 —
861 2753 905 2793 Ρ.
935 2754 1017 2794 451
1051 2754 1088 2794 Α
1115 2749 1313 2792 δικαίων
1345 2753 1659 2805 circumscripsi
1691 2765 1786 2792 cum
1808 2751 1927 2792 Som-

138 2820 256 2848 mero
286 2809 330 2848 in
367 2809 566 2850 Zeitschr.
598 2810 628 2851 f.
666 2811 706 2851 d.
742 2810 828 2851 Alt.
865 2810 989 2858 1835,
1019 2823 1062 2863 p.
1094 2809 1200 2858 891;
1241 2822 1422 2861 moxque
1460 2801 1516 2850 οὔ
1546 2820 1600 2861 με
1638 2809 1731 2865 dedi
1768 2822 1842 2861 pro
1876 2797 1962 2848 εὖμ

136 2875 218 2915 με,
252 2868 320 2906 cui
353 2867 618 2921 negationem
646 2868 794 2908 deesse
822 2868 909 2920 jam
942 2875 1038 2908 ante
1063 2866 1306 2908 Cornarium
1332 2874 1371 2907 et
1402 2868 1566 2907 Astium
1595 2867 1707 2908 Mon.
1740 2866 1770 2905 B
1802 2867 1926 2906 libra-
