1962 3236
214 167 318 220 276
827 164 1298 218 ΠΛΑΤΩΝΟΣ

211 300 598 372 ἐμπειρότατος
627 316 821 355 πασων
851 321 934 354 ων
954 307 1179 369 εἴπομεν
1197 299 1448 370 ἡδονῶν;
1485 303 1722 373 πότερον
1742 303 1770 361 6
1794 328 1887 376 φι-

211 383 494 481 λοκερδής,
517 381 828 452 μανθάνων
855 379 1031 451 αὐτὴν
1052 379 1152 451 τὴν
1175 378 1447 452 ἀλήθειαν
1466 380 1586 439 οἷόν
1607 387 1770 455 ἐστιν,
1792 389 1887 457 ἐμ-

149 484 183 525 Β
209 464 525 536 πειρότερος
551 467 705 518 δοκεῖ
725 481 813 517 σοι
832 461 969 516 εἶναι
998 467 1093 533 τῆς
1114 460 1219 517 ἀπὸ
1252 469 1354 518 τοῦ
1381 468 1579 520 εἰδέναι
1606 464 1879 538 ἡδονῆς,
1854 491 1887 538 η

209 545 238 602 6
261 546 569 617 φιλόσοφος
587 550 683 616 τῆς
703 543 810 599 ἀπὸ
842 548 945 598 τοῦ
965 547 1301 612 κερδαίνειν;
1338 547 1513 615 Πολύ,
1536 551 1658 619 ἔφη,
1694 552 1886 619 διαφέ-

210 652 307 703 ρει.
345 629 542 703 τῷμὲν
563 626 671 698 γὰρ
700 626 914 699 ἀνάγκη
940 628 1206 697 γεύεσθαι
1235 634 1347 684 τῶν
1379 631 1578 699 ἐτέρων
1607 634 1666 686 ἐκ
1697 635 1888 698 παιδὸς

209 709 521 784 ἀρξαμένῳ·
565 715 644 783 τῷ
671 710 730 765 δὲ
750 713 1079 781 φιλοκερδεῖ,
1109 708 1218 782 ὅπῃ
1245 713 1456 780 πέφυκε
1490 710 1554 766 τὰ
1586 711 1719 767 ὄντα
1747 735 1888 783 μαν-

208 794 463 860 θάνοντι,
484 796 579 862 τῆς
596 788 799 862 ἡδονῆς
823 791 1038 862 ταύτης,
1063 789 1134 855 ὠς
1153 790 1379 861 γλυκεῖά
1401 793 1565 863 ἐστιν,
1586 793 1687 848 οὐκ
1711 792 1886 864 ἀνάγ-

209 897 278 945 κη
324 874 592 944 γεύεσθαι
641 871 761 927 οὐδ’
815 875 1052 945 ἐμπείρῳ
1098 878 1416 943 γίγνεσθαι,
1455 879 1665 944 μᾶλλον
1704 875 1762 930 δὲ
1799 878 1888 931 καὶ

209 959 660 1029 προθυμουμένῳ
690 952 758 1010 οὐ
779 956 990 1026 ῥᾴδιον.
1029 952 1187 1009 Πολὺ
1208 955 1332 1023 ἄρα,
1364 948 1435 1024 ἦν
1466 953 1519 1008 δ’
1542 955 1667 1024 ἐγώ,
1698 958 1887 1026 διαφέ-

210 1060 292 1107 ρει
312 1044 415 1093 τοῦ
437 1061 499 1107 γε
519 1041 885 1108 φιλοκερδοῦς
917 1034 945 1091 6
970 1036 1276 1106 φιλόσοφος
1297 1038 1545 1106 ἐμπειρίᾳ
1561 1035 1887 1108 ἀμφοτέρων

138 1135 170 1176 C
210 1126 322 1175 τῶν
357 1117 596 1191 ἡδονῶν.
635 1116 792 1174 Πολὺ
830 1120 1031 1188 μέντοι.
1089 1123 1158 1172 Τί
1190 1119 1247 1173 δὲ
1288 1124 1389 1172 τοῦ
1427 1124 1744 1188 φιλοτίμους
1783 1112 1888 1190 ἆρα

85 1194 90 1198 ’
211 1208 424 1272 μᾶλλον
445 1201 671 1272 ἄπειρός
690 1204 801 1255 ἐστι
819 1205 915 1270 τῆς
935 1198 1042 1255 ἀπὸ
1062 1205 1166 1255 τοῦ
1183 1205 1451 1270 τιμᾶσθαι
1470 1198 1674 1270 ἡδονῆς
1693 1198 1728 1271 ἦ
1748 1203 1888 1255 ἐκεῖ-

208 1307 303 1350 νος
332 1290 429 1355 τῆς
463 1282 570 1339 ἀπὸ
603 1289 706 1338 τοῦ
743 1295 1000 1353 φρονεῐν;
1034 1280 1193 1338 Ἀλλὰ
1223 1282 1347 1352 τιμὴ
1379 1283 1496 1352 μέν,
1534 1285 1656 1353 ἔφη,
1689 1282 1888 1350 ἐάνπερ

209 1366 600 1436 ἐξεργάζωνται
619 1366 704 1420 ἐπὶ
724 1362 755 1419 ὃ
773 1366 1000 1428 ἕκαστος
1023 1363 1259 1434 ὥρμηκε,
1281 1368 1452 1418 πᾶσιν
1472 1362 1655 1427 αὐτοῖς
1677 1365 1862 1418 ἕπεται
1877 1385 1887 1395 ·

210 1446 432 1518 καὶγὰρ
465 1445 492 1501 6
521 1445 782 1510 πλούσιος
818 1443 926 1499 ὑπὸ
959 1451 1180 1500 πολλῶν
1205 1450 1423 1514 τιμᾶται
1452 1447 1542 1500 καὶ
1579 1443 1607 1500 6
1641 1443 1890 1514 ἀνδρεῖος

209 1532 302 1586 καὶ
322 1528 351 1585 ὁ
374 1527 565 1599 σοφός,
589 1526 729 1582 ὥστε
750 1526 860 1581 ἀπό
879 1549 940 1596 γε
969 1531 1070 1581 τοῦ
1091 1532 1376 1597 τιμᾶσθαι,
1401 1521 1524 1581 οἷόν
1543 1529 1671 1594 ἐστι,
1694 1525 1892 1589 πάντες

208 1618 305 1683 τῆς
334 1608 539 1682 ἡδονῆς
569 1614 836 1680 ἔμπειροι·
897 1614 993 1679 τῆς
1022 1611 1081 1663 δὲ
1109 1614 1209 1664 τοῦ
1234 1606 1394 1673 ὄντος
1426 1610 1578 1679 θέας,
1609 1611 1734 1663 οἵαν
1761 1606 1893 1677 ἡδο-

211 1694 320 1765 νὴν
341 1697 463 1764 ἔχει,
486 1689 770 1747 ἀδύνατον
790 1690 937 1764 ἄλλῳ
960 1697 1262 1761 γεγεῦσθαι
1292 1690 1437 1761 πλὴν
1467 1696 1546 1762 τῷ
1577 1690 1884 1763 φιλοσόφῳ.

146 1788 182 1829 D
209 1773 512 1846 Ἐμπειρίας
548 1773 648 1844 μὲν
677 1771 802 1842 ἄρα,
835 1771 1010 1841 εἷπον,
1039 1772 1202 1827 ἕνεκα
1233 1772 1493 1827 κάλλιστα
1521 1776 1635 1826 τῶν
1665 1767 1892 1842 ἀνδρῶν

211 1862 388 1927 κρίνει
407 1850 581 1919 οὗτος.
619 1854 780 1910 Πολύ
797 1877 873 1923 γε.
920 1855 1030 1910 Καὶ
1054 1852 1164 1924 μὴν
1183 1853 1317 1925 μετά
1344 1876 1407 1923 γε
1438 1853 1760 1923 φρονήσεως
1787 1853 1891 1924 μό-

185 1943 307 2003 ’νος
334 1942 586 2008 ἔμπειρος
617 1934 860 2033 γεγονώς
891 1939 1055 1990 ἔσται.
1102 1942 1170 1991 Τί
1194 1936 1333 2007 μήν;
1366 1934 1525 1991 Ἀλλὰ
1556 1933 1784 2006 μὴν”καὶ
1817 1932 1889 1988 δι’

213 2012 282 2074 οὗ
300 2041 362 2089 γε
392 2016 518 2073 δεῖ’
494 2017 742 2089 οργάνου
763 2023 1073 2088 κρίνεσθαι,
1104 2017 1172 2073 οὐ
1200 2024 1302 2073 τοῦ
1331 2021 1698 2088 φιλοκερδοῦς
1727 2021 1889 2070 τοῦτο

211 2099 455 2171 ὄργανον
486 2097 617 2154 οὐδε
637 2104 742 2154 τοῦ
770 2104 1079 2169 φιλοτίμου,
1105 2096 1243 2153 ἀλλα
1273 2103 1374 2152 τοῦ
1403 2094 1889 2168 φιλοσόφου.Τὸ

211 2193 396 2246 ποῖον;
428 2178 542 2235 Δια
582 2179 768 2251 λόγων
805 2201 916 2235 που
949 2185 1158 2250 ἔφαμεν
1189 2183 1304 2235 δεῖν
1331 2185 1637 2249 κρίνεσθαι.
1691 2182 1724 2250 ἠ
1759 2178 1892 2249 γάρ;

209 2266 340 2319 Ναί.
381 2261 554 2331 Λόγοι
593 2263 653 2316 δε
692 2261 899 2316 τούτου
934 2261 1167 2331 μάλιστα
1206 2260 1465 2332 ὄργανον.
1526 2267 1656 2326 Πως
1698 2259 1748 2316 δ’
1794 2258 1892 2326 οῦ;

215 2340 445 2399 Οὐκοῦν
483 2346 532 2397 εἰ
566 2364 669 2445 μεν
705 2342 926 2416 πλούτω
967 2345 1057 2397 καὶ
1095 2345 1277 2411 κέρδει
1315 2342 1509 2412 ἄριστα
1547 2345 1790 2411 ἐκρίνετο
1824 2339 1890 2395 τά

153 2447 187 2488 Ε
217 2424 536 2494 κρινόμενα,
559 2422 594 2479 ὁὶ
614 2422 805 2497 ἐπῄνει
825 2422 853 2479 6
875 2422 1207 2495 φιλοκερδὴς
1225 2427 1314 2480 καὶ
1345 2428 1558 2495 ἐψεγεν,
1587 2422 1801 2493 ἀνάγκη
1822 2419 1893 2476 α“ν

213 2527 285 2576 ην
303 2511 476 2560 ταῦτα
496 2502 841 2575 ἀληθέστατα
861 2503 1014 2560 εἶναι.
1052 2505 1242 2576 Πολλή
1267 2527 1344 2575 γε.
1384 2510 1456 2561 Εἰ
1473 2505 1531 2560 δε
1559 2511 1687 2576 τιμῇ
1717 2524 1773 2558 τε
1803 2501 1893 2556 καὶ

215 2591 342 2659 νίκη
366 2588 456 2641 καὶ
483 2583 730 2659 ἀνδρείᾳ,
753 2584 848 2653 ἀρ’
880 2585 980 2656 οὐχ
1008 2583 1042 2640 ἃ
1061 2583 1089 2642 6
1110 2586 1396 2657 φιλότιμός
1424 2609 1482 2642 τε
1515 2588 1604 2642 καὶ
1625 2585 1654 2641 ὁ
1675 2582 1892 2654 φιλόνι-

215 2689 339 2733 κος;
377 2673 586 2738 Δῆλον.
619 2665 834 2737 Ἐπειδὴ
857 2665 910 2722 δ’
931 2669 1182 2742 ἐμπειρίᾳ
1201 2671 1290 2724 καὶ
1309 2669 1575 2739 φρονήσει
1595 2668 1684 2722 καὶ
1715 2664 1891 2737 λόγως

213 2747 467 2820 Ἀνάγκη,
489 2754 612 2821 ἔφη,
638 2747 673 2805 ὁὶ
693 2748 722 2804 6
747 2749 1055 2821 φιλόσοφός
1076 2773 1134 2806 τε
1163 2752 1254 2806 καὶ
1285 2749 1314 2806 ὁ
1346 2749 1640 2820 φιλόλογος
1666 2749 1892 2812 ἐπαινεῖ,

101 2843 187 2888 583
219 2828 566 2902 ἀληθέστατα
587 2831 742 2887 εἶναι.
788 2839 970 2902 Τριῶν
991 2831 1081 2900 ἄρ’
1103 2831 1292 2888 οὐσῶν
1311 2839 1422 2886 τῶν
1449 2827 1667 2901 ἡδονῶν
1698 2825 1732 2898 ἡ
1760 2826 1894 2881 τού-
1960 2899 1961 2902 ¹
