1962 3236
197 137 318 227 289ἒ
816 118 1298 195 ΠΛΑΤΩΝΟΣ

208 314 416 382 χαίρων
445 274 830 374 πιιγνόμεγονς
878 277 1061 374 Πολύ,,
1100 281 1233 376 ἔφη,
1272 282 1518 350 διαφέρει
1560 284 1619 338 τὸ
1655 291 1756 340 τοῦ
1793 287 1875 342 ἀεὶ

207 395 239 446 ἔ
359 388 418 445 “F
472 362 535 411 H
559 378 662 412 ουν
682 361 951 427 ανομοίου
979 364 1140 414 ουσία
1161 365 1350 426 ουσίας
1376 384 1427 417 τι
1455 370 1666 434 μᾶλλον
1694 362 1730 437 ἢ
1757 370 1876 421 ἐπι-

224 414 348 528 «ΞΖ»
362 460 408 507 [ς
426 438 656 507 μετέχεις
698 437 982 509 Οὐδαμῶς.
1027 446 1097 495 Τί
1111 439 1182 510 δ’,
1214 440 1502 514 ἀληθείας;
1527 445 1675 502 Οὐδὲ
1695 453 1877 503 τοῦτο.

196 496 274 611 {77
302 518 361 573 δὲ
389 515 652 588 ἀληθείας
679 513 863 590 ῆττον,
895 519 963 576 οὐ
991 524 1081 578 καὶ
1111 521 1327 590 οὐσίας;
1358 523 1609 598 Ἀνάγκη.
1652 527 1878 585 Οὐκοῦν

206 594 345 664 ολως
362 597 428 653 τὰ
450 602 573 668 περὶ
591 598 692 670 τὴν
711 608 812 656 τοῦ
831 602 1079 673 σώματος
1094 612 1401 672 θεραπείαν
1418 612 1549 680 γένη
1571 616 1683 665 τῶν
1700 618 1883 681 γενῶν

205 672 278 734 αὖ
299 686 410 734 τῶν
430 684 554 749 περὶ
574 680 677 752 τὴν
701 687 796 753 τῆς
825 691 1001 755 ψυχῆς
1020 691 1326 756 θεραπείαν
1354 681 1520 759 ἧττον
1541 688 1803 760 ἀληθείας
1823 713 1880 745 τε

203 765 294 817 καὶ
316 761 507 827 οὐσίας
533 767 763 835 μετέχεις
800 767 958 821 Πολύ
987 789 1064 836 γε.
1098 773 1275 839 Σῶμα
1307 771 1366 824 δὲ
1404 768 1537 825 αὐτὸ
1571 779 1745 842 ψυχῆς
1777 770 1881 828 οὐκ

204 851 305 900 οἴει
325 843 530 911 οὕτως;
549 844 773 916 ’Έγωγέ
816 846 1044 902 Οὐκοῦν
1066 847 1126 903 τὸ
1155 856 1269 903 τῶν
1286 857 1497 920 μᾶλλον
1528 851 1708 925 ὄντων
1741 860 1881 923 πλη-

204 925 483 996 ρούμενον
503 929 593 982 καὶ
619 926 753 983 αὐτὸ
774 934 987 999 μᾶλλον
1017 925 1084 984 ὂν
1123 929 1296 995 ὅντως
1334 938 1545 1001 μᾶλλον
1576 941 1880 1004 πληροῦται

138 1047 140 1050 -
203 1004 237 1078 ἢ
268 1005 328 1062 τὸ
351 1015 465 1063 τῶν
493 1002 660 1078 ἦττον
690 1008 872 1064 ὄντων
894 1012 982 1065 καὶ
1004 1008 1136 1065 αὐτὸ
1167 1004 1334 1082 ἦττον
1364 1011 1459 1079 ὅν;
1494 1019 1624 1079 Πῶς
1653 1015 1759 1086 γὰρ
1783 1016 1898 1093 οῦ,κ
1921 1050 1962 1101 't

204 1097 275 1148 Εἰ
294 1090 402 1158 ἄρα
420 1088 482 1145 τὸ
501 1097 859 1161 πληροῦσθαι
876 1101 987 1147 τῶν
1007 1094 1173 1163 φύσει
1193 1097 1592 1167 προσηκόντων
1617 1095 1727 1169 ἡδύ
1752 1102 1880 1166 ἐστι,
1901 1073 1936 1108 υ
1949 1152 1962 1163 ,Α

143 1186 176 1226 Ε
206 1170 266 1228 τὸ
288 1178 368 1246 τῷ
387 1171 506 1228 ὅντι
537 1174 628 1229 καὶ
655 1179 768 1230 τῶν
802 1173 983 1230 ὄντων
1010 1178 1399 1248 πληρούμενον
1426 1184 1638 1248 μᾶλλον
1668 1187 1879 1250 μᾶλλον

204 1253 379 1319 ὅντως
399 1276 456 1309 τε
475 1257 565 1309 καὶ
587 1252 967 1326 ἀληθεστέρως
985 1262 1192 1326 χαίρειν
1211 1254 1283 1312 ἂν
1302 1271 1454 1314 ποιοῖ
1466 1256 1640 1332 ἡδονῇ
1665 1258 1882 1331 ἀληθεῖ,

204 1333 265 1391 τὸ
289 1336 347 1391 δὲ
378 1340 493 1390 τῶν
521 1327 687 1405 ἧττον
721 1335 902 1392 ὄντων
929 1339 1351 1410 μεταλαμβάνον
1382 1333 1547 1410 ἧττόν
1579 1362 1634 1395 τε
1656 1338 1726 1395 ἂν
1746 1341 1881 1412 άλη-

202 1425 323 1482 θῶς
342 1419 434 1473 καὶ
453 1423 687 1489 βεβαίως
707 1426 967 1489 πληροῖτο
996 1423 1086 1475 καὶ
1107 1419 1463 1491 ἀπιστοτέρας
1482 1420 1552 1475 ἂν
1572 1419 1775 1493 ἡδονῆς
1794 1427 1884 1479 καὶ

204 1493 372 1570 ἦττον
411 1497 661 1569 ἀληθοῦς
696 1502 1117 1573 μεταλαμβάνοι.
1162 1503 1605 1573 Ἀναγκαιότατα,
1638 1508 1757 1575 ἔφη.
1815 1507 1890 1560 OC

89 1600 175 1646 586
208 1580 315 1652 ἄρα
332 1581 657 1652 φρονήσεως
676 1585 768 1637 καὶ
798 1580 993 1654 ἀρετῆς
1022 1583 1255 1655 ἄπειροι,
1289 1585 1538 1655 εὐωχίαις
1567 1584 1626 1639 δὲ
1656 1588 1746 1640 καὶ
1773 1598 1888 1650 τοῖς

204 1662 475 1726 τοιούτοις
502 1661 585 1718 ἀεὶ
615 1662 889 1733 ξυνόντες,
926 1664 1091 1733 κάτω,
1124 1663 1195 1729 ὡς
1225 1669 1384 1735 ἔοικε,
1416 1667 1506 1721 καὶ
1535 1668 1689 1737 μέχρι
1717 1666 1886 1722 πάλιν

206 1746 345 1814 πρὸς
381 1743 442 1799 τὸ
480 1742 681 1814 μεταξὺ
720 1746 988 1815 φέρονταί
1019 1767 1076 1800 τε
1112 1748 1202 1801 καὶ
1243 1746 1413 1818 ταύτῃ
1443 1753 1762 1803 πλανῶνται
1793 1748 1883 1803 διά

206 1829 354 1897 βίου,
393 1823 731 1897 ὑπερβάντες
767 1827 825 1882 δὲ
860 1832 1024 1881 τοῦτο
1070 1827 1206 1897 πρὸς
1241 1827 1301 1883 τὸ
1337 1826 1568 1899 ἀληθῶς,
1602 1829 1718 1884 ἄνω
1757 1829 1884 1884 οὔτε

207 1905 520 1978 ἀνέβλεψαν
549 1907 771 1962 πώποτε
801 1906 927 1962 οὔτε
958 1906 1291 1980 ἠνέχθησαν,
1326 1908 1455 1966 οὐδὲ
1485 1915 1588 1965 τοῦ
1622 1909 1782 1974 ὄντος
1809 1917 1884 1984 τῷ

207 1987 327 2046 ὅντι
348 1988 773 2059 ἐπληρώθησαν,
796 1988 926 2044 οὐδὲ
947 1996 1176 2061 βεβαίου
1194 2012 1251 2045 τε
1279 1992 1370 2046 καὶ
1399 1997 1651 2062 καθαρᾶς
1681 1990 1885 2062 ἡδονῆς

207 2071 524 2140 ἐγεύσαντο,
556 2069 694 2126 ἀλλά
724 2071 1091 2141 βοσκημάτων
1121 2075 1280 2141 δίκην
1301 2071 1448 2125 κάτω
1480 2069 1563 2126 ἀεὶ
1591 2075 1886 2143 βλέποντες

209 2154 301 2207 καὶ
319 2151 621 2221 κεκυφότες
642 2156 716 2215 εἰς
734 2158 840 2221 γῆν
858 2152 948 2206 καὶ
969 2156 1043 2214 εἰς
1070 2155 1332 2221 τραπέζας
1359 2151 1659 2222 βόσκονται
1688 2175 1885 2223 χορτα-

145 2250 178 2291 Β
211 2233 425 2304 ζόμενοι
444 2235 534 2288 καὶ
566 2231 868 2302 ὀχεύοντες,
899 2235 989 2287 καὶ
1019 2234 1181 2288 ἕνεκα
1210 2238 1303 2303 τῆς
1332 2233 1545 2288 τούτων
1575 2238 1888 2300 πλεονεξίας

208 2318 548 2379 λακτίζοντες
567 2314 658 2368 καὶ
673 2320 1023 2383 κυρίττοντες
1042 2311 1312 2384 ἀλλήλους
1340 2318 1584 2385 σιδηροῖς
1611 2317 1804 2384 κέρασί
1828 2337 1885 2370 τε

209 2398 300 2452 καὶ
320 2393 511 2459 ὁπλαῖς
530 2392 929 2449 ἀποκτιννύασι
950 2391 1022 2449 δι’
1045 2394 1366 2466 ἀπληστίαν,
1390 2393 1483 2450 ἅτε
1505 2394 1626 2466 οὐχὶ
1653 2409 1765 2461 τοῖς
1785 2390 1886 2451 οὐ·

209 2492 299 2532 σιν
320 2473 528 2533 οὐδὲτὸ
553 2471 621 2531 ὂν
650 2474 779 2531 οὐδὲ
801 2475 862 2531 τὸ
888 2478 1083 2546 στέγον
1104 2477 1314 2531 ἑαυτῶν
1334 2477 1687 2547 πιμπλάντες.
1726 2487 1882 2534 Παν-

208 2565 392 2630 τελῶς,
429 2562 534 2628 ἔφη
566 2554 595 2613 ὁ
626 2558 917 2628 Γλαύκων,
948 2556 1049 2614 τὸν
1076 2564 1188 2614 τῶν
1226 2565 1464 2629 πολλῶν,
1499 2554 1543 2615 ὦ
1571 2558 1881 2629 Σώκρατες,

207 2644 543 2714 χρησμῳδεῖς
561 2645 698 2711 βίον.
724 2635 842 2709 Ἆρ’
877 2635 981 2695 οὖν
1011 2639 1114 2696 οὐκ
1142 2639 1356 2711 ἀνάγκη
1386 2643 1476 2695 καὶ
1502 2637 1724 2710 ἡδοναῖς
1752 2644 1883 2704 ξυν-

209 2732 346 2776 εῖναι
375 2725 726 2792 μεμιγμέναις
756 2723 972 2791 λύπαις,
1006 2722 1250 2786 εἰδώλοις
1281 2728 1375 2792 τῆς
1402 2720 1650 2791 ἀληθοῦς
1678 2717 1883 2791 ἡδονῆς

205 2803 296 2856 καὶ
335 2803 894 2874 ἐσκιαγραφημέναις,
934 2800 1042 2858 ὑπὸ
1081 2811 1176 2873 τῆς
1225 2800 1356 2872 παρ’
1401 2800 1636 2870 ἀλλήλας
1674 2804 1882 2864 θέσεως
