1962 3236
435 0 528 31 ντ-ὴ,
526 0 1019 43 ξμξῖξκῗαῗιιῑῖ-’ςγζτπζβΐ
1066 3 1139 37 νς
1178 0 1207 19 '-

536 51 547 58 s
643 46 647 47 ⁷
679 49 694 56 >-
738 42 742 46 ”
783 56 785 60 ,
1128 42 1130 49 ¹

602 142 1083 231 HOAITEIAZ
1111 171 1170 227 δ’.
1628 175 1727 227 125

48 319 221 376 οῦτόν
240 320 388 375 ἐστιν
404 311 525 372 οἷον
542 313 692 379 τινὰς
712 311 850 369 εἶναι
869 315 1082 383 μεῖζον;
1100 311 1268 367 Πάνυ
1286 331 1363 382 γε.
1380 309 1610 368 Οὐκοῦν
1629 316 1730 365 τοῦ

50 402 361 464 ἐλάττονοςς
397 402 523 453 Ναί.
570 395 645 451 T&
669 397 732 450 δέ
746 415 808 464 γε
837 390 981 449 πολὺ
1000 397 1184 464 μεῖζον
1204 391 1350 448 πολὺ
1369 391 1673 456 ἐλάττονος.
1695 384 1732 462 ἦ

48 482 183 552 γάρς
220 486 347 537 Ναί.
396 473 514 548 Ἆρ’
544 469 651 532 οὖν
681 475 771 530 καὶ
799 471 860 529 τὸ
891 474 1022 529 ποτὲ
1051 478 1235 544 μεῖζον
1264 473 1395 529 ποτὲ
1423 472 1729 542 ἐλάττονος,

51 564 142 618 καὶ
162 561 221 618 τὸ
244 562 512 631 ἐσόμενον
529 560 716 627 μεῖζον
730 556 998 625 ἐσομένου
1010 555 1325 621 &Mannum
1338 552 1501 611 Ἀλλὰ
1518 559 1575 610 τί
1587 553 1727 625 μήν·
1714 595 1729 621 ,

51 638 85 715 ἦ
108 641 158 698 δ’
179 642 255 708 ὃς.
294 641 403 698 Καὶ
421 636 486 694 τὰ
506 641 674 692 πλείω
695 634 762 706 δὴ
778 634 919 705 πρὸς
937 632 1003 689 τοὶ
1031 636 1236 691 ἐλάττω
1254 637 1345 691 καὶ
1369 634 1436 690 τὰ
1470 634 1729 690 διπλάσια
1760 645 1790 686 C

50 725 190 792 πρὸς
215 720 279 777 τὰ
300 718 495 792 ἡμίσεα
526 718 616 773 καὶ
645 717 827 771 πάντα
861 714 927 771 τὰ
961 724 1203 786 τοιαῦτα,
1229 719 1319 774 καὶ
1346 710 1420 773 αὖ
1448 715 1729 789 βαρύτερα

49 804 189 872 πρὸς
207 801 522 872 κουφότερα
542 800 632 855 καὶ
650 798 839 854 θάττω
861 797 1000 867 πρὸς
1021 796 1088 853 τὰ
1109 798 1441 869 βραδύτερα,
1463 800 1555 855 καὶ
1574 802 1651 854 ἔτι
1665 819 1728 868 γε

47 885 113 941 τὰ
134 883 316 956 θερμὰ
334 881 473 953 πρὸς
491 881 557 937 τὰ
579 878 759 951 ψυχροὶ
782 881 871 936 καὶ
892 879 1075 936 πάντα
1103 880 1169 935 τοὶ
1199 880 1416 946 τούτοις
1442 902 1607 951 ομοια
1633 873 1722 950 ἆρ’

50 966 151 1038 οὐχ
171 966 347 1030 οὕτως
373 970 504 1035 ἔχει;
543 962 708 1018 Πάνυ
737 963 840 1032 μὲν
870 958 988 1017 οὖν.
1051 966 1119 1016 Τί
1147 961 1205 1017 δὲ
1238 959 1304 1018 τὰ
1336 965 1460 1033 περὶ
1486 959 1582 1026 τὰς
1609 963 1721 1017 ἐπι-

52 1052 284 1123 στήμας;
317 1047 418 1118 οὐχ
439 1045 467 1102 ὁ
490 1044 657 1110 αὐτὸς
676 1045 906 1116 τρόπος;
946 1044 1212 1116 ἐπιστήμη
1240 1047 1343 1116 μὲν
1371 1043 1508 1116 αὐτὴ
1540 1042 1725 1115 μαθή-

50 1154 220 1205 ματος
238 1129 412 1186 αὑτοῦ
431 1128 695 1198 ἐπιστήμη
717 1128 863 1182 ἐστὶν
884 1123 918 1198 ἢ
937 1125 1070 1183 ὅτου
1091 1126 1156 1197 δὴ
1175 1130 1260 1181 δεῖ
1273 1134 1458 1183 θεῖναι
1485 1124 1587 1198 τὴν
1607 1127 1728 1181 ἐπι-

47 1215 280 1285 στήμην,
301 1210 562 1280 ἐπιστήμη
578 1213 641 1264 δέ
655 1232 735 1274 τις
755 1211 845 1264 καὶ
865 1209 996 1264 ποιοί
1015 1232 1094 1273 τις
1114 1215 1281 1265 ποιοῦ
1292 1207 1441 1273 τινὸς
1452 1216 1543 1263 καὶ
1562 1207 1725 1272 τινός.

48 1298 191 1366 λέγω
211 1293 347 1350 δὲτὸ
371 1291 611 1348 τοιόνδε·
636 1288 758 1361 οὐκ,
781 1288 967 1360 ἐπειδὴ
994 1294 1166 1354 οἰκίας
1182 1293 1439 1360 ἐργασίας
1458 1288 1724 1360 ἐπιστήμη
1761 1304 1792 1344 D

50 1379 282 1447 ἐγένετο,
323 1374 575 1445 διήνεγκε
606 1378 718 1428 τῶν
748 1370 935 1428 ἄλλων
972 1374 1303 1443 ἐπιστημῶν,
1337 1367 1475 1426 ὥστε
1507 1373 1728 1426 οἰκοδο-

46 1457 179 1529 μικὴ
200 1462 502 1528 κληθῆναις
551 1460 620 1510 Τί
644 1454 781 1526 μήν;
820 1448 937 1523 Ἆρ’
973 1451 1043 1509 οὐ
1072 1460 1147 1527 τῷ
1178 1453 1311 1509 ποιοὶ
1341 1475 1421 1518 τις
1451 1450 1606 1523 εἶναι,
1640 1455 1727 1508 οἵα

47 1539 203 1608 ἑτέρα
240 1536 468 1607 οὐδεμία
502 1543 618 1591 τῶν
659 1535 867 1600 &mmm
906 1540 1034 1590 Ναί.
1090 1532 1317 1591 Οὐκοῦν
1345 1534 1530 1605 ἐπειδὴ
1562 1539 1729 1590 ποιοῦ

47 1619 213 1690 τινός,
238 1622 326 1676 καὶ
340 1617 477 1690 αὐτὴ
499 1618 629 1674 ποιά
649 1641 728 1683 τις
746 1620 992 1690 ἐγένετο;
1014 1619 1104 1674 καὶ
1123 1621 1182 1674 αἰ
1198 1618 1359 1674 ἄλλαι
1378 1615 1525 1672 οὕτω
1545 1618 1728 1688 τέχναι

46 1724 103 1758 τε
127 1704 216 1758 καὶ
236 1704 522 1772 ἐπιστῆμαι
534 1725 550 1767 3
572 1698 759 1756 Ἔστιν
778 1699 940 1755 οὕτω.

191 1789 315 1839 xlv,
362 1789 539 1839 Τοῦτο
558 1789 767 1852 τοίνυν,
791 1775 858 1853 ἦν
878 1781 933 1837 δ’
955 1782 1080 1852 ἐγώ,
1103 1781 1249 1851 φάθι
1276 1802 1343 1851 με
1372 1779 1495 1836 τότε
1522 1779 1727 1852 βούλε-

49 1875 182 1922 σθαι
216 1869 412 1936 λέγειν,
444 1870 494 1920 εί
520 1864 629 1934 ἄρα
657 1871 767 1921 νῦν
797 1870 1018 1935 ἔμαθες,
1052 1862 1136 1919 ὅτι
1157 1862 1260 1919 ὅσα
1291 1863 1438 1918 ἐστὶν
1466 1856 1555 1918 οἷα
1587 1860 1732 1917 εἷναί

49 1970 167 2015 του,
206 1944 345 2001 αὐτὰ
374 1947 476 2017 μὲν
503 1945 648 2016 μόνα
687 1944 875 2001 αὐτῶν
908 1944 1099 2016 μόνων
1133 1948 1262 2014 ἐστί,
1302 1949 1417 1999 τῶν
1453 1943 1509 1999 δὲ
1548 1948 1726 1998 ποιῶν

45 2034 216 2084 τινῶν
234 2027 362 2083 ποιὰ
382 2026 531 2082 ἅττα.
574 2030 663 2083 καὶ
684 2026 754 2083 οὔ
773 2049 825 2082 τι
844 2029 1002 2096 λέγω,
1034 2025 1124 2096 ὡς,
1155 2029 1289 2082 οἴων
1319 2021 1390 2081 ἄν
1419 2018 1473 2098 ᾖ,
1498 2029 1725 2080 τοιαῦτα
1763 2047 1793 2087 E

46 2113 138 2167 καὶ
158 2114 321 2180 ἔστιν,
343 2107 416 2174 ὡς
443 2107 552 2179 ἄρα
571 2111 662 2165 καὶ
691 2115 804 2164 τῶν
837 2106 1099 2179 ὑγιεινῶν
1129 2110 1220 2164 καὶ
1248 2110 1518 2164 νοσωδῶν
1546 2104 1579 2179 ἡ
1607 2111 1727 2163 ἐπι-

49 2192 224 2263 στήμη
245 2189 455 2262 ὑγιεινὴ
479 2193 570 2247 καὶ
587 2191 838 2262 νοσώδης
858 2193 1079 2247 καὶτῶν
1108 2197 1298 2247 κακῶν
1327 2191 1417 2246 καὶ
1445 2194 1559 2245 τῶν
1587 2187 1728 2260 ἄγα-

0 2276 4 2325 b
48 2279 176 2328 θῶν
195 2270 335 2343 κακὴ
356 2275 445 2327 καὶ
463 2270 651 2344 ἀγαθή
666 2295 677 2306 ·
716 2271 837 2329 ἀλλ’
862 2272 1046 2344 ἐπειδὴ
1069 2271 1173 2328 οὐκ
1205 2270 1381 2327 αὐτοῦ
1410 2263 1583 2340 οὗπερ
1607 2272 1725 2327 ἐπι-

0 2375 4 2407 r
50 2355 226 2423 στήμη
261 2355 409 2409 ἐστὶν
438 2356 651 2424 ἐγένετο
686 2354 966 2427 ἐπιστήμη,
998 2354 1136 2411 ἀλλὰ
1167 2359 1333 2410 ποιοῦ
1362 2352 1530 2424 τινός,
1561 2358 1724 2408 τοῦτο

0 2467 2 2482 ·
53 2435 104 2489 δ’
136 2428 203 2504 ἦν
225 2432 470 2505 ὑγιεινὸν
487 2438 579 2492 καὶ
597 2441 854 2508 νοσῶδες,
877 2437 1004 2493 ποιὰ
1028 2438 1096 2508 δή
1124 2459 1203 2501 τις
1232 2437 1432 2508 ξυνέβη
1464 2435 1553 2491 καὶ
1584 2432 1721 2504 αὐτὴ

51 2517 330 2586 γενέσθαι,
370 2518 460 2571 καὶ
491 2523 654 2573 τοῦτο
700 2516 876 2588 αὐτὴν
919 2520 1138 2589 ἐποίησε
1182 2519 1372 2589 μηκέτι
1424 2514 1727 2586 ἐπιστήμην

48 2595 235 2662 ἁπλῶς
266 2604 574 2667 καλεῖσθαι,
606 2595 744 2655 ἀλλὰ
776 2606 876 2654 τοῦ
904 2605 1071 2655 ποιοῦ
1095 2595 1246 2664 τινός
1273 2599 1725 2668 προσγενομένου

52 2677 320 2748 ἰατρικήν.
364 2677 634 2749 Ἕμαθον,
667 2683 790 2750 ἔφη,
823 2684 920 2734 καί
932 2701 1025 2750 μοι
1048 2683 1204 2735 δοκεῖ
1226 2679 1403 2744 οὕτως
1431 2684 1590 2750 ἔχειν.
1651 2677 1725 2734 Tb

52 2757 112 2815 δ)
130 2758 196 2830 δή
219 2762 393 2825 δῖψος,
416 2752 483 2830 ἦν
503 2758 554 2814 δ’
576 2760 703 2830 ἐγώ,
727 2758 795 2815 οὐ
818 2760 1031 2815 τούτων
1050 2761 1244 2831 θήσεις
1268 2767 1378 2816 τῶν
1404 2759 1557 2826 τινὰς
1589 2758 1730 2816 εἶναι
1756 2782 1841 2828 439

51 2846 211 2896 τοῦτο
234 2839 370 2910 ὅπερ
394 2843 566 2904 ἐστίνς
608 2847 716 2897 ἔστι
739 2843 792 2898 δὲ
816 2842 997 2913 δήπου
1016 2847 1196 2908 ὁῖψος;
1233 2840 1456 2913 Ἔὶγωγε,
1489 2835 1524 2914 ἦ
1557 2841 1610 2897 δ’
1642 2839 1725 2907 ὅς·
