1962 3236
7 227 13 231 .
54 191 111 236 87
702 179 1083 229 ΤΙΜΑΙΟΣ.
1635 178 1739 230 405

55 315 463 387 ξυμπεπηγότα,
483 311 551 370 ὃν
569 314 637 384 δὴ
659 317 873 383 σπέρμα
894 315 954 368 ἐν
973 324 1088 377 τοῖς
1106 309 1360 381 πρόσθεν
1380 310 1564 383 λόγοις
1585 321 1738 368 εἴπο-
1769 323 1802 365 Β

52 419 181 467 μεν·
220 394 250 452 ὁ
271 400 348 465 δέ,
381 393 468 451 ἅτ’
502 399 744 465 ἔμψυχος
773 389 855 449 ῶν
890 394 981 449 καὶ
1015 392 1207 465 λαβῶν
1243 390 1534 465 ἀναπνοὴν
1569 393 1737 449 τοῦθ’

51 471 192 550 ᾗπερ
222 475 547 546 ἀνέπνευσε,
571 482 668 547 τῆς
695 478 891 545 ἐκροῆς
921 472 1155 545 ζωτικὴν
1177 476 1481 547 ἐπιθυμίαν
1507 476 1740 546 ἐμποιή-

53 577 152 623 σας
181 558 336 631 αὐτῷ
364 565 468 614 τοῦ
489 563 699 630 γεννᾷν
729 562 905 627 ἔρωτα
934 555 1240 614 ἀπετέλεσε.
1282 555 1366 614 διὸ
1397 557 1464 629 δὴ
1494 564 1610 614 τῶν
1638 560 1740 629 μὲν

52 638 279 707 ἀνδρῶν
294 639 358 694 τὸ
391 641 516 708 περὶ
546 637 651 709 τὴν
676 644 790 693 τῶν
822 641 1050 694 αἰδοίων
1091 638 1269 709 φύσιν
1296 637 1525 704 ἀπειθές
1555 661 1615 695 τε
1649 640 1742 695 καὶ

54 720 388 791 αὐτοκρατὲς
422 718 674 791 γεγονός,
714 715 836 776 οἷον
872 724 1014 785 ζῶον
1052 719 1376 791 ἀνυπήκοον
1414 727 1517 777 τοῦ
1549 720 1740 791 λόγου,

52 803 280 859 πάντων
298 799 375 859 δι’
395 804 692 873 ἐπιθυμίας
711 802 1030 872 οἰστρώδεις
1049 805 1311 874 ἐπιχειρεῖ
1324 814 1545 872 κρατεῖν
1558 824 1570 837 ·
1608 806 1669 858 αἱ
1685 799 1736 858 δ’

50 887 111 940 ἐν
126 896 245 950 ταῖς
262 886 518 955 γυναιξὶν
536 878 610 939 αὖ
637 889 844 955 μῆτραί
857 904 915 939 τε
946 886 1035 939 καὶ
1064 880 1290 953 ὑστέραι
1319 884 1613 955 λεγόμεναι
1644 882 1735 940 διά
1769 894 1801 937 c

53 966 120 1020 τά
141 964 282 1020 αὐτὰ
299 971 493 1036 ταῦτα,
514 970 656 1032 ζῶον
676 963 1080 1036 ἐπιθυμητικὸν
1099 964 1231 1020 ἐνὸν
1256 971 1354 1036 τῆς
1373 969 1738 1034 παιδοποιίας,

57 1044 194 1102 ὅταν
228 1045 484 1117 ἄκαρπον
522 1046 671 1115 παρὰ
698 1045 802 1117 τὴν
838 1044 994 1116 ῶραν
1028 1043 1236 1116 χρόνον
1258 1042 1440 1101 πολὺν
1467 1051 1740 1116 γίγνηται,

52 1133 303 1198 χαλεπῶς
322 1125 676 1197 ἀγανακτοῦν
695 1132 868 1197 φέρει,
889 1129 982 1182 καὶ
1001 1128 1369 1198 πλανώμενον
1390 1127 1570 1199 πάντη
1600 1126 1740 1183 κατὰ

51 1208 111 1264 τὸ
161 1215 338 1279 σῶμα,
387 1209 486 1274 τὰς
531 1214 635 1264 τοῦ
677 1209 992 1279 πνεύματος
1037 1209 1317 1275 διεξόδους
1360 1207 1741 1282 ἀποφράττον,

51 1289 321 1345 ἀναπνεῖν
341 1288 446 1346 οὐκ
466 1291 593 1360 ἐῶν,
615 1295 691 1355 εἰς
711 1288 945 1360 ἀπορίας
974 1290 1072 1354 τὰς
1101 1290 1330 1360 ἐσχάτας
1360 1290 1618 1362 ἐμβάλλει
1649 1291 1742 1346 καὶ

56 1369 259 1436 νόσους
284 1370 644 1437 παντοδαπὰς
678 1370 846 1435 ἄλλας
875 1373 1124 1441 παρέχει·
1162 1373 1422 1441 μέχριπερ
1452 1368 1526 1426 α“ν
1557 1372 1743 1427 ἑκατέ-

57 1473 173 1518 ρων
206 1449 239 1523 ἡ
276 1456 543 1524 ἐπιθυμία
577 1455 669 1509 καὶ
707 1450 736 1507 ὁ
777 1457 915 1522 ἔρως
950 1450 1431 1522 ξυνδιαγαγόντες,
1475 1447 1594 1507 οἷον
1631 1450 1740 1508 ἀπὸ

54 1537 304 1604 δένδρων
324 1534 541 1604 καρπὸν
560 1536 1019 1603 καταδρέψαντες,
1052 1531 1125 1598 ῶς
1144 1531 1265 1598 εἰς’
1240 1533 1493 1604 άρουραν
1511 1534 1617 1606 τήν
1635 1536 1744 1607 μή·
1774 1557 1811 1597 1)

52 1636 191 1685 τραν
220 1614 432 1687 ἀόρατα
468 1615 580 1672 ὑπὸ
614 1616 976 1687 σμικρότητος
1006 1617 1097 1671 καὶ
1127 1613 1472 1671 ἀδιάπλαστα
1500 1621 1611 1682 ζῶα
1640 1639 1743 1672 κα-

52 1703 442 1768 τασπείραντες
481 1701 572 1752 καὶ
607 1697 775 1753 πάλιν
806 1701 1184 1768 διακρίναντες
1219 1697 1432 1768 μεγάλα
1463 1699 1619 1763 ἐντὸς
1648 1699 1743 1754 ἐκ-

52 1784 374 1848 θρέψωνται
394 1782 485 1835 καὶ
504 1780 639 1851 μετὰ
664 1785 831 1835 τοῦτο
852 1784 926 1844 είς
943 1784 1064 1850 φῶς
1083 1776 1386 1851 ἀγαγόντες
1413 1778 1570 1846 ξῶων
1599 1778 1743 1835 α’πο-

51 1866 310 1918 τελέσωσι
344 1866 579 1932 γένεσιν.
634 1872 892 1932 γυναῖκες
932 1861 1033 1933 μὲν
1065 1856 1173 1918 οὖν
1212 1865 1306 1918 καὶ
1341 1860 1401 1917 τό
1440 1868 1592 1933 θῆλυ
1629 1867 1743 1916 πᾶν

53 1942 200 1999 οὕτω
219 1947 439 2014 γέγονε·
479 1943 542 1999 τὸ
574 1945 634 2001 δὲ
667 1951 783 2001 τῶν
811 1944 1026 2014 ὀρνέων
1045 1950 1231 2015 φῦλον
1261 1948 1741 2016 μετερρυθμίζετο,

51 2025 173 2083 ἀντὶ
203 2033 407 2096 τριχῶν
434 2026 607 2097 πτερὰ
638 2028 809 2098 φύον,
842 2031 902 2084 ἐκ
931 2033 1045 2083 τῶν
1078 2026 1302 2083 ἀκάκων
1333 2025 1576 2097 ἀνδρῶν,
1606 2026 1742 2083 κού-

54 2130 181 2178 φων
201 2109 279 2178 δέ,
292 2111 384 2164 καὶ
402 2115 892 2180 μετεωρολογικῶν
911 2112 1031 2180 μέν,
1052 2106 1381 2180 ἡγουμένων
1399 2110 1457 2164 δὲ
1477 2107 1542 2163 δι’
1565 2107 1744 2175 ὅψεως

53 2189 148 2255 τὰς
178 2192 303 2259 περὶ
338 2190 555 2246 τούτων
590 2190 892 2258 ἀποδείξεις
921 2192 1279 2263 βεβαιοτάτας
1317 2190 1457 2246 εἶναι
1494 2188 1569 2246 δι’
1608 2189 1743 2262 εὐή-
1773 2205 1806 2245 Ε

53 2282 234 2329 θειαν.
270 2271 330 2327 τὸ
360 2272 411 2327 δ’
436 2266 510 2328 αὖ
532 2272 695 2340 πεζὸν
712 2278 803 2330 καὶ
833 2278 1110 2347 θηριῶδες
1140 2276 1373 2345 γέγονεν
1403 2277 1463 2330 ἐκ
1493 2282 1606 2330 τῶν
1635 2297 1743 2346 μη-

54 2356 151 2411 δὲν
167 2356 612 2425 προσχρωμένων
630 2362 935 2430 φιλοσοφίᾳ
954 2356 1092 2427 μηδὲ
1123 2354 1461 2425 ἀθρούντων
1493 2363 1589 2427 τῆς
1619 2356 1740 2426 περὶ

54 2436 152 2492 τὸν
184 2434 431 2506 οὐρανὸν
469 2437 692 2507 φύσεως
723 2441 847 2506 πέρι
883 2441 1073 2508 μηδέν,
1101 2437 1191 2493 διὰ
1222 2437 1282 2493 τό
1321 2442 1514 2509 μηκέτι
1539 2450 1656 2503 ταῖς
1683 2441 1743 2493 ἐν

54 2525 121 2589 τῇ
142 2524 354 2589 κεφαλῇ
385 2525 627 2589 χρῆσθαι
660 2519 953 2588 περιόδοις,
986 2517 1124 2575 ἀλλά
1160 2531 1272 2584 τοῖς
1306 2521 1431 2589 περὶ
1464 2518 1531 2574 τὰ
1562 2518 1741 2590 στήθη

52 2611 147 2673 τῆς
170 2608 345 2672 ψυχῆς
364 2599 629 2673 ἡγεμόσιν
650 2602 879 2657 ἕπεσθαι
904 2602 1146 2671 μέρεσιν.
1184 2603 1244 2657 ἐκ
1264 2601 1479 2657 τούτων
1503 2593 1610 2656 οὖν
1629 2607 1744 2656 τῶν

54 2682 503 2754 ἐπιτηδευμάτων
538 2681 607 2738 τά
638 2681 687 2737 τ’
720 2682 1036 2752 ἐμπρόσθια
1064 2687 1215 2737 κῶλα
1244 2683 1334 2736 καὶ
1375 2680 1472 2745 τὰς
1500 2679 1746 2751 κεφαλὰς

53 2770 127 2830 είς
151 2770 261 2836 γῆν
290 2764 558 2836 ἑλκόμενα
589 2762 698 2819 ὑπὸ
731 2768 1048 2834 ξυγγενείας
1075 2762 1323 2834 ἤρεισαν,
1355 2762 1655 2834 προμήκεις
1685 2783 1744 2819 τε

55 2848 145 2902 καὶ
175 2853 437 2912 παντοίας
473 2851 633 2917 ἔσχον
672 2846 770 2911 τὰς
807 2845 1089 2916 κορυφάς,
1129 2843 1238 2917 ὅπῃ
1274 2848 1744 2915 συνεθλίφθησαν
