1962 3236
232 170 303 222 56
851 169 1327 219 ΠΛΛΤῼΝΟΣ

235 307 535 360 νεανίσκου
560 299 851 371 εύγενοῦςς
898 298 972 355 Τὸ
995 311 1156 355 ποῖον
1175 304 1376 370 λέγεις,
1418 299 1557 358 Οἷον
1576 301 1712 369 ὀξύν
1733 309 1791 362 τέ
1807 327 1918 363 που

239 388 326 441 δεῖ
357 382 550 438 αὐτοῖν
588 381 850 450 ἑκάτερον
887 380 1027 435 εἶναι
1066 378 1203 450 πρὸς
1241 388 1510 484 αἴσθησιν
1545 385 1635 441 καὶ
1671 386 1917 457 ἐλαφρὸν

241 463 379 533 πρὸς
416 462 476 518 τὸ
508 461 923 530 αἰσθανόμενον
953 461 1283 533 διωκάθειν,
1321 485 1411 517 και
1432 463 1663 534 ἰσχυρὸν
1681 459 1780 537 αὖ,
1816 467 1916 522 ἐὰν

237 549 334 619 δέῃ
355 544 547 599 ἑλόντα
570 542 948 613 διαμάχεσθαι.
994 551 1103 599 Δεῖ
1117 542 1224 615 γὰρ
1246 538 1368 616 οὖν,
1390 550 1514 617 ἔφη,
1537 546 1762 603 πάντων
1781 549 1915 603 τού-

235 650 360 684 των.
401 626 512 681 Καὶ
532 623 643 694 μὴν
662 623 921 693 ἀνδρεῖόν
938 645 1029 693 γε,
1050 631 1201 693 εἴπερ
1222 628 1285 680 εὐ
1305 637 1564 696 μαχεῖται.
1596 634 1726 692 Πῶς
1746 626 1798 683 δ’
1822 627 1915 692 ού;

237 706 506 776 Ἀνδρεῐος
532 705 591 762 δὲ
613 704 798 760 εἶναι’
768 727 876 773 αρα
896 703 1194 776 ἐθελήσει“
1166 729 1195 761 ο
1217 704 1289 777 μὴ
1311 707 1615 779 θυμοειδὴς
1627 712 1778 764 εἰ’τε“
1753 728 1916 774 ιππος

170 811 203 850 Β
236 797 342 845 εἴτε
364 788 519 843 κύων
537 783 574 858 ἦ
593 783 766 843 αλλο
742 792 931 842 οτιοῦν
952 790 1116 852 ζῶον,
1134 782 1171 857 ἦ
1191 784 1294 842 ούκ
1307 788 1654 860 ἐννενόηκας,
1678 787 1752 854 ὥς
1771 789 1914 860 ἅμα-

236 870 339 940 χόν
357 891 414 924 τε
435 872 525 925 καὶ
544 868 807 939 ἀνίκητον
828 867 1030 937 θυμός,
1053 861 1125 922 οὗ
1145 866 1417 935 παρόντος
1436 868 1581 939 ψυχὴ
1608 876 1753 924 πᾶσα
1775 869 1914 940 πρὸς

237 950 416 1006 πάντα
437 949 652 1022 ἄφοβός
676 971 732 1004 τε
724 951 864 1004 ’ἐστι
885 946 1028 1003 καὶ’
997 948 1283 1018 αήττητος;
1305 946 1648 1020 Ἑννενόηκα.
1712 948 1790 1005 To}
1811 973 1912 1022 μεν

233 1040 427 1089 τοίνυν
463 1038 564 1087 τοῦ
602 1031 851 1101 σώματος
889 1025 1008 1085 οἷον
1045 1032 1132 1085 δεῖ
1163 1027 1262 1085 τὸν
1297 1029 1518 1100 φύλακα
1549 1030 1714 1102 εἶναι,
1756 1036 1910 1103 δῆλα.

234 1121 363 1170 Ναί.
419 1115 528 1168 Καὶ
554 1110 666 1183 μὴν
695 1114 784 1166 καὶ
805 1109 871 1165 τά
894 1118 990 1182 τῆς
1008 1118 1211 1182 ψυχῆς,
1251 1110 1334 1166 ὅτι
1361 1133 1423 1182 γε
1454 1116 1744 1184 θυμοειδῆ.
1801 1117 1912 1169 Καὶ

237 1203 419 1251 τοῦτο.
459 1201 590 1259 Πῶς
618 1187 752 1263 οὖν,
772 1186 846 1265 ἦν
866 1190 915 1247 δ’
942 1192 1068 1264 ἐγώ,
1092 1186 1136 1248 ὦ
1155 1192 1454 1265 Γλαύκων,
1486 1191 1589 1249 οὐκ
1611 1192 1791 1263 ὅῖγριοι
1813 1193 1915 1249 ἀλ·-

236 1277 423 1349 λήλοις
453 1280 671 1332 ἔσονται
696 1276 788 1330 καὶ
815 1286 927 1339 τοῖς
959 1273 1144 1339 ἄλλοις
1171 1280 1439 1346 πολίταις,
1481 1272 1636 1340 ὄντες
1672 1281 1910 1331 τοιοῦτοι

232 1358 331 1424 τὰς
350 1359 569 1430 φύσεις;
628 1356 731 1413 Μὰ
750 1363 891 1427 Δία,
932 1350 970 1428 ἦ
990 1361 1022 1412 δ
1031 1355 1043 1376 '
1072 1355 1158 1427 ὅς,
1193 1356 1261 1412 ού
1282 1360 1495 1431 ῥᾳδίως.
1546 1355 1704 1412 Ἀλλά
1725 1360 1913 1428 μέντοι

171 1458 203 1500 c
234 1443 322 1496 δεῖ
344 1463 404 1510 γε
436 1439 574 1511 πρὸς
601 1438 703 1509 μὲν
721 1438 852 1503 τοὺς
873 1442 1108 1503 οἰκείους
1127 1438 1340 1510 πράους
1360 1436 1564 1503 αὐτοὺς
1593 1435 1749 1508 εἶναι,
1772 1437 1915 1509 πρὸς

238 1523 296 1578 δὲ
316 1519 447 1586 τοὺς
466 1526 762 1591 πολεμίους
779 1519 1076 1592 χαλεπούς·
1122 1525 1173 1575 εἰ
1202 1520 1260 1576 δὲ
1280 1519 1381 1592 μή,
1423 1517 1490 1576 οὐ
1521 1524 1914 1590 περιμενοῦσιν

239 1601 441 1668 ἄλλους
461 1609 608 1672 σφοῖς
629 1603 896 1673 διολέσαι,
931 1598 1056 1656 ἀλλ’
1090 1599 1246 1658 αὐτοὶ
1276 1601 1600 1672 φθήσονται.
1619 1597 1753 1656 αὐτὸ
1776 1600 1913 1671 δρά-

237 1701 446 1748 σαντες.
495 1681 730 1755 Ἀληθῆ,
770 1687 891 1754 ἔφη.
971 1687 1038 1738 Τί
1054 1676 1186 1752 οὖν,
1223 1677 1295 1753 ἦν
1324 1681 1377 1738 δ’
1408 1681 1541 1753 ἐγώ,
1579 1681 1912 1753 ποιήσομεν;

236 1767 419 1822 πόθεν
456 1764 569 1837 ἅμα
604 1772 788 1837 πρᾶον
825 1767 916 1821 καὶ
950 1765 1351 1836 μεγαλόθυμον
1395 1759 1538 1837 ἦθος
1574 1762 1910 1837 εὑρήσομεν;

233 1850 455 1903 ἐναντία
472 1847 579 1918 γάρ
599 1867 709 1903 που
728 1850 1020 1918 θυμοειδεῖ
1035 1858 1232 1915 πραεῖα
1253 1846 1434 1918 φύσις.
1475 1851 1752 1902 Φαίνεται.
1785 1843 1910 1900 Ἀλ-

235 1929 303 1984 λόι
322 1934 510 2000 μέντοι
528 1928 743 1984 τούτων
762 1926 1030 1998 ὁποτέρου
1059 1924 1131 1983 ἄν
1159 1929 1438 1999 στέρηται,
1480 1927 1662 1998 φύλαξ
1698 1925 1913 1996 ἀγαθός

236 2010 305 2066 οὐ
344 2010 417 2081 μὴ
459 2014 708 2082 γένηται·
746 2017 917 2065 ταῦτα
943 2010 1001 2066 δὲ
1015 2007 1310 2073 ἀδυνάτοις
1337 2012 1507 2075 ἔοικε,
1538 2009 1630 2066 καὶ
1661 2006 1807 2062 οὕτω
1840 2005 1907 2078 δὴ

167 2109 204 2150 D
236 2097 521 2163 ξυμβαίνει
548 2089 770 2162 ἀγαθὸν
798 2090 1021 2161 φύλακα
1050 2089 1330 2145 ἀδύνατον
1361 2090 1642 2160 γενέσθαι.
1698 2092 1913 2143 Κινδυ-

237 2174 418 2242 νεύει,
451 2179 573 2243 ἔφη.
631 2175 722 2228 καὶ
751 2172 858 2243 ἐγώ
881 2170 1165 2243 ἀπορήσας
1194 2193 1251 2226 τε
1281 2173 1372 2226 καὶ
1393 2168 1827 2241 ἐπισκεψάμενος
1845 2167 1911 2223 τὰ

237 2261 584 2326 ἔμπροσθεν,
605 2259 848 2319 Δικαίως
864 2276 954 2325 γε,
985 2248 1056 2325 ἦν
1077 2250 1130 2309 δ’
1154 2252 1262 2323 ἐγώ
1274 2294 1289 2323 ,
1313 2245 1360 2307 οἷ
1378 2257 1535 2323 φίλε,
1560 2249 1880 2321 ἀποροῦμεν
1898 2272 1908 2277 ·

233 2329 299 2408 ἧς
318 2335 425 2407 γάρ
447 2342 814 2407 προυθέμεθα
844 2335 1057 2401 εἰκόνος
1074 2333 1506 2405 ἀπελείφθημεν.
1563 2338 1692 2397 11039
1710 2336 1910 2402 λέγειςς

239 2417 359 2474 Οὐκ
380 2418 715 2489 ἐνοήσαμεν,
738 2416 821 2474 ότι
841 2416 1022 2473 εἰσὶν’
996 2417 1103 2488 α’ρα
1122 2416 1344 2488 φύσεις,
1367 2418 1484 2480 οιας
1503 2410 1657 2486 ἡμεῖς
1674 2411 1777 2469 οὐκ
1798 2411 1912 2484 ᾤή-

233 2508 445 2570 θημεν,
487 2504 709 2570 ἔχουσαι
735 2497 1001 2555 τάναντία
1036 2504 1225 2555 ταῦτα.
1280 2501 1404 2551 Ποῦ
1424 2494 1518 2567 δή;
1540 2495 1680 2551 ’Ίδοι
1707 2516 1808 2564 μεν
1841 2493 1912 2549 ἄν

234 2604 315 2645 τις
344 2583 437 2637 καὶ
468 2584 529 2636 ἐν
558 2580 747 2647 ἅλλοις
777 2581 961 2650 ζωοις,
1001 2577 1070 2636 οὐ
1096 2575 1250 2650 μέντ’
1283 2573 1354 2632 ἄν
1381 2575 1576 2648 ἥκιστα
1605 2578 1666 2631 ἐν
1695 2597 1737 2630 ω
1757 2572 1912 2646 ἡμεῖς

174 2683 210 2723 Ε
235 2662 655 2733 παρεβάλλομεν
684 2669 762 2736 τῷ
785 2661 1010 2734 φύλακι.
1052 2659 1219 2716 οἶσθα
1239 2658 1346 2729 γάρ
1370 2677 1480 2712 που
1498 2677 1612 2711 των
1637 2660 1912 2726 γενναίων

235 2749 454 2811 κυνῶν,
496 2742 578 2798 ὅτι
609 2751 775 2800 τοῦτο
797 2744 964 2815 φύσει
982 2739 1248 2798 αὐτῶντὸ
1267 2734 1438 2812 ηθος,
1477 2734 1617 2807 πρὸς
1648 2734 1750 2806 μὲν
1779 2732 1910 2799 τοὺς

236 2823 504 2893 συνήθεις
533 2845 591 2878 τε
616 2827 710 2881 καὶ
738 2843 1055 2896 γνωριμους
1085 2820 1156 2886 ὡς
1176 2817 1296 2877 οἷόν
1311 2842 1370 2875 τε
1389 2816 1733 2886 πραοτάτους
1755 2814 1909 2883 εἶναι,
