<?xml version="1.0" encoding="UTF-8"?>
<!DOCTYPE html PUBLIC "-//W3C//DTD XHTML 1.0 Transitional//EN"
    "http://www.w3.org/TR/xhtml1/DTD/xhtml1-transitional.dtd">
<html xmlns="http://www.w3.org/1999/xhtml" xml:lang="en" lang="en">
 <head>
  <title>
</title>
<meta http-equiv="Content-Type" content="text/html;charset=utf-8" />
  <meta name='ocr-system' content='tesseract 3.04.00' />
  <meta name='ocr-capabilities' content='ocr_page ocr_carea ocr_par ocr_line ocrx_word'/>
</head>
<body>
  <div class='ocr_page' id='page_1' title='image "./dialogisecumdumt04platuoft_0086.png"; bbox 0 0 1962 3236; ppageno 0'>
   <div class='ocr_carea' id='block_1_1' title="bbox 251 167 1321 225">
    <p class='ocr_par' dir='ltr' id='par_1_1' title="bbox 251 167 1321 225">
     <span class='ocr_line' id='line_1_1' title="bbox 251 167 1321 225; baseline -0.006 -5"><span class='ocrx_word' id='word_1_1' title='bbox 251 169 321 220; x_wconf 86' lang='lat'><em>50</em></span> <span class='ocrx_word' id='word_1_2' title='bbox 440 211 453 225; x_wconf 85' lang='lat'>.</span> <span class='ocrx_word' id='word_1_3' title='bbox 843 167 1321 216; x_wconf 78' lang='grc' dir='ltr'><em>ΠΛΑΤΩΝΟΣ</em></span> 
     </span>
    </p>
   </div>
   <div class='ocr_carea' id='block_1_2' title="bbox 181 292 1958 2906">
    <p class='ocr_par' dir='ltr' id='par_1_2' title="bbox 181 292 1958 2906">
     <span class='ocr_line' id='line_1_2' title="bbox 251 292 1929 378; baseline 0 -20"><span class='ocrx_word' id='word_1_4' title='bbox 251 301 397 359; x_wconf 79' lang='grc' dir='ltr'><em>οὕτω</em></span> <span class='ocrx_word' id='word_1_5' title='bbox 419 303 559 374; x_wconf 77' lang='grc' dir='ltr'><em>ῥᾷον</em></span> <span class='ocrx_word' id='word_1_6' title='bbox 576 297 612 372; x_wconf 79' lang='grc' dir='ltr'><strong><em>ἢ</em></strong></span> <span class='ocrx_word' id='word_1_7' title='bbox 638 299 870 365; x_wconf 71' lang='grc' dir='ltr'><em>’κείνως</em></span> <span class='ocrx_word' id='word_1_8' title='bbox 912 298 1128 378; x_wconf 69' lang='grc' dir='ltr'><em>Οὐδέν,</em></span> <span class='ocrx_word' id='word_1_9' title='bbox 1157 292 1232 369; x_wconf 81' lang='grc' dir='ltr'><em>ἧν</em></span> <span class='ocrx_word' id='word_1_10' title='bbox 1251 297 1302 354; x_wconf 91' lang='grc' dir='ltr'><em>δ’</em></span> <span class='ocrx_word' id='word_1_11' title='bbox 1325 298 1461 368; x_wconf 68' lang='grc' dir='ltr'><em>ἐγώ,</em></span> <span class='ocrx_word' id='word_1_12' title='bbox 1493 300 1571 370; x_wconf 80' lang='grc' dir='ltr'><em>μὰ</em></span> <span class='ocrx_word' id='word_1_13' title='bbox 1588 299 1683 355; x_wconf 89' lang='grc' dir='ltr'><em>Δί’</em></span> <span class='ocrx_word' id='word_1_14' title='bbox 1705 300 1929 358; x_wconf 89' lang='grc' dir='ltr'><em>άτοπον.</em></span> 
     </span>
     <span class='ocr_line' id='line_1_3' title="bbox 251 377 1943 452; baseline 0.001 -15"><span class='ocrx_word' id='word_1_15' title='bbox 251 385 430 438; x_wconf 83' lang='grc' dir='ltr'><em>ἐννοω</em></span> <span class='ocrx_word' id='word_1_16' title='bbox 447 379 553 452; x_wconf 77' lang='grc' dir='ltr'><em>γάρ</em></span> <span class='ocrx_word' id='word_1_17' title='bbox 574 382 664 436; x_wconf 88' lang='grc' dir='ltr'><em>καὶ</em></span> <span class='ocrx_word' id='word_1_18' title='bbox 684 379 850 443; x_wconf 84' lang='grc' dir='ltr'><em>αὐτὸς</em></span> <span class='ocrx_word' id='word_1_19' title='bbox 880 380 1129 444; x_wconf 85' lang='grc' dir='ltr'><em>εἰπόντος</em></span> <span class='ocrx_word' id='word_1_20' title='bbox 1148 386 1281 448; x_wconf 84' lang='grc' dir='ltr'><em>σοῦ,</em></span> <span class='ocrx_word' id='word_1_21' title='bbox 1325 377 1412 435; x_wconf 81' lang='grc' dir='ltr'><em>ὅτι</em></span> <span class='ocrx_word' id='word_1_22' title='bbox 1428 399 1651 450; x_wconf 88' lang='grc' dir='ltr'><em>πρωτον</em></span> <span class='ocrx_word' id='word_1_23' title='bbox 1670 404 1772 452; x_wconf 87' lang='grc' dir='ltr'><em>μεν</em></span> <span class='ocrx_word' id='word_1_24' title='bbox 1790 383 1943 452; x_wconf 85' lang='grc' dir='ltr'><em>φύε-</em></span> 
     </span>
     <span class='ocr_line' id='line_1_4' title="bbox 189 459 1930 534; baseline -0.001 -14"><span class='ocrx_word' id='word_1_25' title='bbox 189 481 219 520; x_wconf 83' lang='grc' dir='ltr'><em>Β</em></span> <span class='ocrx_word' id='word_1_26' title='bbox 251 485 340 518; x_wconf 89' lang='grc' dir='ltr'><em>ται</em></span> <span class='ocrx_word' id='word_1_27' title='bbox 357 463 584 526; x_wconf 80' lang='grc' dir='ltr'><em>ἕκαστος</em></span> <span class='ocrx_word' id='word_1_28' title='bbox 603 459 671 516; x_wconf 81' lang='grc' dir='ltr'><em>οὐ</em></span> <span class='ocrx_word' id='word_1_29' title='bbox 690 461 840 517; x_wconf 86' lang='grc' dir='ltr'><em>πάνυ</em></span> <span class='ocrx_word' id='word_1_30' title='bbox 861 459 1048 531; x_wconf 83' lang='grc' dir='ltr'><em>ὅμοιος</em></span> <span class='ocrx_word' id='word_1_31' title='bbox 1077 461 1314 534; x_wconf 76' lang='grc' dir='ltr'><em>ἑκάστῳ,</em></span> <span class='ocrx_word' id='word_1_32' title='bbox 1351 459 1491 517; x_wconf 75' lang='grc' dir='ltr'><em>ἀλλὰ</em></span> <span class='ocrx_word' id='word_1_33' title='bbox 1522 464 1803 533; x_wconf 79' lang='grc' dir='ltr'><em>διαφέρων</em></span> <span class='ocrx_word' id='word_1_34' title='bbox 1829 464 1930 533; x_wconf 80' lang='grc' dir='ltr'><em>τὴν</em></span> 
     </span>
     <span class='ocr_line' id='line_1_5' title="bbox 251 539 1929 616; baseline 0 -16"><span class='ocrx_word' id='word_1_35' title='bbox 251 545 454 616; x_wconf 83' lang='grc' dir='ltr'><em>φύσιν,</em></span> <span class='ocrx_word' id='word_1_36' title='bbox 492 541 658 608; x_wconf 73' lang='grc' dir='ltr'><em>ἄλλος</em></span> <span class='ocrx_word' id='word_1_37' title='bbox 687 539 775 598; x_wconf 80' lang='grc' dir='ltr'><em>ἐπ’</em></span> <span class='ocrx_word' id='word_1_38' title='bbox 807 541 981 598; x_wconf 83' lang='grc' dir='ltr'><em>άλλου</em></span> <span class='ocrx_word' id='word_1_39' title='bbox 1010 547 1178 614; x_wconf 81' lang='grc' dir='ltr'><em>ἔργου</em></span> <span class='ocrx_word' id='word_1_40' title='bbox 1207 548 1419 611; x_wconf 83' lang='grc' dir='ltr'><em>πρᾶξιν.</em></span> <span class='ocrx_word' id='word_1_41' title='bbox 1458 539 1497 614; x_wconf 79' lang='grc' dir='ltr'><strong><em>ἦ</em></strong></span> <span class='ocrx_word' id='word_1_42' title='bbox 1533 541 1599 599; x_wconf 82' lang='grc' dir='ltr'><em>οὐ</em></span> <span class='ocrx_word' id='word_1_43' title='bbox 1633 547 1788 600; x_wconf 86' lang='grc' dir='ltr'><em>δοκεῖ</em></span> <span class='ocrx_word' id='word_1_44' title='bbox 1811 562 1929 610; x_wconf 86' lang='grc' dir='ltr'><em>σοι;</em></span> 
     </span>
     <span class='ocr_line' id='line_1_6' title="bbox 235 622 1932 696; baseline 0 -16"><span class='ocrx_word' id='word_1_45' title='bbox 235 625 470 696; x_wconf 72' lang='grc' dir='ltr'><em>Ἔμοιγε.</em></span> <span class='ocrx_word' id='word_1_46' title='bbox 533 630 603 680; x_wconf 88' lang='grc' dir='ltr'><em>Τί</em></span> <span class='ocrx_word' id='word_1_47' title='bbox 635 627 700 679; x_wconf 92' lang='grc' dir='ltr'><em>δέ</em></span> <span class='ocrx_word' id='word_1_48' title='bbox 707 648 723 690; x_wconf 82' lang='grc'><strong>;</strong></span> <span class='ocrx_word' id='word_1_49' title='bbox 761 624 1000 696; x_wconf 89' lang='grc' dir='ltr'><em>πότερον</em></span> <span class='ocrx_word' id='word_1_50' title='bbox 1027 625 1257 681; x_wconf 86' lang='grc' dir='ltr'><em>κάλλιον</em></span> <span class='ocrx_word' id='word_1_51' title='bbox 1284 625 1512 696; x_wconf 79' lang='grc' dir='ltr'><em>πράττοι</em></span> <span class='ocrx_word' id='word_1_52' title='bbox 1541 624 1613 679; x_wconf 73' lang='grc' dir='ltr'><em>ἄν</em></span> <span class='ocrx_word' id='word_1_53' title='bbox 1639 647 1719 690; x_wconf 90' lang='grc' dir='ltr'><em>τις</em></span> <span class='ocrx_word' id='word_1_54' title='bbox 1745 622 1821 690; x_wconf 84' lang='grc' dir='ltr'><em>εἷς</em></span> <span class='ocrx_word' id='word_1_55' title='bbox 1851 622 1932 680; x_wconf 69' lang='grc' dir='ltr'><em>ὧν</em></span> 
     </span>
     <span class='ocr_line' id='line_1_7' title="bbox 251 700 1925 778; baseline 0.001 -17"><span class='ocrx_word' id='word_1_56' title='bbox 251 705 457 772; x_wconf 77' lang='grc' dir='ltr'><em>πολλὰς</em></span> <span class='ocrx_word' id='word_1_57' title='bbox 487 708 677 777; x_wconf 82' lang='grc' dir='ltr'><em>τέχνας</em></span> <span class='ocrx_word' id='word_1_58' title='bbox 697 705 1082 777; x_wconf 74' lang='grc' dir='ltr'><em>ἐργαζόμενος,</em></span> <span class='ocrx_word' id='word_1_59' title='bbox 1111 702 1149 777; x_wconf 77' lang='grc' dir='ltr'><strong><em>ἦ</em></strong></span> <span class='ocrx_word' id='word_1_60' title='bbox 1167 705 1303 761; x_wconf 80' lang='grc' dir='ltr'><em>ὅταν</em></span> <span class='ocrx_word' id='word_1_61' title='bbox 1322 710 1456 776; x_wconf 92' lang='grc' dir='ltr'><em>μίαν</em></span> <span class='ocrx_word' id='word_1_62' title='bbox 1475 703 1577 771; x_wconf 84' lang='grc' dir='ltr'><em>εἶς;</em></span> <span class='ocrx_word' id='word_1_63' title='bbox 1603 705 1798 776; x_wconf 86' lang='grc' dir='ltr'><em>Ὅταν,</em></span> <span class='ocrx_word' id='word_1_64' title='bbox 1817 700 1855 778; x_wconf 80' lang='grc' dir='ltr'><em>ἦ</em></span> <span class='ocrx_word' id='word_1_65' title='bbox 1874 705 1925 762; x_wconf 90' lang='grc' dir='ltr'><em>δ’</em></span> 
     </span>
     <span class='ocr_line' id='line_1_8' title="bbox 252 784 1929 858; baseline 0.001 -15"><span class='ocrx_word' id='word_1_66' title='bbox 252 786 332 857; x_wconf 82' lang='grc' dir='ltr'><em>ὅς,</em></span> <span class='ocrx_word' id='word_1_67' title='bbox 354 784 431 852; x_wconf 84' lang='grc' dir='ltr'><em>εἷς</em></span> <span class='ocrx_word' id='word_1_68' title='bbox 449 792 598 858; x_wconf 90' lang='grc' dir='ltr'><em>μίαν.</em></span> <span class='ocrx_word' id='word_1_69' title='bbox 642 785 803 843; x_wconf 60' lang='lat' dir='ltr'><em>&#39;And</em></span> <span class='ocrx_word' id='word_1_70' title='bbox 825 787 954 858; x_wconf 85' lang='grc' dir='ltr'><em>μήν,</em></span> <span class='ocrx_word' id='word_1_71' title='bbox 975 786 1142 858; x_wconf 88' lang='grc' dir='ltr'><em>οἶμαι,</em></span> <span class='ocrx_word' id='word_1_72' title='bbox 1162 789 1254 843; x_wconf 88' lang='grc' dir='ltr'><em>καὶ</em></span> <span class='ocrx_word' id='word_1_73' title='bbox 1269 787 1394 843; x_wconf 88' lang='grc' dir='ltr'><em>τόδε</em></span> <span class='ocrx_word' id='word_1_74' title='bbox 1414 790 1602 857; x_wconf 84' lang='grc' dir='ltr'><em>δῆλον,</em></span> <span class='ocrx_word' id='word_1_75' title='bbox 1627 785 1714 858; x_wconf 82' lang='grc' dir='ltr'><em>ὡς,</em></span> <span class='ocrx_word' id='word_1_76' title='bbox 1735 788 1834 843; x_wconf 84' lang='grc' dir='ltr'><em>ε’άν</em></span> <span class='ocrx_word' id='word_1_77' title='bbox 1851 794 1929 854; x_wconf 88' lang='grc' dir='ltr'><em>τίς</em></span> 
     </span>
     <span class='ocr_line' id='line_1_9' title="bbox 249 867 1930 940; baseline 0.001 -17"><span class='ocrx_word' id='word_1_78' title='bbox 249 889 399 933; x_wconf 87' lang='grc' dir='ltr'><em>τινος</em></span> <span class='ocrx_word' id='word_1_79' title='bbox 433 874 583 940; x_wconf 81' lang='grc' dir='ltr'><em>παρῇ</em></span> <span class='ocrx_word' id='word_1_80' title='bbox 618 871 786 940; x_wconf 82' lang='grc' dir='ltr'><em>ἔργου</em></span> <span class='ocrx_word' id='word_1_81' title='bbox 823 868 1046 937; x_wconf 81' lang='grc' dir='ltr'><em>καιρόν,</em></span> <span class='ocrx_word' id='word_1_82' title='bbox 1086 867 1381 923; x_wconf 80' lang='grc' dir='ltr'><em>διόλλυται.</em></span> <span class='ocrx_word' id='word_1_83' title='bbox 1435 875 1628 938; x_wconf 83' lang='grc' dir='ltr'><em>Δῆλον</em></span> <span class='ocrx_word' id='word_1_84' title='bbox 1661 868 1783 939; x_wconf 88' lang='grc' dir='ltr'><em>γάρ.</em></span> <span class='ocrx_word' id='word_1_85' title='bbox 1843 867 1930 925; x_wconf 78' lang='grc' dir='ltr'><em>Οὐ</em></span> 
     </span>
     <span class='ocr_line' id='line_1_10' title="bbox 248 946 1929 1049; baseline 0.001 -44"><span class='ocrx_word' id='word_1_86' title='bbox 248 950 385 1021; x_wconf 86' lang='grc' dir='ltr'><em>γάρ,</em></span> <span class='ocrx_word' id='word_1_87' title='bbox 427 949 601 1021; x_wconf 86' lang='grc' dir='ltr'><em>οἶμαι,</em></span> <span class='ocrx_word' id='word_1_88' title='bbox 641 952 821 1005; x_wconf 81' lang='grc' dir='ltr'><em>ἐθέλει</em></span> <span class='ocrx_word' id='word_1_89' title='bbox 849 949 909 1004; x_wconf 86' lang='grc' dir='ltr'><em>τὸ</em></span> <span class='ocrx_word' id='word_1_90' title='bbox 937 950 1323 1049; x_wconf 82' lang='grc' dir='ltr'><em>πραττόμενον</em></span> <span class='ocrx_word' id='word_1_91' title='bbox 1351 946 1455 1019; x_wconf 85' lang='grc' dir='ltr'><em>τὴν</em></span> <span class='ocrx_word' id='word_1_92' title='bbox 1472 956 1574 1003; x_wconf 83' lang='grc' dir='ltr'><em>τοῦ</em></span> <span class='ocrx_word' id='word_1_93' title='bbox 1593 949 1929 1019; x_wconf 87' lang='grc' dir='ltr'><em>πράττοντος</em></span> 
     </span>
     <span class='ocr_line' id='line_1_11' title="bbox 251 1028 1931 1105; baseline 0 -17"><span class='ocrx_word' id='word_1_94' title='bbox 251 1029 455 1103; x_wconf 85' lang='grc' dir='ltr'><em>σχολὴν</em></span> <span class='ocrx_word' id='word_1_95' title='bbox 473 1033 805 1102; x_wconf 85' lang='grc' dir='ltr'><em>περιμένειν,</em></span> <span class='ocrx_word' id='word_1_96' title='bbox 826 1028 950 1086; x_wconf 81' lang='grc' dir='ltr'><em>ἀλλ’</em></span> <span class='ocrx_word' id='word_1_97' title='bbox 976 1029 1188 1102; x_wconf 80' lang='grc' dir='ltr'><em>ἀνάγκη</em></span> <span class='ocrx_word' id='word_1_98' title='bbox 1209 1029 1309 1086; x_wconf 83' lang='grc' dir='ltr'><em>τὸν</em></span> <span class='ocrx_word' id='word_1_99' title='bbox 1327 1030 1639 1101; x_wconf 82' lang='grc' dir='ltr'><em>πράττοντα</em></span> <span class='ocrx_word' id='word_1_100' title='bbox 1657 1038 1735 1105; x_wconf 76' lang='grc' dir='ltr'><em>τῷ</em></span> <span class='ocrx_word' id='word_1_101' title='bbox 1756 1052 1931 1101; x_wconf 89' lang='grc' dir='ltr'><em>πρατ-</em></span> 
     </span>
     <span class='ocr_line' id='line_1_12' title="bbox 190 1109 1928 1187; baseline 0.001 -17"><span class='ocrx_word' id='word_1_102' title='bbox 190 1129 223 1170; x_wconf 83' lang='lat' dir='ltr'>G</span> <span class='ocrx_word' id='word_1_103' title='bbox 252 1115 464 1186; x_wconf 79' lang='grc' dir='ltr'><em>τομένῳ</em></span> <span class='ocrx_word' id='word_1_104' title='bbox 494 1115 898 1168; x_wconf 76' lang='grc' dir='ltr'><em>ἐπακολουθεῖν</em></span> <span class='ocrx_word' id='word_1_105' title='bbox 934 1109 1007 1182; x_wconf 82' lang='grc' dir='ltr'><em>μὴ</em></span> <span class='ocrx_word' id='word_1_106' title='bbox 1046 1114 1107 1167; x_wconf 84' lang='grc' dir='ltr'><em>ἐν</em></span> <span class='ocrx_word' id='word_1_107' title='bbox 1138 1113 1421 1183; x_wconf 82' lang='grc' dir='ltr'><em>παρέργου</em></span> <span class='ocrx_word' id='word_1_108' title='bbox 1458 1115 1624 1184; x_wconf 88' lang='grc' dir='ltr'><em>μέρει.</em></span> <span class='ocrx_word' id='word_1_109' title='bbox 1675 1111 1928 1187; x_wconf 84' lang='grc' dir='ltr'><em>Ἀνάγκη.</em></span> 
     </span>
     <span class='ocr_line' id='line_1_13' title="bbox 247 1190 1928 1264; baseline 0.002 -15.009"><span class='ocrx_word' id='word_1_110' title='bbox 247 1190 333 1249; x_wconf 86' lang='grc' dir='ltr'><em>Ἐκ</em></span> <span class='ocrx_word' id='word_1_111' title='bbox 353 1193 420 1264; x_wconf 79' lang='grc' dir='ltr'><em>δὴ</em></span> <span class='ocrx_word' id='word_1_112' title='bbox 442 1193 657 1250; x_wconf 87' lang='grc' dir='ltr'><em>τούτων</em></span> <span class='ocrx_word' id='word_1_113' title='bbox 675 1199 842 1249; x_wconf 85' lang='grc' dir='ltr'><em>πλείω</em></span> <span class='ocrx_word' id='word_1_114' title='bbox 870 1214 929 1248; x_wconf 87' lang='grc' dir='ltr'><em>τε</em></span> <span class='ocrx_word' id='word_1_115' title='bbox 959 1195 1162 1249; x_wconf 81' lang='grc' dir='ltr'><em>ἕκαστα</em></span> <span class='ocrx_word' id='word_1_116' title='bbox 1191 1200 1436 1264; x_wconf 91' lang='grc' dir='ltr'><em>γίγνεται</em></span> <span class='ocrx_word' id='word_1_117' title='bbox 1464 1195 1558 1249; x_wconf 89' lang='grc' dir='ltr'><em>καὶ</em></span> <span class='ocrx_word' id='word_1_118' title='bbox 1585 1193 1816 1250; x_wconf 89' lang='grc' dir='ltr'><em>κάλλιον</em></span> <span class='ocrx_word' id='word_1_119' title='bbox 1835 1199 1928 1252; x_wconf 87' lang='grc' dir='ltr'><em>καὶ</em></span> 
     </span>
     <span class='ocr_line' id='line_1_14' title="bbox 251 1271 1928 1350; baseline 0.002 -19"><span class='ocrx_word' id='word_1_120' title='bbox 251 1278 419 1349; x_wconf 77' lang='grc' dir='ltr'><em>ῥᾷον,</em></span> <span class='ocrx_word' id='word_1_121' title='bbox 453 1275 589 1331; x_wconf 79' lang='grc' dir='ltr'><em>ὅταν</em></span> <span class='ocrx_word' id='word_1_122' title='bbox 620 1271 697 1340; x_wconf 85' lang='grc' dir='ltr'><em>εἷς</em></span> <span class='ocrx_word' id='word_1_123' title='bbox 725 1278 788 1331; x_wconf 77' lang='grc' dir='ltr'><em>ἓν</em></span> <span class='ocrx_word' id='word_1_124' title='bbox 805 1274 945 1332; x_wconf 75' lang='grc' dir='ltr'><em>κατὰ</em></span> <span class='ocrx_word' id='word_1_125' title='bbox 966 1275 1140 1346; x_wconf 83' lang='grc' dir='ltr'><em>φύσιν</em></span> <span class='ocrx_word' id='word_1_126' title='bbox 1158 1278 1250 1331; x_wconf 83' lang='grc' dir='ltr'><em>καὶ</em></span> <span class='ocrx_word' id='word_1_127' title='bbox 1267 1278 1330 1331; x_wconf 85' lang='grc' dir='ltr'><em>έν</em></span> <span class='ocrx_word' id='word_1_128' title='bbox 1347 1282 1553 1350; x_wconf 73' lang='grc' dir='ltr'><em>καιρῷ,</em></span> <span class='ocrx_word' id='word_1_129' title='bbox 1591 1276 1794 1348; x_wconf 85' lang='grc' dir='ltr'><em>σχολὴν</em></span> <span class='ocrx_word' id='word_1_130' title='bbox 1814 1300 1928 1334; x_wconf 89' lang='grc' dir='ltr'><em>των</em></span> 
     </span>
     <span class='ocr_line' id='line_1_15' title="bbox 250 1355 1926 1430; baseline 0.001 -18"><span class='ocrx_word' id='word_1_131' title='bbox 250 1357 438 1412; x_wconf 83' lang='grc' dir='ltr'><em>ἄλλων</em></span> <span class='ocrx_word' id='word_1_132' title='bbox 464 1355 647 1428; x_wconf 71' lang='grc' dir='ltr'><em>ἄγων,</em></span> <span class='ocrx_word' id='word_1_133' title='bbox 687 1356 914 1430; x_wconf 77' lang='grc' dir='ltr'><em>πράττῃ.</em></span> <span class='ocrx_word' id='word_1_134' title='bbox 969 1358 1299 1413; x_wconf 86' lang='grc' dir='ltr'><em>Παντάπασι</em></span> <span class='ocrx_word' id='word_1_135' title='bbox 1325 1358 1428 1428; x_wconf 78' lang='grc' dir='ltr'><em>μὲν</em></span> <span class='ocrx_word' id='word_1_136' title='bbox 1467 1379 1587 1412; x_wconf 91' lang='grc' dir='ltr'><em>ουν.</em></span> <span class='ocrx_word' id='word_1_137' title='bbox 1636 1358 1926 1415; x_wconf 87' lang='grc' dir='ltr'><em>Πλειόνων</em></span> 
     </span>
     <span class='ocr_line' id='line_1_16' title="bbox 251 1431 1924 1510; baseline 0.002 -18"><span class='ocrx_word' id='word_1_138' title='bbox 251 1437 319 1507; x_wconf 84' lang='grc' dir='ltr'><em>δή</em></span> <span class='ocrx_word' id='word_1_139' title='bbox 332 1479 348 1508; x_wconf 91' lang='grc'><em>,</em></span> <span class='ocrx_word' id='word_1_140' title='bbox 382 1431 426 1492; x_wconf 71' lang='grc' dir='ltr'><em>ὦ</em></span> <span class='ocrx_word' id='word_1_141' title='bbox 440 1435 782 1509; x_wconf 78' lang='grc' dir='ltr'><em>Ἀδείμαντε,</em></span> <span class='ocrx_word' id='word_1_142' title='bbox 813 1442 900 1494; x_wconf 88' lang='grc' dir='ltr'><em>δεῖ</em></span> <span class='ocrx_word' id='word_1_143' title='bbox 914 1444 1156 1493; x_wconf 80' lang='grc' dir='ltr'><em>πολιτῶν</em></span> <span class='ocrx_word' id='word_1_144' title='bbox 1172 1434 1209 1509; x_wconf 79' lang='grc' dir='ltr'><strong><em>ἦ</em></strong></span> <span class='ocrx_word' id='word_1_145' title='bbox 1226 1439 1503 1507; x_wconf 85' lang='grc' dir='ltr'><em>τεττάρων</em></span> <span class='ocrx_word' id='word_1_146' title='bbox 1522 1439 1609 1495; x_wconf 81' lang='grc' dir='ltr'><em>ἐπὶ</em></span> <span class='ocrx_word' id='word_1_147' title='bbox 1630 1437 1726 1504; x_wconf 80' lang='grc' dir='ltr'><em>τὰς</em></span> <span class='ocrx_word' id='word_1_148' title='bbox 1745 1460 1924 1510; x_wconf 86' lang='grc' dir='ltr'><em>παρα-</em></span> 
     </span>
     <span class='ocr_line' id='line_1_17' title="bbox 251 1512 1925 1593; baseline 0.002 -20"><span class='ocrx_word' id='word_1_149' title='bbox 251 1517 452 1583; x_wconf 73' lang='grc' dir='ltr'><em>σκευὰς</em></span> <span class='ocrx_word' id='word_1_150' title='bbox 472 1512 552 1574; x_wconf 72' lang='grc' dir='ltr'><em>ὦν</em></span> <span class='ocrx_word' id='word_1_151' title='bbox 572 1522 829 1590; x_wconf 85' lang='grc' dir='ltr'><em>ἐλέγομεν</em></span> <span class='ocrx_word' id='word_1_152' title='bbox 844 1541 854 1552; x_wconf 91' lang='grc'><em>·</em></span> <span class='ocrx_word' id='word_1_153' title='bbox 894 1518 922 1575; x_wconf 90' lang='grc' dir='ltr'>ὁ</span> <span class='ocrx_word' id='word_1_154' title='bbox 942 1518 1049 1590; x_wconf 79' lang='grc' dir='ltr'><em>γὰρ</em></span> <span class='ocrx_word' id='word_1_155' title='bbox 1067 1520 1338 1591; x_wconf 84' lang='grc' dir='ltr'><em>γεωργός,</em></span> <span class='ocrx_word' id='word_1_156' title='bbox 1371 1518 1445 1585; x_wconf 72' lang='grc' dir='ltr'><em>ὥς</em></span> <span class='ocrx_word' id='word_1_157' title='bbox 1467 1525 1675 1593; x_wconf 82' lang='grc' dir='ltr'><em>ἔοικεν,</em></span> <span class='ocrx_word' id='word_1_158' title='bbox 1694 1519 1798 1577; x_wconf 84' lang='grc' dir='ltr'><em>οὐκ</em></span> <span class='ocrx_word' id='word_1_159' title='bbox 1819 1518 1925 1577; x_wconf 77' lang='grc' dir='ltr'><em>αὑ-</em></span> 
     </span>
     <span class='ocr_line' id='line_1_18' title="bbox 248 1597 1923 1675; baseline 0.002 -20"><span class='ocrx_word' id='word_1_160' title='bbox 248 1597 340 1664; x_wconf 88' lang='grc' dir='ltr'><em>τὸς</em></span> <span class='ocrx_word' id='word_1_161' title='bbox 367 1600 652 1670; x_wconf 84' lang='grc' dir='ltr'><em>ποιήσεται</em></span> <span class='ocrx_word' id='word_1_162' title='bbox 680 1602 858 1675; x_wconf 78' lang='grc' dir='ltr'><em>ἑαυτῷ</em></span> <span class='ocrx_word' id='word_1_163' title='bbox 884 1600 945 1656; x_wconf 86' lang='grc' dir='ltr'>τό</span> <span class='ocrx_word' id='word_1_164' title='bbox 968 1601 1237 1673; x_wconf 74' lang='grc' dir='ltr'><em>ἄροτρον,</em></span> <span class='ocrx_word' id='word_1_165' title='bbox 1274 1606 1325 1657; x_wconf 86' lang='grc' dir='ltr'><em>εἰ</em></span> <span class='ocrx_word' id='word_1_166' title='bbox 1352 1604 1535 1674; x_wconf 82' lang='grc' dir='ltr'><em>μέλλει</em></span> <span class='ocrx_word' id='word_1_167' title='bbox 1562 1601 1736 1659; x_wconf 82' lang='grc' dir='ltr'><em>καλὸν</em></span> <span class='ocrx_word' id='word_1_168' title='bbox 1763 1602 1923 1674; x_wconf 80' lang='grc' dir='ltr'><em>εἶναι,</em></span> 
     </span>
     <span class='ocr_line' id='line_1_19' title="bbox 248 1676 1922 1756; baseline 0.003 -19"><span class='ocrx_word' id='word_1_169' title='bbox 248 1679 380 1738; x_wconf 76' lang='grc' dir='ltr'><em>οὐδὲ</em></span> <span class='ocrx_word' id='word_1_170' title='bbox 417 1681 658 1756; x_wconf 80' lang='grc' dir='ltr'><em>σμινύην</em></span> <span class='ocrx_word' id='word_1_171' title='bbox 695 1680 826 1738; x_wconf 77' lang='grc' dir='ltr'><em>οὐδὲ</em></span> <span class='ocrx_word' id='word_1_172' title='bbox 859 1676 1030 1739; x_wconf 77' lang='grc' dir='ltr'><em>τᾶλλα</em></span> <span class='ocrx_word' id='word_1_173' title='bbox 1063 1683 1276 1755; x_wconf 79' lang='grc' dir='ltr'><em>ὄργανα</em></span> <span class='ocrx_word' id='word_1_174' title='bbox 1312 1683 1417 1740; x_wconf 85' lang='grc' dir='ltr'><em>ὅσα</em></span> <span class='ocrx_word' id='word_1_175' title='bbox 1456 1685 1581 1755; x_wconf 83' lang='grc' dir='ltr'><em>περὶ</em></span> <span class='ocrx_word' id='word_1_176' title='bbox 1619 1691 1895 1756; x_wconf 86' lang='grc' dir='ltr'><em>γεωργίαν</em></span> <span class='ocrx_word' id='word_1_177' title='bbox 1910 1708 1922 1720; x_wconf 90' lang='grc'><em>·</em></span> 
     </span>
     <span class='ocr_line' id='line_1_20' title="bbox 249 1758 1925 1840; baseline 0.002 -20"><span class='ocrx_word' id='word_1_178' title='bbox 249 1762 374 1820; x_wconf 84' lang='grc' dir='ltr'><em>οὐδ’</em></span> <span class='ocrx_word' id='word_1_179' title='bbox 407 1758 481 1819; x_wconf 77' lang='grc' dir='ltr'><em>αὖ</em></span> <span class='ocrx_word' id='word_1_180' title='bbox 510 1762 539 1819; x_wconf 87' lang='grc' dir='ltr'>ὁ</span> <span class='ocrx_word' id='word_1_181' title='bbox 569 1764 882 1834; x_wconf 81' lang='grc' dir='ltr'><em>οἰκοδόμος·</em></span> <span class='ocrx_word' id='word_1_182' title='bbox 903 1771 1128 1821; x_wconf 82' lang='grc' dir='ltr'><em>πολλῶν</em></span> <span class='ocrx_word' id='word_1_183' title='bbox 1148 1765 1207 1822; x_wconf 73' lang='grc' dir='ltr'><em>δὲ</em></span> <span class='ocrx_word' id='word_1_184' title='bbox 1225 1767 1317 1822; x_wconf 87' lang='grc' dir='ltr'><em>καὶ</em></span> <span class='ocrx_word' id='word_1_185' title='bbox 1334 1766 1512 1840; x_wconf 85' lang='grc' dir='ltr'><em>τούτω</em></span> <span class='ocrx_word' id='word_1_186' title='bbox 1534 1771 1639 1823; x_wconf 88' lang='grc' dir='ltr'><em>δεῖ·</em></span> <span class='ocrx_word' id='word_1_187' title='bbox 1663 1765 1925 1834; x_wconf 73' lang='grc' dir='ltr'><em>ὡσαύτως</em></span> 
     </span>
     <span class='ocr_line' id='line_1_21' title="bbox 250 1843 1947 1926; baseline 0.002 -26"><span class='ocrx_word' id='word_1_188' title='bbox 250 1844 357 1902; x_wconf 84' lang='grc' dir='ltr'><em>δ’ὁ</em></span> <span class='ocrx_word' id='word_1_189' title='bbox 378 1845 632 1917; x_wconf 82' lang='grc' dir='ltr'><em>ὑφάντης</em></span> <span class='ocrx_word' id='word_1_190' title='bbox 649 1868 707 1901; x_wconf 90' lang='grc' dir='ltr'><em>τε</em></span> <span class='ocrx_word' id='word_1_191' title='bbox 728 1843 869 1901; x_wconf 85' lang='grc' dir='ltr'><em>καὶὸ</em></span> <span class='ocrx_word' id='word_1_192' title='bbox 889 1848 1242 1917; x_wconf 85' lang='grc' dir='ltr'><em>σκυτοτόμος.</em></span> <span class='ocrx_word' id='word_1_193' title='bbox 1293 1846 1513 1920; x_wconf 81' lang='grc' dir='ltr'><em>Ἀληθῆ.</em></span> <span class='ocrx_word' id='word_1_194' title='bbox 1574 1851 1835 1915; x_wconf 85' lang='grc' dir='ltr'><em>Τέκτονες</em></span> <span class='ocrx_word' id='word_1_195' title='bbox 1854 1850 1947 1926; x_wconf 60' lang='grc' dir='ltr'><em>δηὶ</em></span> 
     </span>
     <span class='ocr_line' id='line_1_22' title="bbox 248 1929 1948 2016; baseline 0.004 -34"><span class='ocrx_word' id='word_1_196' title='bbox 248 1929 339 1984; x_wconf 87' lang='grc' dir='ltr'><em>καὶ</em></span> <span class='ocrx_word' id='word_1_197' title='bbox 367 1935 570 1999; x_wconf 84' lang='grc' dir='ltr'><em>χαλκῆς</em></span> <span class='ocrx_word' id='word_1_198' title='bbox 597 1930 688 1984; x_wconf 86' lang='grc' dir='ltr'><em>καὶ</em></span> <span class='ocrx_word' id='word_1_199' title='bbox 706 1934 953 1985; x_wconf 88' lang='grc' dir='ltr'><em>τοιοῦτοί</em></span> <span class='ocrx_word' id='word_1_200' title='bbox 963 1951 1105 1995; x_wconf 91' lang='grc' dir='ltr'><em>τινες</em></span> <span class='ocrx_word' id='word_1_201' title='bbox 1121 1932 1314 1987; x_wconf 85' lang='grc' dir='ltr'><em>πολλοὶ</em></span> <span class='ocrx_word' id='word_1_202' title='bbox 1334 1935 1685 2002; x_wconf 88' lang='grc' dir='ltr'><em>δημιουργοί,</em></span> <span class='ocrx_word' id='word_1_203' title='bbox 1721 1954 1948 2016; x_wconf 45' lang='lat' dir='ltr'><em>nowen-29</em></span> 
     </span>
     <span class='ocr_line' id='line_1_23' title="bbox 248 2010 1948 2113; baseline 0.005 -47"><span class='ocrx_word' id='word_1_204' title='bbox 248 2010 384 2067; x_wconf 62' lang='lat' dir='ltr'><em>‘vol‘</em></span> <span class='ocrx_word' id='word_1_205' title='bbox 353 2022 488 2082; x_wconf 90' lang='grc' dir='ltr'><em>ημῖν</em></span> <span class='ocrx_word' id='word_1_206' title='bbox 505 2016 608 2066; x_wconf 86' lang='grc' dir='ltr'><em>τοῦ</em></span> <span class='ocrx_word' id='word_1_207' title='bbox 625 2017 915 2082; x_wconf 87' lang='grc' dir='ltr'><em>πολιχνίου</em></span> <span class='ocrx_word' id='word_1_208' title='bbox 931 2013 1278 2083; x_wconf 88' lang='grc' dir='ltr'><em>γιγνόμενοι,</em></span> <span class='ocrx_word' id='word_1_209' title='bbox 1317 2012 1527 2113; x_wconf 80' lang='grc' dir='ltr'><em>συχνὸν</em></span> <span class='ocrx_word' id='word_1_210' title='bbox 1556 2013 1691 2070; x_wconf 84' lang='grc' dir='ltr'><em>αυτὸ</em></span> <span class='ocrx_word' id='word_1_211' title='bbox 1724 2022 1897 2071; x_wconf 84' lang='grc' dir='ltr'><em>ποιοῦ</em></span> <span class='ocrx_word' id='word_1_212' title='bbox 1896 2057 1948 2093; x_wconf 59' lang='lat' dir='ltr'><em>t-</em></span> 
     </span>
     <span class='ocr_line' id='line_1_24' title="bbox 248 2091 1952 2177; baseline 0.005 -30"><span class='ocrx_word' id='word_1_213' title='bbox 248 2110 352 2147; x_wconf 84' lang='grc' dir='ltr'><em>σιν.</em></span> <span class='ocrx_word' id='word_1_214' title='bbox 391 2092 559 2147; x_wconf 90' lang='grc' dir='ltr'><em>Πάνυ</em></span> <span class='ocrx_word' id='word_1_215' title='bbox 576 2092 679 2163; x_wconf 75' lang='grc' dir='ltr'><em>μὲν</em></span> <span class='ocrx_word' id='word_1_216' title='bbox 699 2114 818 2149; x_wconf 92' lang='grc' dir='ltr'><em>ουν.</em></span> <span class='ocrx_word' id='word_1_217' title='bbox 850 2091 999 2150; x_wconf 87' lang='grc' dir='ltr'><em>”Αλλ</em></span> <span class='ocrx_word' id='word_1_218' title='bbox 1018 2115 1123 2149; x_wconf 86' lang='grc' dir='ltr'><em>ουκ</em></span> <span class='ocrx_word' id='word_1_219' title='bbox 1142 2093 1215 2149; x_wconf 90' lang='grc' dir='ltr'><em>άν</em></span> <span class='ocrx_word' id='word_1_220' title='bbox 1233 2115 1318 2150; x_wconf 85' lang='grc' dir='ltr'><em>πω</em></span> <span class='ocrx_word' id='word_1_221' title='bbox 1339 2096 1490 2151; x_wconf 92' lang='grc' dir='ltr'><em>πάνυ</em></span> <span class='ocrx_word' id='word_1_222' title='bbox 1510 2118 1572 2166; x_wconf 88' lang='grc' dir='ltr'><em>γε</em></span> <span class='ocrx_word' id='word_1_223' title='bbox 1591 2099 1729 2168; x_wconf 87' lang='grc' dir='ltr'><em>μέγα</em></span> <span class='ocrx_word' id='word_1_224' title='bbox 1747 2121 1799 2153; x_wconf 91' lang='grc' dir='ltr'><em>τι</em></span> <span class='ocrx_word' id='word_1_225' title='bbox 1818 2106 1952 2177; x_wconf 49' lang='grc' dir='ltr'><em>εἴηὲί</em></span> 
     </span>
     <span class='ocr_line' id='line_1_25' title="bbox 248 2172 1956 2255; baseline 0.005 -27"><span class='ocrx_word' id='word_1_226' title='bbox 248 2172 409 2229; x_wconf 80' lang='grc' dir='ltr'><em>*οὐδ’</em></span> <span class='ocrx_word' id='word_1_227' title='bbox 424 2178 521 2230; x_wconf 84' lang='grc' dir='ltr'><em>*εἰ</em></span> <span class='ocrx_word' id='word_1_228' title='bbox 543 2174 731 2239; x_wconf 79' lang='grc' dir='ltr'><em>αὐτοῖς</em></span> <span class='ocrx_word' id='word_1_229' title='bbox 757 2175 1066 2246; x_wconf 88' lang='grc' dir='ltr'><em>βουκόλους</em></span> <span class='ocrx_word' id='word_1_230' title='bbox 1093 2198 1152 2232; x_wconf 88' lang='grc' dir='ltr'><em>τε</em></span> <span class='ocrx_word' id='word_1_231' title='bbox 1179 2178 1272 2233; x_wconf 88' lang='grc' dir='ltr'><em>καὶ</em></span> <span class='ocrx_word' id='word_1_232' title='bbox 1301 2181 1564 2248; x_wconf 87' lang='grc' dir='ltr'><em>ποιμένας</em></span> <span class='ocrx_word' id='word_1_233' title='bbox 1591 2178 1722 2245; x_wconf 80' lang='grc' dir='ltr'><em>τούς</em></span> <span class='ocrx_word' id='word_1_234' title='bbox 1740 2201 1798 2234; x_wconf 89' lang='grc' dir='ltr'><em>τε</em></span> <span class='ocrx_word' id='word_1_235' title='bbox 1818 2179 1956 2255; x_wconf 64' lang='grc' dir='ltr'><em>άλτί</em></span> 
     </span>
     <span class='ocr_line' id='line_1_26' title="bbox 181 2256 1947 2348; baseline 0.003 -36"><span class='ocrx_word' id='word_1_236' title='bbox 181 2270 214 2312; x_wconf 79' lang='grc' dir='ltr'>Ε</span> <span class='ocrx_word' id='word_1_237' title='bbox 251 2261 382 2320; x_wconf 88' lang='grc' dir='ltr'><em>λους</em></span> <span class='ocrx_word' id='word_1_238' title='bbox 401 2256 602 2326; x_wconf 85' lang='grc' dir='ltr'><em>νομέας</em></span> <span class='ocrx_word' id='word_1_239' title='bbox 618 2264 987 2328; x_wconf 85' lang='grc' dir='ltr'><em>προσθεῖμεν,</em></span> <span class='ocrx_word' id='word_1_240' title='bbox 1023 2260 1116 2313; x_wconf 82' lang='grc' dir='ltr'><em>ἵνα</em></span> <span class='ocrx_word' id='word_1_241' title='bbox 1146 2260 1204 2313; x_wconf 88' lang='grc' dir='ltr'><em>οί</em></span> <span class='ocrx_word' id='word_1_242' title='bbox 1227 2280 1285 2314; x_wconf 89' lang='grc' dir='ltr'><em>τε</em></span> <span class='ocrx_word' id='word_1_243' title='bbox 1304 2262 1539 2330; x_wconf 86' lang='grc' dir='ltr'><em>γεωργοὶ</em></span> <span class='ocrx_word' id='word_1_244' title='bbox 1557 2262 1643 2316; x_wconf 84' lang='grc' dir='ltr'><em>ἐπὶ</em></span> <span class='ocrx_word' id='word_1_245' title='bbox 1658 2259 1718 2316; x_wconf 86' lang='grc' dir='ltr'>τό</span> <span class='ocrx_word' id='word_1_246' title='bbox 1741 2259 1947 2348; x_wconf 49' lang='lat' dir='ltr'><em>domm„</em></span> 
     </span>
     <span class='ocr_line' id='line_1_27' title="bbox 244 2339 1919 2412; baseline 0.003 -18"><span class='ocrx_word' id='word_1_247' title='bbox 244 2342 420 2409; x_wconf 79' lang='grc' dir='ltr'><em>ἔχοιεν</em></span> <span class='ocrx_word' id='word_1_248' title='bbox 448 2343 610 2409; x_wconf 84' lang='grc' dir='ltr'><em>βοῦς,</em></span> <span class='ocrx_word' id='word_1_249' title='bbox 648 2341 706 2393; x_wconf 82' lang='grc' dir='ltr'><em>οἵ</em></span> <span class='ocrx_word' id='word_1_250' title='bbox 727 2360 784 2394; x_wconf 89' lang='grc' dir='ltr'><em>τε</em></span> <span class='ocrx_word' id='word_1_251' title='bbox 811 2340 1096 2410; x_wconf 83' lang='grc' dir='ltr'><em>οἰκοδόμοι</em></span> <span class='ocrx_word' id='word_1_252' title='bbox 1121 2340 1263 2409; x_wconf 84' lang='grc' dir='ltr'><em>πρὸς</em></span> <span class='ocrx_word' id='word_1_253' title='bbox 1290 2362 1387 2405; x_wconf 87' lang='grc' dir='ltr'><em>τας</em></span> <span class='ocrx_word' id='word_1_254' title='bbox 1415 2339 1636 2411; x_wconf 81' lang='grc' dir='ltr'><em>άγωγας</em></span> <span class='ocrx_word' id='word_1_255' title='bbox 1654 2342 1788 2412; x_wconf 77' lang='grc' dir='ltr'><em>μετὰ</em></span> <span class='ocrx_word' id='word_1_256' title='bbox 1806 2365 1919 2399; x_wconf 89' lang='grc' dir='ltr'><em>των</em></span> 
     </span>
     <span class='ocr_line' id='line_1_28' title="bbox 243 2419 1920 2495; baseline 0.002 -19"><span class='ocrx_word' id='word_1_257' title='bbox 243 2424 509 2491; x_wconf 76' lang='grc' dir='ltr'><em>γεωργῶν</em></span> <span class='ocrx_word' id='word_1_258' title='bbox 525 2425 767 2491; x_wconf 85' lang='grc' dir='ltr'><em>χρῆσθαι</em></span> <span class='ocrx_word' id='word_1_259' title='bbox 783 2419 1162 2492; x_wconf 61' lang='grc' dir='ltr'><em>ὑποζυγίοις,“</em></span> <span class='ocrx_word' id='word_1_260' title='bbox 1133 2421 1379 2492; x_wconf 85' lang='grc' dir='ltr'><em>υφάνται</em></span> <span class='ocrx_word' id='word_1_261' title='bbox 1398 2422 1457 2479; x_wconf 74' lang='grc' dir='ltr'><em>δὲ</em></span> <span class='ocrx_word' id='word_1_262' title='bbox 1475 2424 1568 2479; x_wconf 88' lang='grc' dir='ltr'><em>καὶ</em></span> <span class='ocrx_word' id='word_1_263' title='bbox 1589 2424 1920 2495; x_wconf 85' lang='grc' dir='ltr'><em>σκυτοτόμοι</em></span> 
     </span>
     <span class='ocr_line' id='line_1_29' title="bbox 246 2502 1920 2576; baseline 0.001 -17"><span class='ocrx_word' id='word_1_264' title='bbox 246 2506 480 2575; x_wconf 82' lang='grc' dir='ltr'><em>δέρμασί</em></span> <span class='ocrx_word' id='word_1_265' title='bbox 492 2524 548 2558; x_wconf 87' lang='grc' dir='ltr'><em>τε</em></span> <span class='ocrx_word' id='word_1_266' title='bbox 562 2505 658 2559; x_wconf 86' lang='grc' dir='ltr'><em>καὶ</em></span> <span class='ocrx_word' id='word_1_267' title='bbox 675 2505 854 2573; x_wconf 88' lang='grc' dir='ltr'><em>ε’ρίοις.</em></span> <span class='ocrx_word' id='word_1_268' title='bbox 915 2503 1069 2562; x_wconf 91' lang='grc' dir='ltr'><em>Ουδέ</em></span> <span class='ocrx_word' id='word_1_269' title='bbox 1084 2527 1172 2575; x_wconf 90' lang='grc' dir='ltr'><em>γε,</em></span> <span class='ocrx_word' id='word_1_270' title='bbox 1195 2507 1230 2576; x_wconf 77' lang='grc' dir='ltr'><strong><em>ἡ</em></strong></span> <span class='ocrx_word' id='word_1_271' title='bbox 1251 2502 1301 2559; x_wconf 87' lang='grc' dir='ltr'><em>δ’</em></span> <span class='ocrx_word' id='word_1_272' title='bbox 1327 2503 1415 2574; x_wconf 82' lang='grc' dir='ltr'><em>ὅς,</em></span> <span class='ocrx_word' id='word_1_273' title='bbox 1449 2503 1650 2575; x_wconf 87' lang='grc' dir='ltr'><em>σμικρα</em></span> <span class='ocrx_word' id='word_1_274' title='bbox 1672 2502 1874 2570; x_wconf 87' lang='grc' dir='ltr'><em>πόλις</em></span> <span class='ocrx_word' id='word_1_275' title='bbox 1848 2528 1920 2561; x_wconf 90' lang='grc' dir='ltr'><em>αν</em></span> 
     </span>
     <span class='ocr_line' id='line_1_30' title="bbox 247 2585 1956 2659; baseline -0.001 -15"><span class='ocrx_word' id='word_1_276' title='bbox 247 2596 330 2659; x_wconf 82' lang='grc' dir='ltr'><em>εἴη</em></span> <span class='ocrx_word' id='word_1_277' title='bbox 350 2591 551 2658; x_wconf 76' lang='grc' dir='ltr'><em>ἔχουσα</em></span> <span class='ocrx_word' id='word_1_278' title='bbox 569 2587 749 2643; x_wconf 89' lang='grc' dir='ltr'><em>πάντα</em></span> <span class='ocrx_word' id='word_1_279' title='bbox 767 2595 955 2644; x_wconf 86' lang='grc' dir='ltr'><em>ταῦτα.</em></span> <span class='ocrx_word' id='word_1_280' title='bbox 1006 2585 1164 2644; x_wconf 79' lang='grc' dir='ltr'><em>Ἀλλά</em></span> <span class='ocrx_word' id='word_1_281' title='bbox 1185 2587 1324 2659; x_wconf 84' lang='grc' dir='ltr'><em>μήν,</em></span> <span class='ocrx_word' id='word_1_282' title='bbox 1351 2590 1423 2658; x_wconf 80' lang='grc' dir='ltr'><em>ἠν</em></span> <span class='ocrx_word' id='word_1_283' title='bbox 1442 2585 1490 2642; x_wconf 89' lang='grc' dir='ltr'><em>δ’</em></span> <span class='ocrx_word' id='word_1_284' title='bbox 1515 2587 1650 2658; x_wconf 77' lang='grc' dir='ltr'><em>ε’γεό,</em></span> <span class='ocrx_word' id='word_1_285' title='bbox 1672 2595 1956 2659; x_wconf 64' lang='grc' dir='ltr'><em>κατοικί-ὶ,</em></span> 
     </span>
     <span class='ocr_line' id='line_1_31' title="bbox 245 2660 1955 2741; baseline -0.001 -18"><span class='ocrx_word' id='word_1_286' title='bbox 245 2687 335 2724; x_wconf 88' lang='grc' dir='ltr'><em>σαι</em></span> <span class='ocrx_word' id='word_1_287' title='bbox 352 2690 414 2737; x_wconf 90' lang='grc' dir='ltr'><em>γε</em></span> <span class='ocrx_word' id='word_1_288' title='bbox 436 2667 613 2740; x_wconf 79' lang='grc' dir='ltr'><em>αὐτὴν</em></span> <span class='ocrx_word' id='word_1_289' title='bbox 630 2668 733 2741; x_wconf 86' lang='grc' dir='ltr'><em>τὴν</em></span> <span class='ocrx_word' id='word_1_290' title='bbox 750 2670 915 2727; x_wconf 88' lang='grc' dir='ltr'><em>πόλιν</em></span> <span class='ocrx_word' id='word_1_291' title='bbox 935 2675 1011 2736; x_wconf 86' lang='grc' dir='ltr'><em>εἰς</em></span> <span class='ocrx_word' id='word_1_292' title='bbox 1028 2677 1283 2726; x_wconf 87' lang='grc' dir='ltr'><em>τοιοῦτον</em></span> <span class='ocrx_word' id='word_1_293' title='bbox 1301 2660 1599 2736; x_wconf 83' lang='grc' dir='ltr'><em>τόπον,οὗ</em></span> <span class='ocrx_word' id='word_1_294' title='bbox 1617 2671 1955 2738; x_wconf 69' lang='grc' dir='ltr'><em>ἐπεισαγω-.)</em></span> 
     </span>
     <span class='ocr_line' id='line_1_32' title="bbox 243 2748 1957 2824; baseline -0.001 -20"><span class='ocrx_word' id='word_1_295' title='bbox 243 2754 422 2821; x_wconf 88' lang='grc' dir='ltr'><em>γίμων</em></span> <span class='ocrx_word' id='word_1_296' title='bbox 442 2749 514 2822; x_wconf 82' lang='grc' dir='ltr'><em>μὴ</em></span> <span class='ocrx_word' id='word_1_297' title='bbox 542 2752 818 2824; x_wconf 82' lang='grc' dir='ltr'><em>δεήσεται,</em></span> <span class='ocrx_word' id='word_1_298' title='bbox 840 2754 1038 2823; x_wconf 88' lang='grc' dir='ltr'><em>σχεδόν</em></span> <span class='ocrx_word' id='word_1_299' title='bbox 1056 2775 1108 2807; x_wconf 91' lang='grc' dir='ltr'><em>τι</em></span> <span class='ocrx_word' id='word_1_300' title='bbox 1126 2750 1420 2808; x_wconf 83' lang='grc' dir='ltr'><em>ἀδύνατον.</em></span> <span class='ocrx_word' id='word_1_301' title='bbox 1470 2748 1773 2805; x_wconf 79' lang='grc' dir='ltr'><em>Ἀδύνατον</em></span> <span class='ocrx_word' id='word_1_302' title='bbox 1792 2749 1915 2820; x_wconf 85' lang='grc' dir='ltr'><em>γάρ.</em></span> <span class='ocrx_word' id='word_1_303' title='bbox 1904 2787 1957 2819; x_wconf 62' lang='grc' dir='ltr'><em>,ν</em></span> 
     </span>
     <span class='ocr_line' id='line_1_33' title="bbox 240 2828 1958 2906; baseline -0.001 -19"><span class='ocrx_word' id='word_1_304' title='bbox 240 2832 584 2905; x_wconf 83' lang='grc' dir='ltr'><em>Προσδεήσει</em></span> <span class='ocrx_word' id='word_1_305' title='bbox 602 2833 711 2906; x_wconf 73' lang='grc' dir='ltr'><em>ἄρα</em></span> <span class='ocrx_word' id='word_1_306' title='bbox 733 2840 811 2891; x_wconf 79' lang='grc' dir='ltr'><em>ἔτι</em></span> <span class='ocrx_word' id='word_1_307' title='bbox 827 2838 918 2891; x_wconf 87' lang='grc' dir='ltr'><em>καὶ</em></span> <span class='ocrx_word' id='word_1_308' title='bbox 937 2834 1148 2905; x_wconf 73' lang='grc' dir='ltr'><em>ἄλλων,</em></span> <span class='ocrx_word' id='word_1_309' title='bbox 1185 2839 1242 2890; x_wconf 80' lang='grc' dir='ltr'><em>οἳ</em></span> <span class='ocrx_word' id='word_1_310' title='bbox 1267 2837 1320 2899; x_wconf 82' lang='grc' dir='ltr'><em>ἐξ</em></span> <span class='ocrx_word' id='word_1_311' title='bbox 1348 2832 1516 2902; x_wconf 73' lang='grc' dir='ltr'><em>ἄλλης</em></span> <span class='ocrx_word' id='word_1_312' title='bbox 1546 2830 1755 2895; x_wconf 90' lang='grc' dir='ltr'><em>πόλεως</em></span> <span class='ocrx_word' id='word_1_313' title='bbox 1776 2828 1916 2901; x_wconf 80' lang='grc' dir='ltr'><em>αυτῇ</em></span> <span class='ocrx_word' id='word_1_314' title='bbox 1927 2868 1958 2901; x_wconf 61' lang='lat'><em>⁵.,</em></span> 
     </span>
    </p>
   </div>
  </div>
 </body>
</html>
