1962 3236
551 107 556 112 ’
608 86 1141 175 ’ΠόΛΙΤΕΙΑΣ
1173 118 1225 184 ζ’.
1680 125 1783 176 227

103 259 156 315 δ’
173 261 298 330 ἐγώ,
319 258 401 316 ὅτι
423 264 725 330 ἐπαίζομεν,
747 260 836 314 καὶ
856 264 1068 329 μᾶλλον
1087 258 1467 331 ἐντεινάμενος
1488 259 1605 315 εἷπο
1615 282 1656 314 ν.
1696 262 1786 316 λέ·
1817 280 1848 324 c

32 351 41 355 “
103 363 219 411 γων
244 342 351 412 γὰρ
373 341 485 412 ἅμα
507 345 710 412 ἔβλεψα
730 337 869 407 πρὸς
898 344 1253 410 φιλοσοφίαν,
1285 342 1376 395 καὶ
1404 338 1542 396 ἰδών
1573 359 1784 407 προπε-

103 425 513 493 πηλακισμένην
537 419 768 486 ἀναξίως
788 419 1171 491 ἀγανακτήσας
1189 443 1282 493 μοι
1312 425 1461 477 δοκῶ
1491 423 1582 477 καὶ
1603 419 1788 492 ὥσπερ

103 506 393 573 θυμωθεὶς
417 514 528 567 τοῖς
546 507 735 566 αἰτίοις
766 501 1204 572 σπουδαιότερον
1224 508 1397 559 εἰπεῖν
1423 499 1458 558 ἃ
1488 502 1658 558 εἷπον.
1702 499 1789 557 Οὐ

102 584 176 656 μά
199 585 299 639 τὸν
318 582 436 653 Δί’,
468 589 593 655 ἔφη,
626 582 838 637 οὔκουν
874 581 947 647 ὥς
983 580 1037 652 γ’
1077 586 1196 654 ἐμοὶ
1235 582 1496 656 ἀκροατῇ.
1530 580 1674 640 Ἀλλ’
1718 581 1790 648 ὡς

24 691 28 698 ’
103 668 238 736 ἐμοί,
259 660 332 736 ἦν
352 666 402 720 δ’
426 666 552 735 ἐγώ,
573 664 777 735 ῥήτορι.
815 663 940 719 τόδε
963 666 1022 718 δὲ
1040 663 1113 735 μὴ
1146 665 1671 738 ἐπιλανθανώμεθα,
1703 662 1790 721 ὅτι

27 799 36 805 ,
105 749 165 802 ἐν
195 750 297 843 μὲν
330 753 397 819 τῇ
424 748 663 819 προτέρᾳ
692 749 891 817 ἐκλογῇ
920 745 1234 817 πρεσβύτας
1266 750 1600 819 ἐξελέγομεν,
1632 749 1694 802 ἐν
1730 746 1788 802 δε

103 829 276 900 ταύτῃ
293 826 396 884 οὐκ
420 828 739 899 ἐγχωρήσει
775 828 997 883 Σόλωνι
1015 826 1123 898 γὰρ
1144 826 1212 882 οὐ
1232 833 1500 899 πειστέον,
1524 851 1597 894 ως
1616 828 1791 900 γηρά-
1829 843 1862 883 D

106 927 255 965 σκων
276 932 356 975 τις
369 907 544 965 πολλὰ
566 910 802 974 δυνατὸς
826 908 1154 980 μανθάνειν,
1175 907 1295 965 ἀλλ’
1321 913 1487 980 ἡττον
1507 905 1541 981 ἢ
1560 913 1789 981 τρέχειν,

106 995 247 1046 νέων
268 991 327 1048 δὲ
346 991 546 1055 πάντες
565 994 621 1046 οί
635 991 863 1062 μεγάλοι
885 993 973 1046 καὶ
993 994 1048 1046 oc
1075 993 1266 1047 πολλοὶ
1298 989 1475 1047 πόνοι.
1528 989 1786 1062 Ἀνάγκη,

106 1094 227 1143 εφη.

245 1158 367 1208 xvl.
414 1152 491 1208 Τὰ
510 1154 612 1223 μὲν
629 1160 821 1208 τοίνυν
841 1160 1125 1223 λογισμῶν
1139 1175 1196 1208 τε
1217 1156 1307 1208 καὶ
1330 1160 1678 1224 γεωμετριῶν
1695 1157 1787 1210 καὶ

105 1235 282 1305 πάσης
310 1240 406 1305 τῆς
434 1238 807 1303 προπαιδείας,
838 1232 909 1305 ἣν
942 1241 1037 1304 τῆς
1065 1239 1406 1305 διαλεκτικῆς
1438 1238 1526 1291 δεῖ
1551 1255 1791 1306 προπαι-

109 1318 398 1386 δευθῆναι,
419 1317 606 1371 παισὶν
626 1312 751 1370 οὖσι
770 1314 871 1386 χρὴ
891 1315 1245 1386 προβάλλειν,
1274 1313 1375 1386 οὐχ
1395 1312 1468 1379 ὥς
1488 1314 1794 1386 ἐπάναγκες

0 1457 3 1471 ,
105 1404 309 1465 μαθεῖν
334 1397 394 1452 τό
426 1402 604 1468 σχῆμα
634 1401 728 1467 τῆς
759 1399 981 1466 διδαχῆς
1011 1397 1395 1466 ποιουμένους.
1440 1401 1510 1451 Τί
1535 1395 1604 1468 δή
1613 1420 1628 1463 3
1656 1395 1792 1467 Ὅτι,

0 1481 2 1494 '
106 1469 176 1545 ἦν
215 1475 271 1531 δ’
305 1478 428 1547 έγω’,
460 1475 628 1532 οὐδὲν
653 1477 884 1548 μάθημα
914 1475 1047 1549 μετὰ
1081 1481 1332 1541 δουλείας
1362 1476 1460 1532 τὸν
1485 1477 1792 1550 ἐλεύθερον
1825 1497 1858 1538 Ε

0 1531 3 1622 b
105 1559 205 1628 χρὴ
227 1559 556 1629 μανθάνειν.
593 1562 648 1614 οἱ
673 1559 775 1629 μὲν
808 1560 915 1630 γὰρ
944 1565 1044 1615 τοῦ
1081 1560 1332 1630 σώματος
1360 1558 1523 1614 πόνοι
1559 1563 1654 1633 βίᾳ
1687 1579 1792 1615 πο-

0 1627 2 1644 Ῠ
108 1640 371 1711 νούμενοι
400 1652 583 1712 χεῖρον
614 1639 780 1697 οὐδὲν
815 1642 873 1698 τό
914 1649 1071 1713 σῶμα
1103 1640 1518 1713 ἀπεργάζονται,
1550 1649 1700 1716 ψυχῇ
1733 1646 1792 1699 δὲ

108 1727 292 1793 βίαιον
310 1721 477 1779 οὐδὲν
505 1727 747 1793 ἔμμονον
776 1722 1023 1794 μάθημα.
1061 1722 1284 1795 Ἀληθῆ,
1307 1728 1429 1795 ἔφη.
1465 1724 1565 1796 Μὴ
1594 1730 1788 1781 τοίνυν

109 1811 221 1877 βίᾳ,
245 1804 417 1874 εἷπον,
440 1800 483 1860 ὦ
505 1805 710 1876 ἄριστε,
731 1804 860 1871 τούς
882 1810 1078 1871 παῖδας
1096 1809 1156 1861 ἐν
1176 1817 1285 1870 τοῖς
1304 1807 1628 1878 μαθήμασιν
1647 1806 1787 1863 ἀλλὰ

110 1891 398 1953 παίζοντας
417 1891 601 1957 τρέφε,
621 1891 713 1942 ἵνα
742 1889 830 1943 καὶ
861 1894 1073 1958 μᾶλλον
1102 1883 1216 1953 οἶός
1246 1886 1296 1943 τ’
1330 1883 1394 1960 ᾖς
1418 1894 1676 1962 καθορᾷν
1697 1889 1791 1961 ἐφ’
1820 1909 1906 1958 537

111 1966 139 2021 ὃ
159 1970 388 2033 ἕκαστος
418 1971 679 2039 πέφυκεν.
722 1969 867 2039 ’Ἐχει
893 1967 925 2024 ὂ
954 1972 1139 2039 λέγεις,
1167 1973 1288 2041 ἔφη,
1318 1970 1504 2039 λόγον.
1562 1968 1793 2027 Οὐκοῦν

111 2047 491 2120 μνημονεύεις,
512 2044 584 2120 ἦν
603 2049 657 2104 δ’
689 2050 815 2119 ἐγώ,
847 2048 930 2104 ὅτι
961 2051 1049 2105 καὶ
1080 2055 1155 2115 εἰς
1181 2050 1277 2106 τὸν
1308 2051 1553 2123 πόλεμον
1581 2058 1793 2123 ἔφαμεν

110 2130 240 2197 τούς
260 2135 455 2196 παῖδας
474 2130 613 2187 εἶναι
631 2131 828 2187 ἀκτέον
847 2133 934 2187 ἐπὶ
953 2138 1067 2188 τῶν
1086 2135 1269 2187 ἵππων
1289 2133 1560 2204 θεωρούς,
1583 2135 1673 2190 καὶ
1694 2133 1793 2189 ἐάν

112 2234 222 2269 που
243 2212 485 2284 ἀσφαλὲς
503 2206 556 2285 ᾗ,
578 2216 920 2285 προσακτέον
945 2212 1107 2285 ἐγγὺς
1136 2217 1226 2269 καὶ
1253 2217 1515 2285 γευστέον
1546 2217 1789 2286 αἵματος,

114 2294 297 2364 ὥσπερ
316 2293 446 2359 τούς
465 2295 769 2360 σκύλακας;
808 2297 1127 2367 Μέμνημαι,
1149 2300 1272 2366 ἔφη.
1307 2295 1392 2351 Ἐν
1414 2301 1550 2351 πᾶσι
1572 2295 1636 2368 δὴ
1657 2295 1791 2351 τού-

5 2383 28 2438 ῑ,·
110 2399 241 2446 τοις,
263 2370 332 2447 ἦν
353 2375 405 2431 δ’
440 2375 565 2447 ἐγώ,
594 2388 706 2441 τοῖς
726 2397 782 2431 τε
803 2375 1011 2449 πόνοις
1030 2379 1120 2432 καὶ
1138 2377 1429 2450 μαθήμασι
1455 2381 1544 2433 καὶ
1575 2378 1791 2450 φόβοις,

7 2463 19 2503 ἓ-
114 2454 174 2521 ὃς
193 2454 265 2511 ἀν
284 2457 692 2526 ἐντρεχέστατος
702 2455 786 2513 αεὶ
801 2463 1078 2528 φαίνηται,
1101 2462 1176 2523 εἰς
1196 2456 1445 2530 ἀριθμόν
1463 2480 1586 2514 τινα
1606 2461 1792 2529 ἐγκρι-

4 2539 11 2597 i
114 2541 254 2594 τέον.
291 2536 376 2594 Ἐν
397 2543 520 2607 τίνι,
541 2542 666 2609 ἔφη,
696 2535 904 2612 ἡλικίας
927 2533 1194 2608 Ηνίκα,
1157 2562 1229 2610 ην
1249 2537 1299 2595 δ’
1322 2538 1448 2609 ἐγώ,
1471 2561 1585 2595 των
1615 2539 1855 2610 &way-13

1 2625 32 2691 4³3
112 2626 286 2676 καίων
314 2625 636 2690 γυμνασίων
664 2624 959 2690 μεθίενται.
1001 2612 1162 2684 οὗτος
1193 2619 1298 2690 γὰρ
1320 2617 1349 2675 ὁ
1378 2618 1595 2693 χρόνος,
1618 2622 1715 2675 ἐάν
1732 2642 1791 2676 τε

14 2691 29 2716 ⁵
114 2703 215 2761 δύο
236 2703 332 2759 έάν
356 2725 412 2759 τε
447 2709 569 2773 τρία
598 2707 688 2774 ἔτη
719 2708 988 2775 γίγνηται,
1020 2701 1294 2768 ἀδύνατός
1330 2725 1382 2758 τι
1409 2701 1542 2758 άλλο
1572 2707 1786 2775 πρᾶξαι.

112 2785 271 2841 κόποι
293 2784 398 2855 γὰρ
420 2784 568 2841 καὶ
533 2806 697 2841 υπνοι
723 2785 1011 2858 μαθήμασι
1035 2789 1303 2856 πολέμιοι·
1341 2783 1564 2911 {ghaun
1584 2790 1680 2857 μία
1699 2786 1789 2841 καὶ
