1962 3236
219 146 323 200 372
835 148 1306 197 ΠΛΑΤΩΝΟΣ
1843 159 1900 201 54

219 285 490 356 θημάτων
507 291 678 340 ταῦτα
711 289 855 336 αἴτια
890 278 1151 351 εἰρήσθω.
1190 283 1343 336 λείου
1374 278 1426 335 δ’
1458 274 1532 335 αὖ
1560 284 1653 337 καὶ
1680 286 1903 352 τραχέος

222 366 549 437 παθήματος
567 369 746 420 αἰτίαν
764 368 871 425 πᾶς
889 380 999 415 που
1018 357 1260 415 κατιδων
1275 361 1367 416 καὶ
1393 361 1555 434 ἑτέρῳ
1577 360 1813 426 δυνατὸς
1830 359 1902 418 ἂν

223 455 304 518 εἴη
336 451 540 516 λέγειν·
572 443 878 514 σκληρότης
906 441 1014 511 γὰρ
1045 439 1426 512 ἀνωμαλότητι
1450 450 1722 512 μιχθεῖσα,
1751 441 1811 498 τὸ
1847 442 1899 498 δ’

135 546 197 590 64
225 526 496 598 ὁμαλότης
516 525 817 594 πυκνότητι
838 524 1141 592 παρέχεται.

362 611 558 663 XXVII.
608 609 893 675 ,Μέγιστον
927 606 986 659 δὲ
1022 605 1114 659 καὶ
1151 602 1350 659 λοιπὸν
1385 609 1496 658 τῶν
1535 610 1742 659 κοινῶν
1778 607 1903 674 περὶ

223 690 360 745 ὅλον
387 687 448 745 τὸ
482 697 639 759 σῶμα
670 687 1019 758 παθημάτων
1048 685 1109 742 τὸ
1142 693 1256 742 τῶν
1274 685 1454 757 ἡδέων
1470 687 1562 742 καὶ
1580 692 1694 740 τῶν
1719 684 1905 756 ἀλγει-

222 777 341 826 νῶν
360 779 538 826 αἴτιον
560 774 620 825 ἐν
639 767 720 834 οἷς
740 768 1164 838 διεληλύθαμεν,
1186 769 1276 823 καὶ
1297 766 1399 822 ὅσα
1421 766 1510 822 διὰ
1538 773 1651 822 τῶν
1667 773 1768 823 τοῦ
1788 768 1902 822 στό-

223 874 391 924 ματος
418 858 630 922 μορίων
658 850 943 921 αἰσθήσεις
971 853 1274 919 κεκτημένα
1305 851 1395 904 καὶ
1423 849 1600 913 λύπας
1628 851 1689 904 ἐν
1718 847 1904 914 αὑτοῖς

227 932 432 1005 ἡδονάς
457 930 521 987 θ’
554 933 666 1003 άμα
696 934 965 1002 επομένας
995 937 1114 1002 ἔχει.
1155 924 1252 986 056²
1285 923 1390 985 οὖν
1418 931 1554 985 κατὰ
1585 930 1788 995 παντὸς
1818 937 1906 986 αἰ·-

225 1022 442 1086 σθητοῦ
460 1017 551 1070 καὶ
572 1013 919 1084 ἀναισθήτου
938 1012 1263 1083 παθήματος
1282 1009 1378 1075 τὰς
1407 1017 1578 1076 αἰτίας
1608 1013 1907 1083 λαμβάνω-

162 1108 196 1149 Β
227 1118 346 1166 μεν,
372 1094 919 1167 ἀναμιμνησκόμενοι
937 1092 997 1149 τὸ
1018 1101 1114 1196 τῆς
1136 1092 1428 1164 εὐκινήτου
1450 1115 1509 1148 τε
1532 1095 1623 1148 καὶ
1640 1094 1906 1191 δυσκινή-

225 1198 327 1233 του
347 1178 567 1248 φύσεως
591 1177 675 1233 ὅτι
703 1177 1017 1246 διειλόμεθα
1053 1180 1114 1230 ἐν
1148 1188 1261 1239 τοις
1289 1176 1567 1244 πρόσθεν·
1597 1175 1770 1246 ταύτῃ
1799 1173 1905 1246 γὰρ

229 1257 296 1329 δὴ
310 1261 707 1356 μεταδιωκτέον
726 1258 924 1323 πάντα,
943 1255 1047 1311 ὅσα
1069 1259 1398 1326 ἐπινοοῦμεν
1416 1258 1571 1312 ἑλεῖν.
1595 1255 1655 1311 τὸ
1677 1258 1779 1326 μὲν
1798 1278 1905 1326 γαρ

227 1337 366 1396 κατὰ
385 1339 556 1408 φύσιν
577 1336 882 1408 εὐκίνητον,
906 1337 1039 1393 ὅταν
1058 1341 1147 1392 καὶ
1166 1335 1343 1409 βραχὺ
1362 1338 1545 1402 πάθος
1563 1342 1638 1401 εἰς
1657 1335 1789 1392 αὐτὸ
1810 1340 1907 1407 ε’μ-

228 1425 413 1492 πίπτῃ,
436 1423 718 1475 διαδίδωσι
737 1419 921 1474 κύκλω
942 1420 1106 1489 μόρια
1126 1420 1281 1489 ε’τερα
1299 1419 1499 1486 ἑτέροις
1519 1416 1907 1490 ταύτόνάπερ-

227 1502 518 1571 γαζόμενα,
533 1504 794 1572 μέχριπερ
813 1497 883 1555 ἀν
898 1502 984 1554 ε’πὶ
998 1498 1059 1555 τὸ
1083 1499 1356 1569 φρόνιμον
1375 1499 1614 1555 ἐλθόντα
1627 1503 1908 1571 ἐξαγγείλῃ

230 1587 331 1636 τοῦ
353 1582 684 1651 ποιήσαντος
702 1579 806 1651 τήν
826 1580 1089 1650 δύναμιν
1126 1578 1187 1635 τὸ
1223 1578 1274 1635 δ’
1307 1583 1562 1637 ἐναντίον
1588 1583 1808 1650 ἑδραῖον
1842 1579 1909 1637 ὂν

231 1686 333 1720 κατ
340 1661 580 1718 ὀὐδένα
599 1685 655 1718 τε
674 1665 885 1718 κύκλον
906 1660 994 1719 cdv
1014 1663 1209 1733 πάσχει
1226 1662 1418 1734 μόνον,
1450 1663 1583 1719 ἄλλο
1605 1662 1665 1719 δε
1683 1662 1752 1719 οὐ
1770 1676 1916 1720 κινεῖ

174 1763 205 1803 G
230 1752 342 1800 τῶν
360 1748 610 1816 πλησίον,
634 1743 772 1800 ὥστε
792 1742 859 1798 οὐ
882 1743 1244 1799 διαδιδόντων
1263 1750 1473 1815 μορίων
1492 1749 1702 1816 μορίοις
1725 1744 1909 1802 ἄλλων

231 1825 420 1891 ἄλλοις
448 1824 509 1881 τὸ
536 1833 760 1897 πρῶτον
786 1826 970 1891 πάθος
999 1829 1059 1882 ἐν
1089 1825 1275 1890 αὐτοῖς
1311 1824 1574 1897 ἀκίνητον
1603 1832 1679 1892 εἰς
1714 1827 1775 1882 τὸ
1797 1834 1910 1883 πᾶν

231 1915 374 1975 ζῶον
392 1911 698 1980 γενόμενον
717 1908 1060 1980 ἀναίσθητον
1081 1911 1314 1981 παρέσχε
1334 1907 1394 1964 τὸ
1417 1908 1620 1968 παθόν.
1659 1917 1830 1965 ταῦτα
1850 1913 1909 1965 δὲ

232 1995 362 2059 περί
385 2013 442 2046 τε
481 1990 618 2046 ὀστᾶ
654 1994 746 2047 καὶ
777 1990 874 2056 τὰς
901 1997 1085 2061 τρίχας
1123 1993 1233 2046 ἐστὶ
1265 1993 1356 2046 καὶ
1383 1988 1473 2045 ὅσ’
1505 1990 1646 2045 ἄλλα
1665 1990 1827 2060 γήϊνα
1844 1988 1906 2046 τὸ

232 2078 490 2126 πλεῖστον
514 2076 706 2143 ἔχομεν
724 2077 784 2127 ἐν
800 2071 933 2143 ἡμῖν
950 2073 1143 2141 μόρια·
1181 2070 1246 2126 τὰ
1268 2070 1327 2125 δὲ
1354 2075 1672 2142 ἔμπροσθεν
1702 2072 1826 2139 περὶ
1843 2069 1908 2126 τά

232 2157 329 2220 τῆς
358 2151 539 2217 ὄψεως
567 2155 658 2207 καὶ
694 2151 866 2222 ἀκοῆς
897 2152 1148 2223 μάλιστα,
1171 2149 1259 2206 διὰ
1278 2148 1339 2206 τὸ
1366 2151 1542 2222 πυρὸς
1571 2150 1730 2222 ἀέρος
1760 2173 1818 2206 τε
1850 2154 1911 2206 ἐν

234 2229 419 2295 αὐτοῖς
450 2231 690 2303 δύναμιν
719 2235 922 2288 ἐνεῖναι
952 2238 1228 2303 μεγίστην.
1278 2231 1339 2287 τὸ
1372 2233 1437 2303 δὴ
1468 2240 1564 2303 τῆς
1591 2230 1796 2304 ἡδονῆς
1821 2234 1912 2288 καὶ

175 2330 211 2370 D
240 2310 416 2382 λύπης
436 2305 545 2366 ὦδε
564 2315 651 2367 δεῖ
662 2317 1019 2368 διανοεῖσθαι.
1060 2310 1120 2368 τὸ
1139 2314 1241 2383 μὲν
1260 2311 1409 2384 παρὰ
1429 2313 1603 2384 φύσιν
1622 2316 1713 2370 καὶ
1732 2320 1913 2385 βίαιον

234 2393 567 2464 γιγνόμενον
586 2393 806 2465 ἀθρόον
824 2393 955 2465 παρ’
980 2393 1113 2466 ἡμῖν
1136 2396 1319 2461 πάθος
1350 2395 1627 2466 ἀλγεινόν,
1658 2394 1720 2452 τὸ
1756 2396 1807 2452 δ’
1839 2401 1915 2461 εἰς

237 2477 412 2548 φύσιν
442 2473 612 2532 ἀπιὸν
652 2478 820 2533 πάλιν
857 2477 1075 2547 ἀθρόον
1114 2476 1241 2549 ἡδύ,
1271 2476 1332 2533 τὸ
1365 2477 1423 2533 δὲ
1452 2475 1627 2548 ἠρέμα
1655 2480 1747 2534 καὶ
1774 2479 1913 2534 κατὰ

237 2556 471 2628 σμικρὸν
490 2555 850 2628 ἀναίσθητον,
871 2557 933 2614 τὸ
957 2558 1011 2613 δ’
1031 2562 1284 2615 ἐναντίον
1301 2560 1515 2624 τούτοις
1539 2563 1811 2623 ἐναντίως.
1851 2560 1911 2615 τὸ

238 2637 298 2693 δὲ
316 2635 432 2708 μετ’
458 2635 737 2703 εὐπετείας
756 2640 1087 2711 γιγνόμενον
1107 2640 1255 2696 ἅπαν
1274 2639 1542 2712 αἰσθητὸν
1566 2641 1668 2712 μὲν
1687 2640 1718 2695 ὅ
1734 2662 1786 2695 τι
1806 2641 1915 2710 μά-

239 2727 412 2787 λιστα,
431 2720 607 2791 λύπης
630 2722 793 2776 δὲκαὶ
813 2719 1019 2793 ἡδονῆς
1049 2724 1117 2778 οὐ
1146 2726 1387 2794 μετέχον,
1420 2719 1540 2778 οἷον
1565 2721 1631 2777 τὰ
1661 2726 1784 2791 περὶ
1814 2723 1916 2793 τήν

240 2799 370 2864 ὄψιν
390 2799 566 2872 αὐτὴν
584 2803 902 2874 παθήματα,
925 2801 960 2870 ἢ
985 2802 1050 2867 δὴ
1074 2811 1231 2865 σῶμα
1261 2809 1321 2860 ἐν
1339 2816 1450 2869 τοῖς
1473 2803 1725 2873 πρόσθεν
1753 2803 1917 2874 ἐρρή-
