1962 3236
233 173 300 224 28
820 172 1306 222 ΠΛΑΤΩΝΟΣ

233 306 303 379 δή
335 329 399 378 γε
428 309 520 364 καὶ
555 309 618 364 ἐν
654 306 820 379 ἀρετῇ
857 305 992 362 αὐτὸ
1033 308 1125 360 καὶ
1161 310 1331 377 σοφίᾳ
1369 304 1672 377 ἐτόλμησας
1705 315 1907 363 θεῖναι.

227 386 592 460 Ἀληθέστατα
604 431 619 458 ,
642 392 774 459 ἔφη,
796 386 1069 458 μαντεύει.
1117 383 1264 442 Ἀλλ’
1285 383 1354 440 οὐ
1373 389 1582 456 μέντοι,
1615 381 1687 457 ἧν
1707 385 1759 442 δ’
1782 388 1907 458 ἐγώ,

230 469 572 541 ἀποκνητέον
595 491 657 539 γε
676 476 754 542 τῷ
773 469 920 541 λόγῳ
942 470 1255 533 ἐπεξελθεῖν
1274 468 1689 538 σκοπούμενον,
1717 470 1818 533 ἕως
1836 468 1908 524 ἄν

231 565 292 606 σε
310 549 690 622 ὑπολαμβάνω
715 551 894 619 λέγειν
921 547 1062 617 ἅπερ
1093 552 1314 603 διανοεῖ.
1348 548 1466 617 ἐμοὶ
1495 547 1600 618 γὰρ
1619 552 1797 613 δοκεῖς
1814 549 1905 619 σύ,

231 625 276 685 02³
307 631 664 701 Θρασύμαχε,
705 628 944 699 ἀτεχνῶς
974 635 1084 684 νῦν
1116 625 1184 682 οὐ
1214 627 1514 696 σκώπτειν,
1551 627 1690 684 ἀλλὰ
1721 627 1787 684 τὰ
1811 634 1907 685 δο-

228 718 438 766 κοῦντα
467 713 589 782 περὶ
610 716 705 781 τῆς
724 709 986 781 ἀληθείας
1013 712 1207 779 λέγειν.
1268 713 1339 764 Τί
1352 711 1415 764 δέ
1430 725 1543 780 σοι,
1577 714 1712 780 ἔφη,
1741 717 1905 765 τοῦτο

228 793 477 861 διαφέρει
492 833 505 859 ,
528 799 634 847 εἴτε
654 812 747 861 μοι
767 795 917 845 δοκεῖ
936 798 1043 846 εἴτε
1062 788 1164 860 μή,
1200 786 1325 844 ἀλλ’
1355 786 1424 843 οὐ
1442 787 1542 844 τὸν
1565 790 1736 860 λόγον
1757 792 1905 859 ἐλέγ-

167 893 199 934 Β
228 895 364 944 χεις;
417 870 629 941 Οὐδέν,
667 865 738 943 ἦν
768 870 818 927 δ’
851 871 972 941 ἐγώ.
1025 868 1164 925 ἀλλὰ
1193 871 1320 924 τόδε
1349 891 1443 940 μοι
1471 876 1640 938 πειρῶ
1675 875 1751 925 ἒτι
1769 871 1906 939 πρὸς

228 953 442 1018 τούτοις
456 954 898 1023 ἀποκρίνασθαι·
937 949 966 1006 ὁ
995 956 1200 1015 δίκαιος
1218 958 1322 1006 τοῦ
1342 955 1560 1006 δικαίου
1582 955 1735 1006 δοκεῖ
1749 957 1805 1006 τί
1818 969 1903 1007 σοι

229 1034 302 1089 ἂν
331 1037 545 1089 ἐθέλειν
576 1036 744 1088 πλέον
769 1037 941 1102 ἔχειν;
991 1031 1296 1102 Οὐδαμῶς,
1337 1035 1465 1102 ἔφη·
1501 1029 1571 1086 οὐ
1602 1030 1710 1102 γὰρ
1743 1029 1815 1088 ἄν
1833 1026 1906 1104 ἦν

229 1113 458 1183 ἀστεῖος,
481 1114 666 1182 ὥσπερ
689 1120 797 1168 νῦν
813 1155 827 1183 ,
848 1115 940 1168 καὶ
959 1110 1183 1183 εὐήθης.
1227 1117 1298 1167 Τί
1311 1115 1375 1168 δέ
1381 1136 1397 1179 ;
1416 1120 1512 1183 τῆς
1531 1117 1742 1178 δικαίας
1761 1112 1906 1183 προί-

229 1199 386 1260 ξεως;
427 1193 572 1251 Οὐδὲ
596 1202 692 1266 τῆς
721 1198 963 1263 δικαίας,
998 1199 1120 1264 ἔφη.
1197 1199 1310 1249 Τοῦ
1353 1196 1412 1249 δὲ
1442 1191 1639 1249 ἀδίκου
1669 1195 1906 1266 πότερον

230 1274 376 1342 ἀξιοῖ
406 1273 477 1331 ὅίν
506 1283 854 1331 πλεονεκτεῖν
882 1277 971 1331 καὶ
1002 1274 1187 1346 ἡγοῖτο
1220 1278 1434 1330 δικαιον
1453 1274 1619 1344 εἶναι,
1649 1274 1686 1346 ἢ
1705 1275 1807 1331 οὐκ
1834 1276 1905 1332 ἀν

227 1355 413 1427 ἡγοῖτο
434 1360 672 1419 δίκαιον;
715 1354 920 1427 Hyotv’
944 1355 1041 1425 α’ν,
1061 1380 1094 1428 η
1079 1350 1166 1412 τδ’
1193 1354 1277 1426 ὅς,
1314 1359 1404 1412 και
1435 1355 1599 1426 ἀξιοῖ,
1639 1355 1761 1412 ἀλλ’
1801 1355 1903 1412 οὐκ

230 1436 300 1494 ἀν
325 1440 562 1494 δύναιτο.
633 1435 774 1495 ”Αλλ
812 1437 881 1494 οὐ
899 1444 1061 1493 τοῦτο
1078 1480 1092 1508 ,
1123 1430 1194 1509 ἦν
1217 1436 1266 1492 δ’
1290 1438 1426 1507 ἐγώ,
1462 1440 1673 1507 ἐρωτῶ,
1707 1435 1828 1494 ἀλλ’
1858 1442 1908 1495 εἰ

167 1534 198 1575 G
229 1525 331 1575 τοῦ
347 1541 448 1590 μεν
467 1523 683 1574 δικαίου
708 1518 781 1588 μὴ
816 1518 963 1584 ἀξιοῖ
985 1522 1312 1589 πλέονέχειν
1329 1519 1466 1589 μηδε
1485 1517 1786 1590 βούλεται“
1762 1541 1791 1574 ο
1819 1522 1903 1575 δί-

227 1623 409 1670 καιος,
431 1607 533 1654 τοῦ
553 1602 612 1654 δὲ
631 1597 858 1665 ἀδίκου;
890 1598 1037 1654 Ἀλλ’
1061 1599 1237 1664 οὕτως
1255 1641 1268 1668 ,
1290 1604 1423 1670 ἔφη,
1452 1604 1571 1669 ἔχει.
1614 1600 1759 1655 Τίδὲ
1785 1597 1898 1670 δὴ“
1873 1622 1901 1654 o

225 1682 441 1745 ἅδικοςς
460 1674 570 1751 ἀρα
590 1677 734 1746 ἀξιοῖ
746 1688 847 1735 τοῦ
866 1685 1083 1736 δικαίου
1104 1688 1451 1736 πλεονεκτεῖν
1470 1683 1561 1736 καὶ
1578 1687 1672 1751 τῆς
1693 1685 1903 1745 δικαίας

225 1763 495 1833 πράξεως;
528 1768 659 1826 Πῶς
690 1761 797 1864 γὰρ
826 1762 960 1828 οὔκ;
1001 1767 1134 1832 ἔφη,
1169 1762 1230 1826 ὅς
1247 1783 1310 1831 γε
1329 1762 1555 1816 πάντων
1575 1763 1744 1816 πλέον
1763 1765 1903 1832 ἔχειν

225 1841 378 1908 ἀξιοῖ.
438 1842 668 1897 Οὐκοῦν
705 1844 794 1897 καὶ
830 1839 1028 1898 ἀδίκου
1059 1841 1372 1913 ἀνθρώπου
1400 1863 1458 1897 τε
1488 1843 1579 1897 καὶ
1608 1841 1899 1913 πράξεωςὸ

222 1924 411 1989 ἄδικος
446 1924 834 1994 πλεονεκτήσει
863 1925 953 1978 καὶ
974 1921 1324 1993 αμιλλήσεται
1345 1945 1446 1992 ως,
1468 1918 1732 1977 ἁπάντων
1751 1931 1903 1978 πλεῖ-

223 2023 358 2060 στον
381 2003 549 2068 αὐτὸς
572 2003 744 2074 λα’βῃ·
729 2044 746 2069 ,
770 2004 921 2057 ’Ἐστι
939 2010 1124 2057 ταῦτα.

362 2089 491 2139 ΧΧΙ.
522 2077 651 2139 Ὧδε
672 2083 738 2154 δὴ
758 2087 1019 2155 λέγωμεν,
1039 2088 1206 2154 ἑφην·
1232 2081 1260 2140 ὁ
1284 2088 1491 2148 δίκαιος
1511 2090 1613 2138 τοῦ
1630 2087 1732 2154 μὲν
1745 2083 1901 2154 ὁμοί-

166 2184 198 2222 D
223 2188 290 2222 ov
310 2164 380 2221 οὐ
398 2173 729 2234 πλεονεκτεῖ,
744 2171 846 2220 τοῦ
861 2166 920 2221 δὲ
939 2163 1228 2236 ἀνομοίου,
1242 2162 1271 2220 ὁ
1289 2167 1346 2220 δὲ
1358 2164 1546 2228 ἄδικος
1557 2171 1658 2219 τοῦ
1668 2186 1726 2219 τε
1746 2163 1902 2235 ὁμοί-

223 2269 292 2303 ου
313 2249 522 2302 καὶτοῦ
541 2243 824 2315 ἀνομοίου.
851 2245 1076 2315 ’Ἀριστα
1088 2289 1103 2316 ,
1126 2251 1230 2317 ἔφη
1246 2288 1261 2315 ,
1281 2254 1518 2316 εἴρηκας.
1561 2245 1713 2301 ’Ἐστι
1732 2249 1796 2301 δέ
1819 2268 1899 2316 γε,

224 2334 382 2399 ἔφην,
396 2327 669 2398 φρόνιμός
687 2348 745 2382 τε
764 2329 855 2383 καὶ
874 2325 1091 2397 ἀγαθὸς
1105 2326 1134 2384 ὁ
1150 2327 1357 2397 ἄδικος,
1379 2327 1408 2384 ὁ
1431 2329 1489 2384 δὲ
1510 2332 1718 2391 δίκαιος
1737 2325 1900 2382 οὐδέ-

223 2431 367 2480 τερα.
406 2409 516 2462 Καὶ
534 2405 709 2477 τοῦτ’,
733 2413 867 2478 ἔφη,
890 2402 968 2462 εὖ.
1032 2408 1286 2478 Οὐκοῦν,
1321 2401 1392 2478 ἦν
1407 2407 1459 2463 δ’
1482 2408 1615 2478 ἐγώ,
1647 2409 1739 2462 καὶ
1759 2413 1900 2464 ἔοικε

223 2498 301 2563 τῷ
320 2494 573 2562 φρονίμῳ
595 2490 686 2544 καὶ
710 2496 788 2561 τῷ
806 2487 1004 2564 ἀγαθῷ
1025 2488 1054 2547 ὁ
1081 2491 1289 2560 ἄδικος,
1311 2487 1340 2546 ὁ
1362 2489 1420 2544 δὲ
1438 2493 1647 2554 δίκαιος
1663 2487 1767 2545 οὐκ
1788 2494 1897 2545 ἔοι-

222 2594 344 2636 κεν;
394 2576 527 2635 Πῶς
545 2569 653 2640 γὰρ
669 2568 738 2625 οὐ
757 2572 967 2640 μέλλει,
989 2576 1113 2642 ἔφη,
1134 2571 1164 2628 ὁ
1186 2578 1436 2635 τοιοῦτος
1456 2567 1535 2625 (ὃν
1554 2573 1645 2626 καὶ
1665 2572 1899 2626 ἐοικέναι

221 2668 333 2719 τοῖς
343 2654 629 2725 τοιούτοις,
644 2651 673 2709 ὁ
688 2654 747 2709 δὲ
764 2653 837 2725 μὴ
852 2657 1087 2710 ἐοικέναι
1103 2680 1115 2720 ;
1133 2661 1347 2719 Καλῶς.
1371 2661 1620 2717 τοιοῦτος
1633 2653 1739 2720 ἄρα
1750 2654 1898 2707 ἐστὶν

222 2735 475 2804 ἑκάτερος
499 2735 686 2792 αὐτῶν
705 2732 894 2808 οἷσπερ
911 2741 1104 2793 ἔοικεν.
1126 2735 1286 2793 Ἀλλά
1308 2742 1364 2792 τί
1371 2739 1578 2806 μέλλει;
1596 2739 1715 2804 ἔφη.
1747 2731 1896 2802 Εἶεν,
1959 2756 1962 2796 3

162 2825 191 2864 Ε
226 2810 268 2870 ὦ
282 2816 632 2886 Θρασύμαχε·
653 2834 923 2887 μουσικον
937 2821 1002 2873 δέ
1013 2840 1136 2873 τινα
1147 2819 1338 2888 λέγεις,
1349 2819 1539 2888 ἕτερον
1552 2815 1611 2871 δὲ
1627 2813 1872 2884 ἄμουσον
1884 2839 1895 2852 ·
1961 2820 1962 2824 ’
