1962 3236
622 660 1230 740 mumulo.

793 853 1053 862 ———

142 976 365 1051 Absoluta
392 1017 443 1045 ea
463 1005 731 1059 dialogorum
752 1005 1062 1046 Platonicorum
1089 1011 1224 1058 parte,
1257 1005 1326 1045 cui
1357 1017 1411 1044 ex
1433 1004 1534 1052 OxQ
1558 1006 1666 1047 iensi
1692 1005 1826 1060 potis-

0 1093 3 1099 >
50 1064 180 1104 'tinum
212 1063 360 1104 codice
392 1062 464 1103 lux
491 1071 530 1104 et
556 1062 673 1103 salus
703 1063 888 1116 petenda
918 1071 1031 1112 erat,
1070 1063 1112 1102 in
1144 1062 1226 1104 hoc
1254 1061 1471 1104 volumine
1501 1062 1557 1103 ad
1588 1076 1662 1104 eos
1687 1071 1826 1104 trans-

104 1120 267 1167 dimur‚
305 1132 483 1172 quorum
523 1122 714 1161 recensio
754 1132 857 1173 prae
893 1121 1043 1160 ceteris
1080 1119 1200 1161 libris
1230 1120 1422 1161 Parisino
1453 1119 1531 1161 niti
1559 1121 1708 1174 debet,
1751 1122 1823 1173 qui

107 1178 192 1220 imo
216 1177 387 1219 saeculo
420 1179 591 1218 ineunte
619 1178 804 1230 scriptus
836 1177 971 1218 forma
1000 1179 1186 1219 maxima
1213 1177 1328 1219 foliis
1359 1176 1457 1218 CCC
1498 1177 1591 1219 LIV
1620 1186 1827 1230 quotquot

82 1234 148 1277 bis
179 1235 333 1278 edendi
362 1243 521 1276 restant
552 1235 774 1289 dialogos,
807 1248 860 1277 ne
887 1236 1180 1289 suppositiciis
1212 1235 1385 1287 quidem
1414 1246 1438 1275 o
1503 1237 1602 1284 ssis,
1632 1248 1826 1289 compre-

0 1243 195 1509 ἒςᾱίις
224 1305 458 1345 quemque,
488 1305 540 1333 ne
569 1305 665 1334 cum
690 1293 823 1342 Astii,
856 1294 1015 1333 strenui
1046 1293 1247 1344 editoris,
1275 1292 1446 1333 nomine
1477 1292 1808 1335 confunderetur

80 1361 107 1392 n
144 1358 189 1391 ut
226 1351 356 1405 vulgo
395 1350 503 1391 solet
536 1350 656 1391 litera
691 1351 754 1398 A,
796 1351 875 1392 sed
913 1351 944 1392 P
974 1350 1042 1391 vel
1086 1352 1181 1394 Par.
1214 1349 1459 1403 significare
1497 1349 1643 1394 malui.
1707 1351 1824 1392 Idem

97 1421 123 1450 ο
153 1421 282 1460 quum
315 1409 406 1460 jam
437 1409 489 1449 ab
526 1407 784 1449 Immanuele
823 1407 1014 1450 Bekkero
1050 1415 1305 1462 usurpatus,
1347 1407 1500 1450 deinde
1531 1420 1556 1448 a
1594 1407 1688 1450 Car.
1720 1409 1821 1454 Ern.

24 1518 40 1521 ,
111 1496 121 1505 .
153 1464 434 1515 Schneidero‚
468 1467 810 1507 accuratissimae
841 1466 1087 1521 diligentiae
1114 1467 1228 1516 viro,
1262 1467 1306 1506 ln
1331 1463 1521 1507 Civitatis
1553 1466 1674 1508 libris
1700 1466 1822 1520 Lips.

47 1528 128 1559 ,εει
198 1521 255 1566 33
285 1523 410 1564 editis
437 1535 515 1577 pro
548 1523 824 1565 fundamento
853 1523 1037 1576 habitus,
1074 1524 1257 1576 denique
1283 1523 1327 1563 in
1360 1523 1554 1576 ejusdem
1577 1522 1825 1565 Schneideri

0 1604 4 1614 »
69 1597 91 1614 υ
105 1594 147 1622 m
162 1582 216 1622 ab
233 1580 525 1622 oculatissimo
541 1580 711 1623 homine
734 1581 932 1623 Dubnero
950 1582 1087 1623 denuo
1106 1593 1313 1622 excussus
1331 1581 1638 1623 'l'uricensibus
1656 1595 1827 1634 quoque

0 1677 2 1686 ,
83 1637 215 1680 altera
235 1638 511 1693 Reipublicae
528 1639 711 1681 editione
729 1653 770 1683 a.
792 1639 904 1681 1847
934 1641 1093 1682 emissa
1124 1646 1221 1680 ante
1253 1638 1398 1680 oculos
1418 1638 1561 1690 fuerit,
1593 1652 1688 1680 meo
1719 1652 1825 1691 qua-

0 1693 5 1753 ζ
52 1715 94 1729 w·
119 1707 219 1748 que
241 1697 467 1751 spicilegio
495 1698 538 1737 in
568 1697 650 1738 hoc
671 1697 887 1739 volumine
909 1698 1040 1739 multo
1073 1697 1308 1738 tenuiorem
1337 1708 1520 1737 messem
1554 1696 1712 1746 offerri⁴
1729 1710 1827 1739 con·

0 1764 9 1801 5,
69 1760 267 1794 ntaueum
305 1764 409 1798 erat.
471 1754 575 1795 Nam
613 1768 744 1807 quum
774 1755 955 1808 plurima
987 1756 1080 1808 eJus
1117 1766 1239 1809 pare,
1279 1753 1383 1795 solis
1413 1754 1586 1797 Timaeo
1614 1755 1750 1796 Locro
1787 1761 1828 1796 et

47 1840 49 1843 .
93 1822 164 1851 00e
186 1812 399 1865 exceptis,
430 1812 484 1851 ab
516 1813 611 1866 ipso
643 1812 901 1853 Schneidero
937 1812 1109 1853 Parisiis
1149 1812 1265 1865 apud
1293 1811 1495 1853 Didotum
1526 1826 1566 1854 a.
1602 1811 1720 1856 1846
1752 1814 1827 1854 iis-

88 1887 107 1903 υ
151 1867 239 1909 fere
269 1869 527 1917 rationibus,
569 1870 722 1921 quibus
761 1883 828 1910 me
859 1882 1027 1922 quoque
1067 1870 1110 1910 in
1146 1868 1227 1910 hac
1264 1870 1558 1923 recognitione
1591 1870 1691 1912 duci
1723 1882 1826 1924 pro-

65 2004 67 2010 ·
106 1982 267 2024 'censes
306 1983 506 2024 secundis
545 1986 660 2024 curis
701 1985 758 2025 ad
786 1983 1035 2025 Schneideri
1078 1985 1371 2025 auctoritatem
1403 1985 1676 2035 direxerunt,
1721 1983 1824 2026 mihi

137 2038 226 2080 fere
265 2039 401 2083 solum
435 2040 775 2092 relinquebatur,
815 2049 861 2082 ut
902 2050 973 2082 aut
1005 2053 1163 2095 paucas
1205 2042 1355 2095 optimi
1401 2042 1561 2083 codicis
1602 2042 1825 2094 lectiones,

3 2140 5 2147 ,
59 2115 63 2129 ·
110 2127 115 2130 .
158 2097 221 2138 illi
260 2098 468 2140 immerito
507 2100 724 2152 sprevisse
763 2099 1029 2153 viderentur,
1069 2099 1194 2152 quasi
1234 2098 1498 2152 postliminio
1537 2102 1824 2152 restituerem,

2 2163 8 2206 ζ
56 2199 66 2210 ⁴
115 2155 243 2196 etiam
270 2157 541 2209 paucioribus
573 2156 678 2197 locis
710 2156 882 2198 aliunde
914 2156 1125 2199 medelam
1154 2156 1372 2206 afferrem3
1407 2157 1450 2198 in
1477 2158 1654 2200 Timaeo
1679 2164 1823 2199 autem

3 2214 5 2218 ⁴
88 2209 219 2254 Crixia
247 2214 284 2254 si
314 2213 530 2266 aliquanto
562 2215 733 2268 saepius
761 2227 786 2255 a
816 2214 1119 2257 'raticensibus
1151 2214 1460 2256 discedendum
1493 2215 1598 2268 fuit,
1633 2216 1823 2270 plerum-

4 2268 6 2273 ’
88 2297 94 2301 -
129 2277 268 2311 tamen
297 2271 342 2312 id
382 2279 542 2312 tantum
576 2272 682 2318 feci,
724 2272 839 2324 quod
869 2272 968 2313 illos
1000 2284 1168 2325 quoque
1199 2273 1242 2312 in
1273 2284 1383 2315 nova
1417 2273 1602 2316 editione
1633 2274 1822 2316 facturos

75 2356 78 2358 -
98 2326 216 2369 ·'bile
238 2335 325 2379 est,
353 2338 398 2369 ut
426 2341 493 2371 me
515 2330 570 2370 ad
593 2329 842 2371 Schneideri
859 2330 1067 2382 judicium
1094 2337 1134 2371 et
1157 2329 1397 2384 exemplum
1428 2332 1818 2375 accommodarem.

2 2386 37 2436 'j
66 2407 68 2413 ι
100 2383 180 2426 bus
213 2395 430 2439 praeterea
467 2388 710 2428 auctoribus
750 2388 817 2428 vel
854 2388 1058 2429 subsidiis
1090 2399 1194 2429 usus
1233 2388 1338 2439 sim,
1380 2387 1436 2428 ad
1467 2389 1660 2444 singulos
1700 2388 1820 2432 locos

0 2458 3 2491 3
40 2439 305 2540 Γοῗὲἓέιίιῗιτὶς
329 2444 540 2495 universi,
564 2457 670 2497 qnos
697 2444 778 2485 hoc
801 2445 995 2486 volumen
1026 2446 1318 2499 discrepantes
1342 2456 1367 2486 a
1387 2445 1610 2489 Turicensi
1633 2448 1819 2490 editione

42 2521 47 2529 ·
81 2517 87 2532 ⁴
199 2528 212 2547 ,
316 2508 441 2543 sunt:

134 2612 254 2667 Reip.
288 2612 316 2656 l.
353 2613 385 2654 1.
429 2626 473 2667 p.
508 2613 591 2656 327
623 2615 654 2655 C
682 2606 934 2657 ἐλλείπει-αι
971 2617 1001 2657 Ρ
1031 2630 1127 2659 cum
1161 2617 1258 2659 aliis
1283 2618 1409 2661 libris
1441 2618 1556 2659 haud
1583 2617 1729 2667 malim
1760 2610 1816 2659 ἓν

84 2679 219 2711 urm
258 2667 397 2711 vBsr
430 2673 605 2725 ipseque
636 2670 944 2719 Schneiderus:
978 2676 1125 2722 credo,
1157 2676 1255 2727 quia
1292 2675 1466 2730 saepius
1494 2667 1721 2717 ἐλλείπειν
1752 2675 1817 2717 di-

32 2731 56 2756 '·
87 2740 147 2772 r:
179 2737 222 2770 at
253 2727 402 2770 eodem
434 2729 628 2782 exemplo
662 2729 823 2772 Phileb.
853 2745 890 2773 c.
922 2731 972 2773 8:
1012 2726 1063 2773 τὸ
1097 2726 1150 2773 δ’
1184 2725 1300 2773 αὐτό
1331 2744 1411 2785 μοι
1442 2730 1524 2774 τοῦ
1554 2725 1694 2787 λόγου
1727 2731 1815 2774 νῦν

101 2780 183 2851 ια)
220 2779 417 2851 effluebat
458 2781 727 2838 ἔμπροσθεν
761 2778 1028 2831 ἐλλείπηται.
1068 2812 1126 2821 -
1164 2790 1212 2833 Ρ.
1257 2788 1343 2832 329
1374 2789 1407 2832 C
1442 2783 1636 2833 ἐπειδὰν
1674 2785 1730 2831 αἰ
1767 2791 1814 2845 Ρ,

92 2870 95 2874 ι
127 2853 207 2884 «v
245 2854 334 2897 γαρ
366 2836 422 2885 αἱ
447 2843 588 2886 VBST
626 2844 834 2906 facilioris
869 2852 1104 2890 structurae
1143 2848 1302 2902 gratim
1344 2855 1387 2890 at
1418 2849 1517 2891 vide
1547 2862 1600 2891 ne
1629 2850 1815 2904 protasis

1405 2905 1470 2955 a*

95 1936 162 1966 us
188 1935 308 1979 sum,
347 1927 569 1967 emendata
610 1927 839 1980 prodierit,
873 1928 917 1967 in
948 1925 1226 1980 Reipublicae
1265 1933 1377 1968 certe
1411 1926 1551 1975 libris,
1584 1940 1694 1980 quos
1733 1928 1824 1981 jam
1882 1947 1887 1955 ·

1932 1034 1957 1060 ⁸¹:
