1962 3236
13 0 297 69 &¹25ae
315 0 533 57 „reg-QWL
549 0 587 52 ἐκ
614 0 619 4 ,
637 0 699 22 -.Η
739 0 771 40 ,1

104 100 164 175 ¹5
566 90 570 93 ’
783 123 992 170 TIMA
1005 123 1035 170 1
1047 121 1161 170 οΣ.
1675 113 1787 170 -333

29 253 54 273 l.

29 286 43 319 ι,
99 253 240 311 κατὰ
264 252 437 311 ταύτὰ
456 258 548 312 καὶ
578 253 840 320 ὡσαύτως
859 258 986 326 ἔχον
1012 253 1051 325 ἤ
1069 252 1208 326 πρὸς
1231 252 1293 310 τὸ
1323 252 1568 325 γεγονός.
1611 256 1661 307 εἰ
1688 252 1790 322 μὲν

102 334 170 407 δὴ
207 336 378 403 καλός
411 339 560 393 ἐστιν
595 334 692 392 ὅδε
727 333 758 391 6
793 335 1001 407 κόσμος
1025 332 1060 390 δ’
1099 356 1158 391 τε
1188 333 1526 408 δημιουργὸς
1556 332 1789 404 ἀγαθός,

0 449 2 487 7
104 421 279 490 δῆλον
300 417 374 484 ὥς
392 417 531 490 πρὸς
556 416 618 473 τὸ
640 417 825 473 α’ΐδιον
844 421 1099 488 ἔβλεπεν·
1134 421 1186 473 εἰ
1211 418 1270 474 δὲ
1288 413 1322 472 δ
1338 416 1466 488 μηδ’
1493 419 1667 471 εἰπεῖν
1683 416 1789 469 τινὶ

101 501 282 570 θέμις,
296 497 435 569 πρὸς
453 498 513 555 τὸ
530 498 773 569 γεγονός.
795 498 957 552 παντὶ
973 494 1040 567 δὴ
1060 499 1231 568 σαφὲς
1249 494 1333 553 ’ὄτι
1351 494 1492 569 πρὸς
1509 494 1570 552 τὸ
1592 493 1788 551 ἀΐδιον·

0 570 27 652 ¹-
102 577 134 636 6
155 579 258 650 μὲν
275 577 383 649 γὰρ
402 577 691 643 κάλλιστος
706 583 820 633 τῶν
841 578 1176 649 γεγονότων,
1200 575 1228 632 6
1251 575 1301 633 δ’
1326 577 1549 648 ἄριστος
1569 581 1683 633 τῶν
1702 579 1791 632 αἰ-

16 655 31 666 ”
103 667 253 717 τίων.
291 659 440 716 οὕτω
470 658 538 730 δὴ
568 661 934 730 γεγενημένος
961 657 1100 730 πρὸς
1125 658 1186 715 τὸ
1218 658 1365 734 λόγῳ
1395 660 1486 715 καὶ
1520 657 1791 730 φρονήσει

104 739 442 813 περιληπτὸν
461 743 552 796 καὶ
573 738 711 795 κατὰ
728 737 901 795 ταύτὰ
922 744 1048 809 ἔχον
1067 741 1554 813 δεδημιούργηται·
1574 739 1791 796 τούτων

103 824 163 879 δὲ
183 821 549 892 ὑπαρχόντων
569 815 644 875 αὖ
662 826 813 876 πᾶσα
833 818 1047 892 ἀνάγκη
1069 820 1232 876 τόνδε
1251 821 1350 876 τὸν
1368 821 1580 892 κόσμον
1600 819 1790 876 εἰκόνα
1820 838 1855 879 Β

103 906 252 969 τινός
291 902 444 959 εἶναι.
483 906 741 973 μέγιστον
778 903 844 974 δὴ
879 902 1086 968 παντὸς
1123 901 1402 971 ἄρξασθαι
1438 901 1576 959 κατὰ
1614 903 1792 974 φύσιν

104 986 294 1057 ἀρχήν.
335 977 444 1040 ὦδε
466 978 572 1040 οὖν
590 990 721 1054 περί
733 1007 790 1040 τε
811 985 1024 1051 εἰκόνος
1042 988 1132 1041 καὶ
1151 988 1274 1055 περὶ
1293 990 1394 1041 τοῦ
1415 990 1794 1058 παραδείγμα-

106 1090 198 1132 τος
227 1065 396 1136 αὐτῆς
424 1069 745 1138 διοριστέον,
777 1064 850 1131 ὡς
879 1065 988 1136 ἄρα
1023 1065 1154 1131 τοὺς
1182 1066 1402 1138 λόγους,
1437 1059 1622 1138 ὦνπέρ
1653 1071 1793 1123 εἰσιν

105 1152 372 1219 ἐξηγηταί,
394 1147 609 1203 τούτων
627 1146 814 1203 αὐτῶν
835 1150 926 1204 καὶ
945 1153 1222 1219 ξυγγενεῖς
1234 1147 1410 1214 ὄντας.
1442 1155 1545 1205 τοῦ
1563 1150 1666 1221 μὲν
1686 1142 1793 1205 οὖν

103 1234 344 1300 μονίμου
368 1230 456 1283 καὶ
476 1234 707 1299 βεβαίου
726 1231 816 1285 καὶ
836 1228 971 1300 μετὰ
1003 1237 1109 1285 νοῦ
1139 1235 1499 1301 καταφανοῦς
1523 1237 1793 1302 μονίμους

105 1311 195 1366 καὶ
233 1308 672 1380 ἀμεταπτώτους,
714 1309 850 1366 καθ’
889 1309 1027 1366 ὅσον
1066 1306 1189 1367 οἷόν
1225 1334 1283 1367 τε
1321 1314 1411 1367 καὶ
1447 1309 1793 1382 ἀνελέγκτοις

106 1391 374 1462 προσήκει
397 1392 582 1461 λόγοις
620 1390 757 1447 εἶναι
782 1395 872 1448 καὶ
907 1390 1213 1465 ἀκινήτοις,
1253 1393 1459 1449 τούτου
1499 1396 1585 1448 δεῖ
1619 1393 1793 1464 μηδὲν

106 1477 398 1530 ἐλλείπειν·
448 1472 578 1537 τούς
612 1474 670 1530 δὲ
704 1480 805 1528 τοῦ
833 1473 972 1544 πρὸς
999 1475 1100 1546 μὲν
1130 1477 1306 1530 έκεῖνο
1337 1472 1791 1546 ἀπεικασθέντος,
1828 1496 1858 1537 G

106 1555 265 1618 ὄντος
286 1555 341 1611 δὲ
365 1553 576 1619 εἰκόνος
594 1553 855 1621 εἰκότας’
825 1554 933 1611 ανά
960 1555 1130 1626 λόγον
1147 1577 1205 1611 τε
1226 1558 1452 1611 ἐκείνων
1467 1553 1655 1621 όντας·
1689 1554 1722 1611 δ’
1741 1561 1797 1611 τί

107 1657 210 1707 περ
230 1637 368 1705 πρὸς
387 1638 604 1706 γένεσιν
632 1634 810 1707 οὐσία,
841 1644 1004 1693 τοῦτο
1035 1638 1173 1707 πρὸς
1193 1642 1375 1692 πίστιν
1398 1633 1654 1708 ἀλήθεια
1694 1636 1792 1692 ἐὰν

108 1710 230 1787 οὖν,
251 1740 293 1772 ω
316 1718 624 1789 Σώκρατες,
654 1717 829 1774 πολλὰ
850 1725 1071 1775 πολλων
1091 1718 1364 1775 εἰπόντων
1385 1719 1509 1787 περὶ
1527 1724 1683 1774 θεῶν
1701 1720 1792 1774 καὶ

107 1806 203 1870 τῆς
229 1805 328 1854 τοῦ
357 1798 564 1865 παντὸς
593 1801 875 1871 γενέσεως,
899 1801 971 1872 μὴ
1004 1803 1230 1856 δυνατοὶ
1258 1799 1584 1871 γιγνώμεθα
1613 1799 1790 1871 πάντη

110 1882 328 1946 πάντως
348 1880 552 1947 αὐτοὺς
575 1885 787 1948 ἑαυτοῖς
807 1881 1286 1954 ὁμολογουμένους
1306 1882 1508 1952 λόγους
1532 1883 1622 1938 καὶ
1647 1880 1790 1954 ἀπη-

108 1967 487 2035 κριβωμένους
506 1963 830 2034 ἀποδοῦναι,
851 1963 923 2036 μὴ
943 1964 1266 2038 θαυμάσῃς·
1289 1962 1406 2020 ἀλλ’
1431 1965 1530 2020 ἐὰν
1555 1964 1664 2037 ἄρα
1685 1986 1792 2037 μη-

108 2047 267 2111 δενός
285 2039 449 2117 ἦττον
470 2047 839 2118 παρεχώμεθα
870 2048 1100 2118 εἰκότας,
1132 2046 1353 2122 ἀγαπᾷν
1372 2047 1491 2119 χρή,
1512 2050 1792 2119 μεμνημέ-

107 2148 258 2196 νους,
281 2125 355 2194 ὥς
384 2124 412 2182 ὁ
442 2130 622 2198 λέγων
638 2128 746 2198 ἐγώ
765 2125 917 2198 ὑμεῖς
941 2150 998 2183 τε
1018 2131 1074 2184 οἰ
1096 2131 1273 2199 κριταὶ
1297 2127 1469 2199 φύσιν
1498 2126 1792 2197 ἀνθρωπί-
1821 2142 1858 2183 D

108 2230 214 2279 νην
234 2214 443 2279 ἔχομεν,
467 2206 615 2265 ὥστε
626 2211 749 2278 περὶ
768 2210 983 2265 τούτων
1000 2209 1100 2266 τὸν
1118 2210 1301 2267 εἰκότα
1322 2218 1511 2281 μῦθον
1530 2207 1789 2281 ἀποδεχο-

106 2292 308 2359 μένους
327 2292 521 2359 πρέπει
539 2290 745 2346 τούτου
762 2292 935 2363 μηδὲν
955 2298 1033 2349 ἔτι
1060 2295 1199 2364 πέρα
1226 2298 1414 2364 ζητεῖν.

249 2374 372 2425 ΣΩ.
405 2368 651 2440 Ἄριστα,
684 2365 727 2426 ὦ
758 2377 966 2442 Τίμαιε,
1006 2375 1327 2429 παντάπασί
1356 2395 1413 2429 τε
1449 2370 1519 2438 ὥς
1548 2373 1790 2438 κελεύεις

107 2451 466 2508 ἀποδεκτέον·
500 2452 560 2508 τὸ
595 2453 697 2524 μὲν
729 2447 833 2509 οὖν
856 2463 1148 2527 προοίμιον
1177 2462 1506 2527 θαυμασίως
1526 2454 1790 2524 ἀπεδεξά-

105 2532 252 2603 μεθά
280 2551 402 2601 σου,
424 2532 523 2590 τὸν
543 2534 601 2588 δὲ
623 2533 690 2605 δὴ
721 2536 896 2606 νόμον
916 2534 1049 2609 ἡμῖν
1073 2541 1267 2610 ἐφεξῆς
1285 2541 1525 2609 πέραινε.

246 2619 326 2669 vl.
374 2621 461 2671 TI.
511 2617 773 2687 Λέγωμεν
802 2616 869 2689 δὴ
902 2618 972 2674 δι’
1002 2619 1075 2690 ἥν
1102 2641 1223 2675 τινα
1254 2625 1434 2677 αἰτίαν
1452 2625 1670 2692 γένεσιν
1699 2621 1791 2677 καὶ

103 2695 164 2751 τὸ
191 2703 304 2751 πᾶν
324 2697 449 2752 τόδε
471 2694 500 2752 ὁ
522 2698 775 2763 ξυνιστὰς
795 2702 1138 2771 ξυνέστησεν.
1168 2699 1381 2771 ἀγαθὸς
1400 2695 1488 2773 ἦν,
1510 2699 1710 2774 ἀγαθῷ
1730 2699 1790 2756 δὲ
1818 2719 1853 2760 Ε

104 2775 286 2843 οὐδεὶς
304 2781 426 2851 περὶ
449 2777 679 2845 οὐδενὸς
698 2778 960 2838 οὐδέποτε
980 2783 1286 2854 ἐγγίγνεται
1317 2782 1562 2854 φθόνος·
1582 2782 1787 2841 τούτου
