1962 3236
627 102 1103 169 HOAITEIAa
1633 125 1731 179 171

66 235 222 295 Ἀλλά
250 235 544 307 μανθάνω,
575 239 698 306 ἔφη.
737 233 1032 291 ᾞΛκουσον
1047 231 1199 304 δή,”
1163 255 1193 288 0
1223 249 1342 304 110⁶·
1345 261 1529 340 ‘’avt-59
1556 281 1614 316 τε
1642 263 1755 315 καὶ

70 319 271 375 αὐτῶν.
311 316 599 388 δυνάμεως
633 314 742 387 γὰρ
777 314 883 386 ἐγω
922 313 1051 370 οὔτε
1093 314 1220 370 τινὰ
1257 313 1434 385 χρόαν
1465 332 1526 384 o
1530 340 1731 397 ἐνθάδε
1756 358 1790 397 D

70 406 247 471 σχῆμα
287 398 416 454 οὔτε
452 420 503 453 τι
537 403 651 452 τῶν
686 395 976 464 τοιούτων,
1019 390 1139 450 οἷον
1175 396 1266 450 καὶ
1302 393 1487 450 ἄλλων
1512 408 1670 450 πολιι

70 481 208 550 πρὸς
235 478 271 535 ἃ
304 477 639 551 ἀποβλέπων
669 481 786 531 ἐνια
819 480 1116 547 διορίζομαι
1145 472 1277 547 παρ’
1306 478 1524 550 ἐμαυτῷ
1551 473 1619 531 τὰ
1653 476 1755 547 μὲν

69 560 210 616 ἄλλα
248 559 405 630 εἶναι,
431 558 496 614 τά
536 559 594 613 δὲ
620 558 787 613 ἄλλα·
825 556 1114 628 δυνάμεως
1153 555 1204 612 δ’
1249 561 1325 623 εἰς
1367 559 1543 613 ἐκεῖνο
1572 557 1752 629 μόνον
1782 571 1816 611 D

68 645 271 713 βλέπω,
291 637 383 710 ἐφ’
412 631 457 711 ᾦ
474 659 531 692 τε
564 643 675 693 ἐστι
707 638 799 691 καὶ
829 633 861 690 ὃ
898 634 1272 710 ἀπεργάζεται,
1302 641 1392 694 καὶ
1421 638 1594 712 ταύτῃ
1624 638 1757 694 ἑκά-

69 738 205 792 στην
234 719 419 776 αὐτῶν
450 719 691 790 δύναμιν
720 718 969 788 ἐκάλεσα,
1004 720 1093 773 καὶ
1118 717 1222 789 τὴν
1252 723 1354 790 μὲν
1383 722 1469 775 ἐπὶ
1494 726 1570 793 τῷ
1602 719 1757 794 αὐτῷ

66 804 404 874 τεταγμένην
426 803 516 856 καὶ
535 799 596 856 τὸ
618 797 754 855 αὐτὸ
785 796 1236 871 ἀπεργαζομένην
1256 798 1358 871 τὴν
1379 798 1555 872 αὐτὴν
1582 806 1753 870 καλῶ,

68 883 172 955 τὴν
184 886 242 940 δὲ
255 885 341 939 ἐπὶ
354 885 518 956 ἑτέρω
531 884 620 938 καὶ
640 882 831 949 ἕτερον
842 878 1293 953 ἀπεργαζομένην
1306 880 1499 953 ἄλλην.
1514 886 1570 937 τί
1583 885 1643 937 δὲ
1652 883 1726 937 σύ
1738 905 1753 948 ;

70 973 187 1030 πῶς
199 977 391 1030 ποιεῖς;
416 964 624 1034 Οὕτως,
639 968 759 1035 ἔφη.
782 969 971 1030 Δεῦρο
986 961 1052 1033 δὴ
1070 963 1255 1032 πάλιν,
1268 957 1340 1035 ἦν
1352 962 1402 1018 δ’
1428 962 1553 1034 ἐγώ,
1577 956 1622 1019 ὦ
1641 960 1754 1035 ἄρι-

69 1064 180 1103 στε.
196 1047 498 1117 ἐπιστήμην
509 1047 746 1115 πότερον
759 1045 1000 1115 δύναμίν
1011 1066 1135 1099 τινα
1147 1044 1258 1117 φῂς
1269 1044 1409 1100 εἶναι
1429 1044 1605 1118 αὐτὴν
1622 1041 1660 1117 ἦ
1680 1050 1757 1111 εἰς

70 1135 128 1185 τί
139 1131 299 1199 γένος
311 1134 497 1199 τίθης-ς
523 1132 620 1192 Εἰς
639 1134 820 1197 τοῦτο,
835 1130 959 1197 ἔφη,
982 1134 1176 1182 πασῶν
1188 1148 1248 1197 γε
1269 1128 1568 1199 δυνάμεων
1579 1129 1757 1200 ἐρρω-
1786 1147 1819 1189 Ε

71 1210 422 1282 μενεστάτην.
463 1214 533 1264 Τι’
557 1212 671 1273 δαίς
699 1208 868 1273 δόξαν
900 1213 974 1271 είς
1006 1208 1248 1279 δύναμιν
1274 1205 1312 1280 ἦ
1342 1215 1417 1274 εἰς
1448 1209 1582 1266 ἄλλο
1613 1208 1757 1274 εἶδος

69 1300 321 1362 οἶσομεν;
357 1289 650 1362 Οὐδαμῶς,
679 1295 783 1361 ἔφη
799 1312 811 1323 ·
850 1283 897 1363 ᾦ
914 1288 1021 1360 γὰρ
1046 1290 1291 1356 δοξάζειν
1315 1291 1627 1362 δυνάμεθα,
1652 1287 1756 1345 οὐκ

70 1371 206 1428 ἄλλο
231 1394 282 1426 τι
310 1368 346 1442 ἦ
367 1371 508 1438 ’δόξα
537 1374 699 1427 ἐστίν.
732 1370 895 1429 ,Ἀλλὰ
923 1372 1024 1442 μὲν
1054 1371 1119 1443 δή
1155 1369 1346 1442 ὀλίγον
1382 1394 1445 1443 γε
1482 1372 1758 1443 πρότερον

74 1455 374 1529 ὡμολόγεις
392 1456 466 1528 μή
486 1459 547 1511 τὸ
574 1455 708 1512 αὐτὸ
731 1456 870 1513 εἶναι
890 1457 1192 1528 ἐπιστήμην
1212 1478 1270 1512 τε
1290 1458 1381 1513 καὶ
1403 1456 1588 1523 δόξαν.
1625 1462 1758 1523 Πῶς

72 1541 181 1612 γὰρ
203 1541 291 1609 ἄν,
313 1545 436 1611 ἔφη,
458 1541 520 1595 τό
539 1562 601 1610 γε
621 1539 1008 1611 ἀναμάρτητον
1027 1546 1105 1614 τῷ
1129 1537 1202 1610 μὴ
1233 1538 1600 1614 ἀναμαρτήτῳ
1622 1537 1757 1596 ταύ-

73 1622 173 1678 τόν
210 1625 344 1676 ποτέ
377 1644 457 1687 τις
492 1629 636 1677 νοῦν
671 1626 811 1692 ἔχων
839 1626 1047 1692 τνθείη;
1087 1627 1301 1692 Καλῶς,
1325 1617 1398 1694 ἦν
1426 1621 1479 1679 δ’
1511 1623 1637 1694 ε’γω’,
1666 1622 1758 1677 καὶ

75 1710 264 1775 δῆλον,
292 1702 375 1759 ὅτι
395 1705 586 1770 ἕτερον
605 1703 898 1775 ἐπιστήμης
919 1703 1048 1769 δόξα
1064 1701 1410 1774 ὁμολογεῖται
1423 1703 1571 1777 ἡμῖν.
1599 1704 1755 1761 ”Ετε-
1787 1722 1876 1771 478

0 1854 1 1859 ¹
77 1808 195 1855 ρον.
231 1783 347 1853 Ἐφ’
374 1786 537 1858 ἑτέρω
561 1784 668 1853 ἄρα
698 1784 891 1853 ἕτερόν
919 1807 969 1838 τι
1001 1787 1283 1856 δυναμένη
1315 1787 1542 1857 ἑκατέρα
1572 1784 1761 1842 αὐτῶν

75 1870 337 1937 πέφυκεν.
377 1866 628 1937 Ἀνάγκη.
655 1864 948 1938 Ἐπιστήμη
969 1870 1073 1937 μέν
1093 1868 1160 1936 γέ
1172 1887 1283 1922 που
1312 1869 1400 1923 ἐπὶ
1427 1874 1507 1942 τῷ
1534 1866 1674 1939 ὄντι,
1694 1868 1758 1925 τὰ

74 1945 144 2003 ὃν
161 1954 370 2016 γνῶναι
392 1944 463 2010 ὡς
481 1950 614 2017 ἐχει;
651 1952 778 2003 Ναί.
819 1948 972 2013 Δόξα
993 1950 1068 2018 δέ,
1097 1951 1295 2019 φαμέν,
1319 1947 1590 2015 δοξάζειν;
1630 1955 1760 2006 Ναί.

71 2034 139 2084 Ἠ
151 2026 354 2083 ταύτὸν
380 2026 517 2097 ὅπερ
547 2028 814 2099 ἐπιστήμη
846 2028 1172 2098 γιγνώσκει,
1212 2032 1303 2086 καὶ
1334 2034 1484 2085 ἔσται
1507 2029 1761 2101 γνωστόν

73 2130 132 2164 τε
163 2110 252 2162 καὶ
283 2107 549 2174 δοξαστὸν
585 2107 646 2164 τὸ
677 2108 842 2175 αὐτός
878 2105 915 2180 ἢ
940 2107 1249 2177 ἀδύνατον;
1283 2109 1604 2182 Ἀδύνατον,
1634 2116 1759 2185 ἔφη,

77 2192 137 2245 ἐκ
162 2195 274 2244 τῶν
294 2187 752 2261 ὡμολογημένων,
773 2199 925 2262 εἴπερ
946 2189 1031 2247 ἐπ’
1062 2190 1209 2266 ἄλλῳ
1242 2192 1379 2264 ἄλλη
1408 2193 1643 2266 δύναμις
1662 2196 1763 2251 πέ-

78 2292 240 2341 φυκε,
264 2270 524 2341 δυνάμεις
542 2272 600 2327 δὲ
621 2271 932 2343 ἀμφότεραί
945 2276 1122 2344 ἐστον,
1137 2275 1269 2341 δόξα
1287 2298 1344 2331 τε
1358 2277 1447 2332 καὶ
1469 2278 1752 2349 ἐπιστήμη,
1784 2293 1822 2335 Β

79 2353 218 2422 άλλη
261 2353 318 2406 δὲ
349 2352 592 2422 ἑκατέρα,
626 2351 695 2418 ὥς
727 2357 934 2426 φαμέν·
970 2359 1028 2411 ἐκ
1062 2356 1278 2412 τούτων
1309 2356 1375 2428 δὴ
1406 2356 1509 2413 οὐκ
1541 2361 1770 2431 ἐγχωρεῖ

80 2433 332 2529 γνωστόν
371 2435 459 2488 καὶ
497 2434 763 2499 δοξαστὸν
799 2434 1006 2492 ταύτὸν
1043 2436 1198 2493 εἶναι.
1246 2437 1478 2495 Οὐκοῦν
1518 2446 1566 2496 εἰ
1594 2441 1654 2496 τό
1696 2438 1765 2496 ὸν

79 2516 349 2586 γνωστόν,
371 2513 505 2569 ἄλλο
526 2537 576 2569 τι
605 2538 676 2570 αν
706 2517 1032 2584 δοξαστόν“
998 2542 1031 2590 η
1060 2518 1121 2574 τό
1155 2516 1224 2576 ὂν
1255 2529 1367 2591 εἴης
1390 2519 1571 2577 Ἄλλο.
1641 2516 1760 2593 Ap'

81 2592 187 2653 οὖν
206 2596 265 2652 τὸ
293 2598 366 2667 μή
390 2593 457 2651 ὂν
478 2598 713 2663 δοξάζει;
738 2598 773 2669 ἦ
790 2599 1073 2655 ἀδύνατον
1104 2605 1192 2656 καὶ
1225 2603 1451 2668 δοξάσαι
1476 2601 1536 2659 τὸ
1560 2602 1634 2675 μὴ
1666 2602 1764 2673 ὅν,

82 2679 260 2735 ἐννόει
280 2681 352 2734 δέ.
395 2676 495 2748 οὐχ
517 2677 545 2732 6
569 2682 810 2747 δοξάζων
836 2684 921 2737 ἐπὶ
947 2684 993 2738 τὶ
1027 2704 1178 2752 φερει
1209 2684 1309 2754 τὴν
1340 2684 1536 2751 δόξαν;
1572 2709 1605 2757 η
1642 2682 1764 2743 οἷόν

80 2785 136 2819 τε
161 2755 235 2818 αὖ
259 2761 502 2827 δοξάζειν
526 2765 645 2833 μεί,
670 2766 914 2830 δοξάζειν
934 2767 991 2821 δὲ
1014 2768 1211 2837 μηδέν;
1244 2766 1561 2823 Ἀδυνατον.
1616 2766 1760 2824 Ἀλλ’

1677 426 1743 468 .,;,’
