1962 3236
282 191 352 242 60
576 214 578 216 ’
894 193 1369 241 ΠΛΑΤΩΝΟΣ

216 341 248 384 c
278 347 390 382 ται·
429 324 559 381 οὐδὲ
587 326 694 395 γὰρ
716 323 926 396 ἀληθῆ·
966 332 1019 379 εῖ
1032 345 1094 393 γε
1117 327 1202 378 δεῖ
1220 320 1351 393 ἡμῖν
1378 320 1509 387 τοὺς
1537 325 1834 393 μέλλοντας
1853 325 1946 396 τὴι

280 408 446 462 πόλιν
484 406 752 477 φυλάξειν
784 415 1064 475 αἴσχιστον
1102 408 1342 475 νομίζειν
1378 402 1439 459 τὸ
1474 405 1676 478 ῥᾳδίως
1701 401 1958 475 ἀλλήλοις

280 484 728 557 ἀπεχθάνεσθαι·
768 491 980 541 πολλοῦ
1009 489 1095 539 δεῖ
1118 489 1539 555 γιγαντομαχίας
1556 505 1614 539 τε
1633 492 1958 556 μυθολογη-

280 571 410 624 τέον
430 566 616 632 αὐτοῖς
635 568 727 623 καὶ
751 567 1090 636 ποικιλτέον,
1111 568 1202 622 καὶ
1221 566 1387 630 ἄλλας
1416 570 1618 636 ἔχθρας
1637 564 1842 631 πολλὰς
1865 568 1958 621 καὶ

280 648 637 712 παντοδαπὰς
674 654 830 704 θεῶν
866 670 923 703 τε
956 650 1048 704 καὶ
1075 645 1275 719 ἡρώων
1302 645 1439 717 πρὸς
1468 658 1753 718 συγγενεῖς
1777 668 1836 702 τε
1866 648 1957 702 καὶ

280 733 515 794 οἰκείους
545 728 732 785 αὐτῶν
748 751 759 761 ·
798 728 919 785 ἀλλ’
941 738 995 786 εἴ
1006 750 1119 794 πως
1140 733 1408 800 μέλλομεν
1427 734 1663 799 πείσειν,
1687 726 1757 793 ὥς
1776 727 1956 792 οὐδεὶς

277 809 497 865 πώποτε
530 816 751 882 πολίτης
777 813 960 883 ἕτερος
991 811 1153 884 ἑτέρῳ
1189 809 1467 881 ἀπήχθετο
1505 808 1628 866 οὐδ’
1662 815 1773 866 ἔστι
1790 816 1954 866 τοῦτο

218 901 251 941 D
287 888 467 960 ὅσιον,
498 898 726 947 τοιαῦτα
746 899 958 964 μᾶλλον
976 890 1112 963 πρὸς
1129 890 1194 946 τά
1214 895 1402 946 παιδία
1422 889 1597 956 εὐθὺς
1621 894 1712 947 καὶ
1729 894 1954 962 γέρουσι

277 975 367 1027 καὶ
390 974 591 1042 γραυσὶ
610 975 702 1028 καὶ
721 975 1112 1045 πρεσβυτέροις
1130 974 1502 1042 γιγνομένοις,
1534 974 1625 1028 καὶ
1644 970 1774 1037 τοὺς
1794 993 1955 1043 ποιη-

276 1055 373 1118 τάς
393 1052 561 1124 ε’γγύς
583 1055 802 1109 τούτων
821 1053 1199 1125 ἀναγκαστέον
1222 1062 1548 1124 λογοποιεῖν.
1589 1052 1763 1124 ’Ἠρας
1784 1054 1842 1109 δὲ
1863 1058 1955 1109 δε·-

278 1131 453 1204 σμούς
473 1130 582 1189 ὑπὸ
608 1138 755 1200 υἱέος
787 1138 878 1190 καὶ
890 1132 1192 1206 Ἡφαίστου
1221 1137 1394 1207 ῥίψεις
1423 1133 1532 1191 ὑπὸ
1563 1135 1794 1207 πατρός,
1825 1138 1955 1206 μέλ-

277 1222 471 1279 λοντος
488 1222 557 1287 τῇ
585 1217 748 1287 μητρὶ
765 1219 1079 1288 τυπτομένῃ
1097 1214 1356 1287 ἀμύνειν,
1395 1217 1486 1271 καὶ
1502 1221 1802 1288 θεομαχίας
1822 1215 1955 1281 ὅσας

263 1294 502 1400 Όμηρος
533 1303 833 1369 πεποίηκεν
863 1297 932 1353 οὐ
962 1299 1338 1369 παραδεκτέον
1373 1302 1447 1362 εἰς
1472 1296 1576 1368 τὴν
1603 1298 1792 1369 πόλιν,
1827 1294 1952 1353 ούτ’

277 1380 338 1433 ἐν
368 1377 657 1444 ὑπονοίαις
685 1382 1052 1451 πεποιημένας
1089 1378 1217 1435 ούτε
1247 1377 1383 1434 ἄνευ
1424 1376 1722 1435 ὑπονοιῶν.
1785 1377 1813 1433 6
1844 1377 1951 1448 γὰρ

275 1463 398 1524 νέος
419 1458 525 1530 οὐχ
551 1454 668 1524 οἶός
685 1482 742 1516 τε
771 1465 983 1531 κρίνειν
1010 1482 1039 1515 ο
1071 1465 1125 1516 τί
1140 1481 1197 1515 τε
1217 1457 1454 1515 ὑπόνοια
1482 1457 1624 1514 melu
1591 1481 1620 1514 ο
1641 1459 1743 1530 μή,
1775 1455 1894 1513 ἀλλ’
1917 1453 1954 1512 δι’

212 1551 246 1591 Ε
278 1536 350 1607 ἀν
370 1548 691 1611 τηλικοῦτος
721 1537 800 1596 ω’ν
829 1541 1019 1613 λάβῃ’
993 1563 1053 1595 εν
1071 1551 1186 1605 ταῖς
1206 1540 1408 1612 δόξαις,
1430 1539 1764 1596 δυσέκνιπτά
1785 1560 1842 1594 τε
1860 1539 1952 1594 καὶ

274 1621 615 1691 ἀμετάστατα
635 1629 789 1693 φιλεῖ
804 1629 1109 1692 γίγνεσθαι,
1142 1617 1222 1677 ὦν
1245 1623 1310 1693 δὴ
1332 1630 1464 1687 ἴσως
1484 1623 1646 1677 ἕνεκα
1665 1623 1790 1691 περὶ
1808 1639 1951 1675 παν-

200 1755 204 1758 .
274 1702 367 1767 τὰς
396 1706 680 1773 ποιητέον,
720 1701 756 1757 δι’
783 1709 972 1773 πρῶτα
1000 1702 1335 1773 ἀκούουσιν,
1366 1701 1400 1757 δ’
1417 1724 1468 1757 τι
1492 1702 1755 1757 κάλλιστα
1774 1722 1951 1771 μεμυ-

274 1784 628 1852 θολογημένα
645 1782 784 1852 πρὸς
803 1782 1005 1855 ἀρετὴν
1023 1782 1262 1839 ἀκούειν.

415 1866 590 1918 XVIII.
615 1862 763 1934 ”Exeo
797 1865 933 1936 γάρ,
982 1869 1114 1937 ἔφη,
1153 1866 1340 1935 λόγον.
1403 1861 1520 1919 ἀλλ’
1563 1871 1618 1919 εἴ
1650 1885 1729 1927 τις
1762 1856 1833 1916 αὖ
1861 1863 1952 1917 καὶ

275 1949 450 1999 ταῦτα
472 1944 693 2018 ἐρωτῴη
713 1942 882 2016 ἡμᾶς,
910 1951 1082 2000 ταῦτα
1101 1942 1235 2000 ἅττα
1255 1945 1368 2000 ἐστὶ
1386 1946 1477 1999 καὶ
1506 1948 1652 2008 τίνες
1680 1946 1738 1998 οἱ
1754 1949 1949 2012 μῦθοι,

275 2030 427 2090 τίνας
456 2021 529 2080 ἀν
558 2037 785 2096 φαῖμεν;
821 2027 914 2081 καὶ
941 2026 1046 2096 ἐγω
1068 2025 1225 2081 εἶπον
1237 2020 1304 2080 ’Ὦ
1320 2023 1647 2095 Ἀδείμαντε,
1668 2021 1771 2078 οὐκ
1789 2025 1952 2094 ἐσμὲν

159 2117 246 2165 379
272 2108 490 2176 ποιηταὶ
521 2106 627 2175 ἐγώ
648 2128 706 2162 τε
726 2105 908 2162 καὶσὺ
930 2109 990 2161 ἐν
1018 2112 1096 2180 τῷ
1126 2105 1387 2176 παρόντι,
1426 2102 1546 2160 ἀλλ’
1584 2105 1816 2160 οἰκισταὶ
1847 2102 1952 2158 πό-

274 2196 425 2253 λεως.
472 2192 732 2252 οἰκισταῖς
751 2191 810 2243 δὲ
829 2188 958 2253 τούς
976 2190 1077 2259 μὲν
1096 2186 1305 2252 τύπους
1324 2186 1589 2259 προσήκει
1622 2188 1851 2256 εἰδέναι,
1891 2188 1951 2241 ἐν

275 2266 354 2334 οἷς
374 2273 460 2325 δεῖ
475 2277 815 2340 μυθολογεῖν
833 2268 966 2335 τούς
998 2270 1253 2340 ποιητάς,
1291 2268 1426 2338 παρ’
1459 2266 1557 2334 οὓς
1585 2266 1684 2325 έάν
1714 2272 1950 2323 ποιῶσιν

273 2351 377 2408 οὐκ
395 2354 760 2424 ἐπιτρεπτέον,
782 2351 850 2408 ού
869 2352 979 2424 μὴν
998 2351 1185 2418 αὐτοῖς
1202 2375 1264 2423 γε
1284 2356 1538 2424 ποιητέον
1558 2352 1793 2423 μύθους.
1827 2349 1951 2421 Ὀρ-

215 2475 218 2477 ‡
273 2440 419 2503 θοός,
458 2438 590 2505 ἔφη·
633 2432 755 2490 ἀλλ’
782 2433 916 2490 αὐτὸ
939 2434 1005 2505 δὴ
1026 2440 1190 2490 τοῦτο
1206 2477 1221 2505 ,
1259 2438 1315 2490 οἰ
1329 2433 1494 2489 τύποι
1516 2434 1639 2506 περὶ
1657 2435 1948 2502 θεολογίας

272 2521 416 2581 τίνες
433 2514 505 2570 ὅίν
526 2513 666 2583 εἷεν;
693 2520 906 2572 Τοιοίδε
925 2516 1037 2572 πού
1056 2537 1222 2586 τινες,
1242 2510 1314 2587 ἦν
1335 2514 1386 2571 δ’
1411 2514 1540 2585 ἐγώ·
1563 2510 1675 2580 οἷος
1691 2512 1950 2584 τυγχάνει

274 2597 301 2652 ὁ
323 2597 459 2662 θεὸς
483 2596 580 2669 ὤν,
602 2595 686 2653 ἀεὶ
705 2597 885 2670 δήπου
905 2596 1222 2668 ἀποδοτέον,
1245 2596 1342 2652 ἐάν
1357 2602 1415 2653 τέ
1428 2619 1508 2661 τις
1528 2593 1702 2652 αὐτὸν
1721 2596 1781 2649 ἐν
1799 2598 1950 2648 ἔπεσι

274 2685 404 2750 ποιῇ
425 2681 520 2733 ε’άν
539 2700 598 2733 τε
615 2682 684 2734 ἐν
694 2684 987 2754 τραγῳδίᾳ.
1042 2687 1152 2735 Δεῖ
1163 2679 1287 2749 γάρ.
1344 2676 1572 2734 Οὐκοῦν
1601 2672 1817 2745 ἀγαθὸς
1836 2672 1870 2728 6'
1886 2694 1948 2744 γε

213 2771 247 2812 Β
277 2758 408 2821 θεὸς
427 2765 502 2831 τῷ
523 2758 643 2814 ὄντι
663 2782 720 2816 τε
750 2764 842 2817 καὶ
875 2765 1098 2817 λεκτέον
1130 2760 1332 2827 οὕτως;
1374 2763 1444 2814 Τί
1475 2758 1614 2829 μήν;
1646 2754 1808 2811 ’Auen
1838 2757 1948 2826 μὴν

277 2836 442 2895 οὐδέν
470 2861 533 2910 γε
563 2848 674 2895 τῶν
703 2841 939 2911 ἀγαθῶν
957 2841 1249 2914 βλαβερόν.
1285 2834 1322 2911 ἦ
1355 2838 1492 2910 γάρ;
1530 2837 1617 2893 Οὔ
1652 2858 1745 2909 μοι
1784 2840 1947 2893 δοκεῖ.
