1962 3236
0 0 116 67 ιτ*
139 0 413 53 *w
911 0 919 10 ’
957 9 966 14 -

597 126 1081 175 ΠΟΛΙΤΕΙΑΣ
1109 122 1168 172 ι’.
1637 122 1742 174 289

43 263 259 333 ὅσαπερ
279 258 354 328 εἷς
374 263 605 326 ἕκαστος
621 266 736 315 τῶν
754 263 1128 330 χειροτεχνῶν.
1177 256 1387 314 Δεινόν
1413 279 1538 313 τινα
1567 260 1743 327 λέγεις

0 357 11 373 “
47 348 139 403 καὶ
157 341 490 415 θαυμαστὸν
507 342 702 411 ἄνδρα.
740 339 915 396 Οὔπω
935 360 1015 410 γε,
1049 337 1190 395 ἀλλὰ
1218 340 1355 410 τάχα
1386 345 1601 411 μᾶλλον
1630 339 1742 410 φή-

48 446 175 493 σεις.
209 425 238 483 ὁ
261 424 429 491 αὐτὸς
446 424 553 495 γὰρ
574 416 739 487 οὗτος
756 423 1099 492 χειροτέχνης
1119 418 1189 477 οὐ
1206 420 1387 492 μόνον
1415 420 1598 476 πάντα
1628 415 1745 485 οἷός

48 531 106 564 τε
126 508 301 579 σκεύη
322 514 562 579 ποιῆσαι,
582 500 721 560 ἀλλὰ
743 503 835 558 καὶ
853 503 919 557 τὰ
941 505 1002 558 ἐκ
1022 509 1120 574 τῆς
1137 510 1236 575 γῆς
1256 503 1516 575 φυόμενα
1527 501 1746 559 ἅπαντα

50 602 199 647 ποιεῖ
228 591 318 645 καὶ
349 594 459 656 ζῶα
494 586 674 642 πάντα
704 584 1003 654 ἐργάζεται,
1043 588 1109 640 τά
1148 607 1205 641 τε
1233 585 1373 642 ἄλλα
1401 587 1494 642 καὶ
1525 582 1742 655 ἑαυτόν,

51 675 141 729 καὶ
161 671 299 743 πρὸς
315 672 532 735 τούτοις
550 676 656 740 γῆν
676 670 767 723 καὶ
787 666 1035 736 οὐρανὸν
1059 672 1151 724 καὶ
1168 669 1342 735 θεοὺς
1361 672 1451 728 καὶ
1477 669 1660 726 πάντα
1678 663 1745 726 τᾶ

51 757 111 810 ἐν
138 753 360 827 οὐρανῷ
399 754 491 808 καὶ
527 750 594 807 τὰ
621 754 684 806 ἐν
710 748 904 805 ’Ἅιδου
933 747 1044 804 ὑπὸ
1076 757 1176 821 γῆς
1197 750 1417 807 ἅπαντα
1442 751 1743 823 ἐργάζεται.

51 834 215 889 Πάνυ
238 832 589 904 θαυμαστόν,
609 836 734 903 ἔφη,
756 834 928 902 λέγεις
949 830 1236 903 σοφιστήν.
1271 831 1563 899 Ἀπιστεῑς;
1596 827 1670 903 ἦν
1691 831 1742 887 δ’
1777 842 1812 883 D

50 916 184 986 ἐγώ·
220 920 318 971 καί
339 937 432 986 μοι
464 915 604 970 εἰπέ·
652 912 714 970 τό
747 913 1013 984 παράπαν
1050 912 1155 970 οὐκ
1190 912 1263 969 άν
1294 929 1382 968 σοι
1421 918 1575 970 δοκεῖ
1607 912 1748 970 εἶναι

52 1005 302 1062 τοιοῦτος
322 996 674 1068 δημιουργός,
707 993 744 1067 ἢ
762 998 868 1051 τινὶ
887 999 989 1067 μὲν
1006 995 1194 1069 τρόπω
1215 999 1480 1066 γενέσθαι
1512 992 1583 1052 ὅὶν
1613 994 1737 1052 τού-

53 1101 167 1134 των
201 1076 464 1133 ἁπάντων
495 1076 740 1148 ποιητής,
768 1079 876 1132 τινὶ
907 1076 965 1132 δὲ
992 1074 1095 1132 οὐκ
1131 1075 1228 1143 ἄνς
1269 1073 1302 1148 ἢ
1333 1073 1439 1133 οὐκ
1469 1076 1749 1147 αἰσθάνει,

54 1160 140 1215 ὅτι
161 1156 271 1214 κᾶν
290 1157 457 1222 αὐτὸς
476 1154 592 1222 οἷός
611 1156 660 1213 τ’
688 1166 801 1229 εἴης
824 1158 1007 1213 πάντα
1025 1164 1199 1213 ταῦτα
1221 1165 1448 1229 ποιῆσαι
1468 1158 1657 1232 τρόπῳ
1688 1158 1756 1230 γέ

52 1265 186 1305 τινι;
224 1243 332 1296 Καὶ
364 1246 458 1309 τίς,
486 1245 611 1312 ἔφη,
642 1238 671 1295 ὁ
704 1242 908 1310 τρόπος
946 1232 1136 1307 οὖτος;
1178 1238 1263 1296 Οὐ
1292 1241 1547 1310 χαλεπός,
1581 1234 1654 1312 ἦν
1693 1235 1747 1296 δ’

54 1323 180 1393 ἐγω,
209 1320 348 1379 άλλά
382 1328 627 1394 πολλαχῇ
658 1325 750 1378 καὶ
780 1321 916 1394 ταχὺ
947 1322 1487 1394 δημιουργούμενος·
1525 1322 1751 1394 τάχιστα

56 1409 118 1460 δέ
135 1426 264 1475 που,
286 1409 337 1460 εἰ
350 1407 533 1470 θέλεις
552 1403 744 1476 λαβων
775 1404 1090 1472 κάτοπτρον
1118 1407 1440 1476 περιφέρειν
1470 1410 1721 1478 πανταχῇ
1736 1426 1747 1437 ·

56 1486 191 1558 ταχὺ
221 1489 324 1558 μὲν
353 1486 515 1558 ἥλιον
551 1486 796 1558 ποιήσεις
823 1488 913 1542 καὶ
940 1485 1007 1541 τὰ
1038 1489 1099 1542 ἐν
1130 1493 1206 1561 τῷ
1240 1484 1484 1558 οὐρανῷ,
1522 1485 1662 1559 ταχὺ
1693 1488 1753 1544 δὲ
1790 1496 1820 1538 E

55 1577 178 1639 γῆν,
199 1568 337 1639 ταχὺ
357 1571 416 1624 δὲ
437 1567 648 1624 σαυτόν
667 1589 726 1623 τε
743 1570 834 1623 καὶ
861 1561 1034 1624 τᾶλλα
1055 1572 1162 1635 ζῶα
1184 1569 1274 1625 καὶ
1295 1569 1469 1641 σκεύη
1490 1571 1582 1626 καὶ
1602 1567 1752 1640 φυτὰ

57 1653 147 1708 καὶ
168 1650 349 1707 πάντα
370 1650 475 1706 ὅσα
494 1658 603 1706 νῦν
633 1649 702 1721 δὴ
723 1652 951 1721 ἐλέγετο.
999 1654 1131 1719 Ναί,
1160 1655 1284 1721 ἔφη,
1317 1650 1650 1722 φαινόμενα,
1683 1646 1753 1708 οὐ

56 1738 244 1805 μέντοι
273 1732 407 1790 ὄντα
426 1736 494 1804 γε’
511 1754 622 1789 που
639 1739 709 1805 τῇ
730 1731 979 1806 ἀληθείᾳ.
1009 1736 1226 1802 Καλῶς,
1246 1725 1321 1804 ἦν
1341 1730 1395 1788 δ’
1415 1733 1541 1804 ἐγώ,
1564 1734 1657 1790 καὶ
1675 1738 1754 1800 εἰς

58 1820 187 1874 δέον
214 1821 356 1887 ἔρχει
374 1822 451 1890 τῷ
471 1817 634 1890 λόγῳ.
683 1824 797 1872 τῶν
826 1816 1095 1872 τοιούτων
1124 1815 1250 1887 γάρ,
1282 1815 1450 1887 οἶμαι,
1482 1820 1753 1887 δημιουρ-

57 1908 176 1972 γῶν
203 1902 296 1956 καὶ
326 1898 355 1955 ὁ
389 1901 683 1972 ζωγράφος
714 1903 878 1956 ἐστίν.
912 1892 950 1970 ἦ
979 1898 1115 1970 γάρ;
1152 1905 1283 1964 Πῶς
1317 1896 1426 1970 γὰρ
1462 1898 1558 1967 οὔ,
1590 1897 1752 1956 ’Λλλὰ

57 1983 259 2054 φήσεις
296 1980 399 2037 οὐκ
434 1983 638 2053 ἀληθῆ,
680 1980 845 2052 οἶμαι,
883 1978 1059 2036 αὐτὸν
1086 1992 1265 2036 ποιεῖν
1298 1977 1332 2035 ἃ
1371 1991 1530 2036 ποιεῖ.
1578 1985 1756 2037 καίτοι

59 2064 246 2140 τρόπῳ
263 2068 328 2135 γέ
345 2086 455 2120 τινι
474 2067 564 2119 καὶ
596 2063 625 2120 ὁ
658 2064 949 2134 ζωγράφος
978 2068 1172 2135 κλίνην
1202 2074 1360 2119 ποιεῖ.
1415 2058 1452 2133 ἦ
1486 2062 1582 2130 οὕς
1621 2070 1753 2137 Ναί,

58 2150 183 2219 ἔφη,
210 2150 555 2217 φαινομένην
573 2167 635 2217 γε
656 2147 748 2202 καὶ
769 2139 947 2211 οὗτος.

201 2233 263 2283 11.
315 2233 381 2283 Τί
406 2231 467 2284 δὲ
500 2226 531 2285 ὁ
570 2227 914 2294 κλινοποιόςς
951 2226 1055 2284 ούκ
1083 2227 1210 2298 ἄρτι
1228 2230 1418 2299 μέντοι
1451 2231 1647 2298 ἔλεγες,
1670 2226 1750 2285 ὅτι
1785 2237 1870 2287 597

60 2309 131 2366 οὐ
147 2309 210 2366 τὸ
231 2308 375 2374 εἶδος
397 2321 556 2380 ποιεῖ,
581 2308 613 2366 ὂ
632 2310 700 2382 δή
720 2333 906 2382 φαμεν
926 2310 1067 2367 εἶναι
1085 2307 1115 2366 ὃ
1142 2315 1257 2366 ἔστι
1274 2317 1451 2382 κλίνη,
1472 2307 1611 2367 ἀλλὰ
1633 2315 1754 2369 κλί-

59 2414 167 2464 νην
185 2390 336 2455 τινάς
358 2388 590 2461 Ἔλεγον
610 2393 733 2462 γάρ.
775 2390 1004 2449 Οὐκοῦν
1024 2390 1164 2464 εἰμὴ
1189 2390 1221 2448 ὃ
1240 2398 1353 2449 ἔστι
1375 2405 1536 2463 ποιεῖ,
1559 2390 1664 2449 οὐκ
1682 2391 1754 2448 ἂν

62 2474 121 2530 τὰ
146 2469 214 2529 ὂν
233 2484 398 2540 ποιοῖ,
420 2470 562 2528 ἄλλά
580 2495 631 2529 τι
651 2480 910 2531 τοιοῦτον
930 2470 1053 2531 οἷον
1070 2473 1132 2531 τὸ
1155 2473 1242 2544 ὅν,
1265 2470 1334 2530 ὂν
1354 2476 1413 2530 δὲ
1432 2472 1503 2530 οὔ
1514 2496 1525 2508 ·
1558 2478 1755 2541 τελέως

62 2555 120 2612 δὲ
140 2553 280 2611 εἶναι
299 2552 370 2611 ὃν
385 2555 448 2611 τὸ
470 2562 573 2611 τοῦ
591 2562 933 2628 κλινουργοῦ
954 2562 1123 2628 ἔργον
1140 2553 1179 2628 ἦ
1195 2554 1376 2612 ἄλλου
1400 2552 1553 2621 τινὸς
1570 2575 1755 2626 χειρο-

59 2638 257 2708 τέχνου
277 2645 333 2693 εἰ
344 2658 424 2702 τις
444 2643 598 2709 φαίη,
621 2638 937 2695 κινδυνεύει
955 2635 1059 2695 οὐκ
1081 2633 1351 2710 ἄνᾶληθῆ
1371 2639 1578 2707 λέγεινς
1603 2635 1759 2694 Οὔκ-

62 2739 186 2788 ουν,
215 2724 341 2791 ἔφη,
372 2716 446 2785 ὥς
464 2719 521 2790 γ’
543 2717 616 2775 ἂν
636 2720 810 2787 δόξειε
830 2731 944 2786 τοῖς
961 2720 1087 2789 περὶ
1105 2717 1238 2785 τούς
1267 2718 1524 2775 τοιούσδε
1551 2717 1755 2791 λόγους

61 2802 459 2927 διατςέίβουσιιῧ.
505 2803 699 2874 Μηδὲν
714 2800 824 2874 ἄρα
841 2801 1237 2875 θαυμάζωμεν,
1259 2805 1310 2858 εἰ
1324 2802 1415 2858 καὶ
1431 2807 1597 2929 ἷῧῦτο
1618 2797 1755 2872 ἄμυ-

238 2894 354 2927 ΕΑΤΟ
450 2915 461 2927 ι
