1962 3236
615 109 1104 158 ΠΟΛΙΤΕΙΑΣ
1136 100 1189 166 ζ’.
1650 106 1757 158 209

58 253 165 301 σθε
197 247 400 301 ἕκαστα
427 245 495 302 τὰ
530 248 730 302 εἴδωλα
757 240 892 298 ἅττα
921 243 1034 297 ἐστὶ
1064 243 1155 298 καὶ
1179 234 1276 313 ῶν,
1311 240 1402 296 διὰ
1440 239 1501 296 τὸ
1535 238 1753 313 τάληθῆ

61 328 367 395 ἑωρακέναι
396 334 583 384 καλῶν
615 347 672 381 τε
702 326 793 381 καὶ
826 328 1056 380 δικαίων
1077 327 1168 380 καὶ
1202 323 1437 395 ἀγαθῶν
1469 327 1615 394 πέρι·
1661 327 1754 379 καὶ

61 408 208 464 οὕτω
235 409 385 479 ῦπαρ
417 407 548 480 ἡμῖν
576 410 667 464 καὶ
704 404 838 477 ὑμῖν
874 403 908 477 ἡ
946 407 1105 471 πόλις
1142 407 1437 478 οἰκήσεται,
1478 403 1604 462 ἀλλ’
1646 405 1750 462 οὐκ

28 510 29 514 ’
59 490 219 559 ὄναρ,
238 489 309 555 ὡς
329 499 438 546 νῦν
456 494 514 546 αἱ
530 490 727 546 πολλαὶ
746 486 854 544 ὑπὸ
874 489 1333 559 σκιαμαχούντων
1344 510 1402 544 τε
1424 486 1562 558 πρὸς
1582 485 1753 559 ἀλλή-

60 582 191 638 λους
212 577 301 629 καὶ
324 573 728 639 στασιαζόντων
746 573 871 640 περὶ
886 577 987 625 τοῦ
1008 569 1200 641 ἄρχειν
1222 576 1523 642 οἰκοῦνται,
1550 568 1622 635 ῶς
1652 592 1752 641 με-

60 655 239 724 γάλου
259 655 408 720 τινὸς
426 655 649 725 α’γαθοῦ
669 652 847 724 ὄντος,
869 651 930 708 τὸ
959 656 1022 708 δέ
1039 673 1150 708 που
1177 652 1381 725 ἀληθὲς
1403 645 1502 708 οἷδ’
1525 658 1658 724 ἔχει·
1693 655 1752 709 ἐν

61 737 217 792 πόλει
262 730 298 809 ᾗ
333 736 530 807 ἥκιστα
568 738 856 808 πρόθυμοι
894 735 1083 806 ἄρχειν
1120 738 1177 790 οἱ
1209 738 1501 806 μέλλοντες
1544 735 1750 806 ἄρξειν,

59 840 269 888 ταυτην
282 835 477 889 αριστα
497 820 587 873 καὶ
608 815 1078 873 αστασιαστότατα
1099 838 1314 888 αναγκη
1337 821 1629 887 οἰκεῖσθαι,
1651 816 1753 886 τὴν

61 897 115 953 δ’
142 901 428 964 ἐναντίους
448 899 719 970 α’ρχοντας
741 906 985 970 σχοῦσαν
1007 902 1284 963 ἐναντίως.
1319 898 1485 954 Πανυ
1506 920 1608 968 μεν
1629 920 1753 968 ουν,

61 985 184 1050 ἔφη.
235 978 668 1053 Ἀπειθήσουσιν
706 984 811 1037 οῦν
849 979 999 1052 ἡμῖν,
1036 988 1164 1051 οἴει,
1203 984 1262 1036 οἰ
1293 981 1555 1051 τρόφιμοι
1592 979 1751 1036 ταῦτ

62 1061 392 1131 ἀκούοντες,
430 1065 520 1119 καὶ
557 1063 661 1118 οὐκ
700 1063 1032 1133 ἐθελήσουσι
1069 1065 1369 1132 ξυμπονεῖν
1404 1064 1465 1117 ἐν
1495 1069 1564 1134 τῇ
1600 1062 1757 1119 πόλει

32 1136 42 1194 ’Δ
61 1145 283 1199 ἕκαστοι
301 1146 364 1198 ἐν
381 1147 549 1214 μέρει,
564 1144 663 1200 τὸν
684 1147 742 1200 δὲ
755 1142 938 1199 πολὺν
954 1143 1163 1214 χρόνον
1181 1141 1288 1214 μετ’
1315 1142 1570 1215 ἀλλήλων
1584 1150 1756 1201 οἰκεῖν

62 1310 402 1380 ἐπιτάξομεν.
441 1306 648 1374 παντὸς
668 1306 780 1379 μὴν
807 1315 1020 1379 μᾶλλον
1046 1308 1118 1372 ὠς
1136 1304 1222 1362 ἐπ’
1247 1306 1552 1379 ἀναγκαῖον
1571 1308 1759 1365 αὐτῶν

62 1392 291 1456 ἕκαστος
310 1390 412 1446 εἶσι
433 1389 493 1446 τὸ
519 1388 722 1461 ἄρχειν,
747 1388 1079 1445 τούναντίον
1099 1397 1212 1445 τῶν
1233 1396 1341 1445 νῦν
1360 1393 1421 1446 ἐν
1439 1389 1642 1463 ἑκάστῃ
1663 1393 1756 1448 πό-

66 1481 145 1528 λει
170 1472 474 1543 ἀρχόντων.
500 1471 666 1527 Οῦτω
686 1472 793 1543 γὰρ
819 1476 942 1543 ἔχει,
964 1466 1039 1543 ἦν
1061 1470 1113 1527 δ’
1143 1473 1268 1543 ἐγώ,
1292 1466 1337 1527 ῶ
1356 1473 1558 1542 ἑταῖρε·
1591 1479 1642 1529 εἰ
1657 1477 1759 1545 μὲν

62 1641 175 1692 ἔστι
204 1653 292 1691 σοι
334 1634 541 1707 δυνατὴ
571 1640 838 1706 γενέσθαι
866 1637 1023 1701 πόλις
1053 1630 1117 1692 εὖ
1149 1641 1473 1708 οἰκουμένη·
1525 1640 1584 1694 ἐν
1612 1637 1757 1711 μόνῃ

64 1719 172 1787 γὰρ
197 1716 340 1789 αὐτῇ
359 1717 624 1788 ἄρξουσιν
644 1721 701 1774 οἰ
714 1724 791 1772 τῶ
817 1716 938 1772 ὄντι
968 1718 1241 1789 πλούσιοι,
1266 1717 1334 1774 οὐ
1357 1724 1608 1791 χρυσίου,
1636 1717 1756 1775 αλλ’

66 1792 136 1855 οὗ
158 1802 243 1854 δεῖ
265 1798 365 1856 τὸν
395 1798 700 1870 εὐδαίμονα
726 1805 1003 1868 πλουτεῖν,
1037 1805 1173 1871 ζωῆς
1207 1800 1425 1872 ἀγαθῆς
1454 1822 1512 1856 τε
1539 1803 1633 1858 καὶ
1662 1807 1759 1872 ἔμ-

70 1902 307 1952 φρονος·
348 1886 399 1937 εἰ
416 1883 474 1936 δὲ
494 1883 697 1952 πτωχοὶ
722 1884 812 1937 καὶ
832 1888 1130 1947 πεινῶντες
1150 1881 1387 1954 ἀγαθῶν
1410 1887 1567 1940 ἰδίων
1585 1886 1673 1941 ἐπὶ
1693 1884 1759 1940 τὰ

67 1963 305 2033 δημόσια
327 1970 492 2032 ἴασιν,
515 1965 784 2018 ἐντεῦθεν
803 1963 1049 2034 οἰόμενοι
1070 1962 1323 2033 τάγαθὸν
1342 1967 1459 2020 δεῖν
1479 1962 1758 2037 ἁρπάζειν,

31 2195 34 2198 ἢ
65 2123 146 2181 ῶν
164 2126 254 2180 καὶ
279 2127 444 2179 ἔνδον
465 2122 493 2180 ὁ
517 2133 766 2191 τοιοῦτος
784 2126 1023 2198 πόλεμος
1051 2125 1259 2193 αὐτούς
1277 2149 1334 2183 τε
1359 2126 1636 2185 ἀπόλλυσι
1666 2131 1759 2184 καὶ

19 2227 22 2239 ’
61 2206 166 2278 τήν
185 2205 361 2276 ἄλλην
379 2206 559 2267 πόλιν.
588 2206 973 2279 Ἀληθέστατα,
995 2213 1117 2282 ἔφη.
1142 2209 1311 2280 Ἔχεις
1328 2204 1451 2281 οὖν,
1469 2204 1542 2282 ἦν
1562 2208 1607 2266 δ’
1630 2211 1755 2282 ἐγώ,

66 2294 192 2360 βίον
211 2288 384 2343 ἄλλον
403 2287 524 2343 τινὰ
557 2297 854 2346 πολιτικῶν
882 2289 1069 2362 ἀρχῶν
1097 2299 1565 2364 καταφρονοῦντα
1594 2292 1630 2363 ἢ
1659 2292 1760 2350 τὸν

66 2377 163 2441 τῆς
183 2369 454 2441 ἀληθινῆς
475 2377 834 2442 φιλοσοφίας;
860 2372 944 2429 Οὐ
975 2371 1052 2445 μοὶ
1074 2372 1175 2431 τὸν
1195 2378 1325 2445 Δία,
1343 2368 1381 2446 ἦ
1404 2373 1455 2430 δ’
1482 2372 1557 2441 ὅς.
1593 2372 1756 2434 'Anda

64 2459 252 2522 μέντοι
274 2454 360 2506 δεῖ
375 2472 436 2520 γε
457 2450 530 2521 μὴ
551 2452 783 2520 ἐραστὰς
810 2461 910 2509 τοῦ
931 2453 1121 2526 ἄρχειν
1145 2459 1285 2511 ἰέναι
1303 2454 1390 2511 ἐπ’
1417 2453 1582 2511 αὐτό·
1622 2462 1672 2512 εἰ
1699 2460 1757 2512 δὲ

64 2534 159 2606 μή,
187 2537 243 2589 οἳ
270 2556 330 2604 γε
361 2533 687 2604 ἀντερασταὶ
707 2543 1025 2606 μαχοῦνται.
1065 2543 1195 2603 Πῶς
1224 2535 1276 2593 δ’
1312 2538 1407 2604 οῦ;
1456 2543 1622 2604 Τίνας
1652 2535 1758 2595 οῦν

63 2614 268 2680 ἄλλους
305 2614 636 2687 ἀναγκάσεις
674 2618 815 2673 ἰέναι
852 2620 940 2674 ἐπὶ
974 2618 1236 2691 φυλακὴν
1254 2627 1349 2691 τῆς
1374 2620 1604 2690 πόλεως,
1636 2616 1674 2692 ἦ
1703 2627 1763 2678 οἳ

62 2700 187 2769 περὶ
207 2697 424 2754 τούτων
443 2720 499 2754 τε
521 2699 948 2771 φρονιμώτατοι,
973 2700 1048 2757 δι’
1077 2693 1158 2757 ῶν
1175 2701 1371 2771 ἄριστα
1398 2702 1558 2768 πόλις
1587 2707 1758 2760 οἰκεῖ-

209 2789 358 2835 ΡιΛτο
401 2789 478 2834 IV.
1425 2798 1480 2841 14

66 1229 128 1282 ἐν
147 1234 225 1299 τῷ
252 1233 514 1299 καθαρῷ;
557 1226 875 1298 Ἀδύνατον,
907 1230 1038 1297 ἔφη·
1072 1230 1254 1281 δίκαια
1283 1227 1391 1296 γὰρ
1423 1226 1488 1297 δὴ
1522 1231 1754 1293 δικαίοις
1782 1235 1816 1275 Ε

60 1561 187 1626 βίον
206 1555 515 1626 ἐξευρήσεις
537 1554 743 1626 ἀμείνω
772 1560 873 1609 τοῦ
894 1553 1083 1625 ἄρχειν
1101 1566 1214 1620 τοῖς
1234 1559 1533 1625 μέλλουσιν
1554 1555 1758 1629 ἄρξειν,
1790 1569 1870 1611 521

61 2043 166 2100 οὐκ
187 2047 325 2099 ἔστι·
357 2042 726 2114 περιμάχητον
746 2043 852 2114 γὰρ
870 2043 930 2099 τὰ
966 2045 1156 2115 ἄρχειν
1186 2043 1538 2116 γιγνόμενον,
1561 2052 1761 2113 οἰκεῖος
1798 2056 1881 2103 „¹:0⁶-

1907 2038 1955 2090 ‘Lm
