1962 3236
619 186 1104 237 ΠοΛιΤΕΙΑΣ
1131 179 1756 246 15253

70 325 160 386 οἶα
180 327 247 400 δὴ
270 330 332 385 ἐν
349 324 539 397 ἀγροῖς
557 322 822 394 ἑψήματα,
842 318 1166 391 ἑψήσονται·
1187 317 1280 372 καὶ
1302 314 1624 388 τραγήματά
1643 336 1755 371 που

74 409 481 506 παραθήσομεν
510 403 697 468 αὐτοῖς
723 425 839 458 των
866 422 926 456 τε
955 399 1147 456 σύκων
1185 399 1277 454 καὶ
1313 401 1623 470 ἐρεβίνθων
1663 396 1755 452 καὶ

74 491 334 561 κυάμων,
361 490 452 544 καὶ
480 486 662 557 μύρτα
691 487 782 539 καὶ
814 481 1031 553 φηγούς
1059 483 1354 536 σποδιοῦσι
1380 478 1520 550 πρὸς
1539 476 1600 534 τὸ
1621 483 1753 548 πῦρ,
1789 488 1824 529 D

75 577 306 644 μετρίως
342 568 731 631 ὑποπίνοντες·
770 567 860 620 καὶ
900 563 1049 619 οὕτω
1086 561 1370 633 διάγοντες
1407 558 1508 616 τὸν
1539 566 1668 633 βίον
1695 563 1756 615 έν

75 653 268 751 εἰρήνῃ
283 649 419 723 μετὰ
438 647 662 720 ὑγιείας,
685 645 758 711 ὥς
778 644 941 716 εἰκός,
962 645 1180 717 γηραιοὶ
1198 649 1560 708 τελευτῶντες
1585 642 1758 698 άλλον

75 740 332 791 τοιοῦτον
357 738 484 806 βίον
521 742 634 796 τοῖς
665 729 919 800 ἐκγόνοις
950 727 1400 798 παραδώσουσιν.
1440 722 1582 781 καῖ’
1562 722 1650 795 ός,
1686 729 1761 780 Ec

75 815 195 916 δὲ”
163 823 284 872 νῶν
310 815 503 884 πόλιν,
545 836 587 870 ω
617 812 943 884 Σώκρατες,
981 814 1115 882 ἔφη,
1148 808 1564 877 κατεσκεύαζες,
1601 812 1658 863 τί
1683 829 1759 862 αν

76 895 247 963 αὐτὰς
265 892 457 953 ἄλλοἰ
419 919 452 968 η
474 900 646 950 ταῦτα
666 893 969 965 έχόρταζεςς
1003 888 1165 947 Ἀλλα
1182 895 1300 954 πῶς
1315 889 1436 960 χρή,
1456 881 1531 960 ἦν
1551 885 1603 943 δ’
1630 887 1756 958 εγω,
1826 906 1841 910 ··

76 1003 119 1036 ω
139 979 442 1046 Γλαύκων;
463 977 635 1048 ’Ἁπερ
665 980 963 1047 νομίζεται,
1003 979 1136 1045 ἔφη·
1177 975 1269 1028 έπί
1282 993 1340 1027 τε
1359 976 1569 1027 κλιναῖν
1588 991 1759 1025 κατα-

78 1070 326 1131 κεῖσθαι,
364 1059 541 1132 οἶμαι,
572 1057 704 1124 τούς
726 1061 1024 1130 μέλλοντας
1042 1057 1115 1127 μή
1135 1060 1635 1125 ταλαιπωρεῖσθαι,
1667 1053 1759 1107 καὶ

77 1141 185 1197 άπό
213 1145 498 1211 τραπεζων
526 1143 772 1195 δειπνεῖν
798 1141 891 1194 καὶ
909 1138 1022 1205 ὄψα
1053 1134 1192 1207 ἅπερ
1224 1136 1316 1191 καὶ
1345 1137 1403 1191 οἰ
1426 1140 1536 1190 νῦν
1565 1139 1751 1204 ἔχουσι
1781 1148 1816 1189 Ε

76 1224 167 1278 καὶ
183 1221 520 1293 τραγήματα.
568 1219 727 1287 Εἶεν,
748 1213 821 1290 ἦν
841 1217 892 1273 δ’
917 1218 1043 1289 ἐγώ,
1065 1217 1368 1288 μανθάνω·
1391 1213 1460 1272 οὐ
1478 1215 1660 1284 πόλιν,
1689 1236 1761 1279 ως

75 1309 236 1374 ἔοικε,
258 1308 578 1373 σκοποῦμεν
596 1302 773 1372 μόνον
792 1299 942 1365 ὅπως
969 1306 1242 1370 γίγνεται,
1262 1296 1402 1354 άλλά
1423 1299 1515 1353 καὶ
1531 1317 1763 1367 τρυφω-

77 1406 183 1444 σαν
200 1386 380 1444 πόλιν.
406 1394 538 1451 ἴσως
556 1378 662 1441 οὖν
682 1382 812 1440 οὐδὲ
830 1405 1014 1448 κακως
1034 1387 1164 1454 ἔχει·
1185 1387 1525 1445 σκοποῦντες
1539 1401 1648 1452 γαρ
1670 1381 1761 1435 καὶ

82 1469 344 1540 τοιαύτην
362 1466 483 1539 τάχ’
514 1490 588 1523 αν
604 1470 921 1538 κατίδοιμεν
939 1466 1044 1538 τήν
1062 1487 1120 1521 τε
1142 1463 1509 1535 δικαιοσύνην
1527 1463 1619 1519 καὶ
1639 1460 1769 1517 ἀδι-.

82 1559 209 1607 κίαν
237 1549 347 1623 ὅπῃ
376 1550 506 1606 ποτε
536 1561 654 1615 ταῖς
682 1549 909 1606 πόλεσιν
937 1548 1262 1620 ἐμφύονται.
1302 1544 1336 1619 ἡ
1357 1546 1461 1618 μὲν
1490 1538 1597 1601 οὖν
1624 1542 1762 1615 άλη-

77 1631 211 1705 θινὴ
233 1631 388 1697 πόλις
409 1636 565 1688 δοκεῖ
575 1654 669 1703 μοι
687 1629 880 1688 εἷναι“
844 1655 917 1703 ην
936 1630 1372 1703 διεληλύθαμεν,
1396 1628 1581 1697 ω’σπερ
1603 1626 1764 1699 ὑγιής

79 1738 159 1780 τις
173 1737 184 1746 ·
219 1720 270 1770 εἰ
299 1712 352 1770 δ’
382 1708 456 1769 αὖ
474 1714 752 1787 βούλεσθε
771 1717 860 1770 καὶ
881 1718 1337 1784 φλεγμαίνουσαν
1356 1713 1520 1769 πόλιν
1537 1709 1763 1781 θεωρή-

80 1815 294 1867 σωμεν,
324 1795 492 1852 οὐδὲν
511 1794 840 1852 ἀποκωλύει.
878 1802 1052 1851 ταῦτα
1069 1794 1178 1865 γὰρ
1200 1793 1268 1866 δή
1285 1812 1458 1865 τισιν,
1499 1791 1574 1858 ὥς
1594 1795 1761 1861 δοκεῖ,

84 1877 189 1935 οὐκ
210 1881 503 1949 ἐξαρκέσει,
525 1876 650 1934 οὐδ’
672 1876 864 1950 αὕτηὴ
887 1882 1089 1947 δίαιτα,
1125 1876 1265 1934 ἀλλὰ
1285 1882 1471 1932 κλῖναί
1485 1897 1542 1931 τε
1565 1879 1770 1947 προσέ-
1792 1886 1883 1935 373

81 1977 272 2017 σονται
299 1962 390 2016 καὶ
421 1960 680 2033 τράπεζαι
708 1962 799 2016 καὶ
838 1954 1010 2017 τᾶλλα
1047 1959 1246 2031 σκεύη,
1289 1961 1381 2016 καὶ
1420 1957 1532 2025 ὄψα
1569 1958 1637 2030 δὴ
1673 1964 1766 2018 καὶ

78 2041 230 2115 μύρα
265 2045 354 2098 καὶ
390 2042 718 2113 θυμιάματα
754 2043 844 2098 καὶ
882 2043 1088 2110 ἑταῖραι
1123 2044 1214 2097 καὶ
1244 2045 1523 2113 πέμματα,
1561 2040 1766 2097 ἕκαστα

82 2124 296 2180 τούτων
314 2124 666 2180 παντοδαπά·
687 2124 778 2179 καὶ
797 2122 864 2194 δὴ
877 2124 968 2179 καὶ
986 2120 1022 2179 ἃ
1040 2122 1102 2178 τὸ
1118 2124 1615 2193 πρῶτονέλέγομεν
1626 2120 1766 2178 οὐκ-

84 2209 162 2259 έτι
189 2202 256 2259 τὰ
286 2202 559 2275 ἀναγκαῖα
587 2209 810 2276 θετέον,
853 2210 1027 2269 οἰκίας
1043 2227 1102 2260 τε
1120 2207 1207 2259 καὶ
1231 2202 1420 2275 ἱμάτια
1440 2205 1531 2259 καὶ
1550 2202 1768 2276 ὑποδή-

84 2308 254 2358 ματα,
293 2285 431 2343 ἀλλὰ
460 2287 566 2359 τήν
591 2309 650 2343 τε
680 2291 1000 2359 ζωγραφίαν
1027 2289 1283 2358 κινητέον
1311 2287 1402 2342 καὶ
1430 2285 1645 2358 χρυσὸν
1674 2289 1767 2342 καὶ

82 2369 351 2438 ἐλέφαντα
370 2368 461 2424 καὶ
480 2366 659 2424 πάντα
678 2370 744 2424 τὰ
764 2375 991 2425 τοιαῦτα
1015 2371 1254 2440 κτητέον.
1278 2361 1315 2438 ἦ
1334 2367 1471 2437 γάρ;
1492 2372 1622 2435 Ναί,
1644 2371 1766 2438 ἔφη.
1800 2384 1833 2425 Β

90 2448 317 2505 Οὐκοῦν
340 2450 562 2520 μείζονά
593 2472 649 2506 τε
669 2444 743 2506 αὖ
762 2451 865 2522 τὴν
882 2450 1048 2507 πόλιν
1080 2454 1167 2506 δεῖ
1180 2461 1384 2514 ποιεῖν;
1406 2452 1586 2519 ἐκείνη
1605 2446 1713 2518 γάρ
1733 2444 1769 2518 ἡ

87 2527 301 2600 ὑγιεινὴ
324 2527 508 2585 οὐκέτι
528 2531 710 2602 ἱκανή,
731 2528 845 2588 ἀλλ’
867 2531 972 2603 ἤδη
993 2530 1167 2602 ὄγκου
1187 2531 1497 2602 ἐμπληστέα
1515 2531 1606 2584 καὶ
1627 2527 1770 2599 πλή-

84 2620 255 2682 θους,
297 2610 333 2666 ἃ
362 2610 547 2667 οὐκέτι
574 2618 674 2668 τοῦ
705 2611 1010 2684 ἀναγκαίου
1029 2614 1193 2670 ἕνεκά
1219 2616 1367 2669 ἐστιν
1386 2615 1448 2668 έν
1467 2623 1585 2677 ταῖς
1602 2610 1771 2668 πόλε-

88 2710 196 2764 σιν,
218 2690 339 2749 οἷον
359 2697 484 2748 οἵτε
505 2697 775 2764 θηρευταὶ
796 2694 1014 2763 πάντες,
1035 2699 1092 2751 οἵ
1106 2717 1162 2750 τε
1182 2699 1434 2766 μιμηταί,
1455 2694 1647 2750 πολλοὶ
1668 2691 1771 2765 μὲν

85 2777 144 2831 οἰ
168 2777 291 2846 περὶ
322 2773 388 2830 τὰ
421 2775 667 2846 σχήματά
699 2799 755 2832 τε
793 2779 882 2832 καὶ
921 2778 1206 2848 χρώματα,
1246 2778 1441 2833 πολλοὶ
1471 2778 1530 2832 δὲ
1558 2778 1615 2832 οἱ
1647 2775 1772 2845 περὶ

85 2856 378 2929 μουσικήν,
396 2863 620 2929 ποιηταί
631 2880 685 2913 τε
705 2861 795 2914 καὶ
813 2858 1025 2914 τούτων
1044 2857 1326 2932 ὑπηρέται,
1342 2860 1610 2932 ῥαψῳδοί,
1627 2854 1772 2912 ὑπο-
