<?xml version="1.0" encoding="UTF-8"?>
<!DOCTYPE html PUBLIC "-//W3C//DTD XHTML 1.0 Transitional//EN"
    "http://www.w3.org/TR/xhtml1/DTD/xhtml1-transitional.dtd">
<html xmlns="http://www.w3.org/1999/xhtml" xml:lang="en" lang="en">
 <head>
  <title>
</title>
<meta http-equiv="Content-Type" content="text/html;charset=utf-8" />
  <meta name='ocr-system' content='tesseract 3.04.00' />
  <meta name='ocr-capabilities' content='ocr_page ocr_carea ocr_par ocr_line ocrx_word'/>
</head>
<body>
  <div class='ocr_page' id='page_1' title='image "./dialogisecumdumt04platuoft_0419.png"; bbox 0 0 1962 3236; ppageno 0'>
   <div class='ocr_carea' id='block_1_1' title="bbox 24 138 1706 205">
    <p class='ocr_par' dir='ltr' id='par_1_1' title="bbox 24 138 1706 205">
     <span class='ocr_line' id='line_1_1' title="bbox 24 138 1706 205; baseline -0.007 -2"><span class='ocrx_word' id='word_1_1' title='bbox 24 161 86 205; x_wconf 77' lang='lat'><strong><em>65</em></strong></span> <span class='ocrx_word' id='word_1_2' title='bbox 680 145 1065 195; x_wconf 81' lang='grc' dir='ltr'><strong><em>ΤΙΜΑΙΟΣ.</em></strong></span> <span class='ocrx_word' id='word_1_3' title='bbox 1600 138 1706 192; x_wconf 79' lang='grc'><strong><em>383</em></strong></span> 
     </span>
    </p>
   </div>
   <div class='ocr_carea' id='block_1_2' title="bbox 19 276 1770 2885">
    <p class='ocr_par' dir='ltr' id='par_1_2' title="bbox 19 276 1770 2885">
     <span class='ocr_line' id='line_1_2' title="bbox 23 276 1704 353; baseline -0.008 -11"><span class='ocrx_word' id='word_1_4' title='bbox 23 307 125 342; x_wconf 92' lang='grc' dir='ltr'><strong><em>του</em></strong></span> <span class='ocrx_word' id='word_1_5' title='bbox 155 290 271 342; x_wconf 88' lang='grc' dir='ltr'><strong><em>τῶν</em></strong></span> <span class='ocrx_word' id='word_1_6' title='bbox 303 281 438 352; x_wconf 84' lang='grc' dir='ltr'><strong><em>παρ’</em></strong></span> <span class='ocrx_word' id='word_1_7' title='bbox 474 280 622 353; x_wconf 73' lang='grc' dir='ltr'><strong><em>ἡμῖν.</em></strong></span> <span class='ocrx_word' id='word_1_8' title='bbox 674 277 737 335; x_wconf 87' lang='grc' dir='ltr'>τό</span> <span class='ocrx_word' id='word_1_9' title='bbox 771 279 832 335; x_wconf 75' lang='grc' dir='ltr'><strong><em>δὲ</em></strong></span> <span class='ocrx_word' id='word_1_10' title='bbox 871 277 1052 334; x_wconf 87' lang='grc' dir='ltr'><strong><em>ὀστῶν</em></strong></span> <span class='ocrx_word' id='word_1_11' title='bbox 1086 277 1180 332; x_wconf 82' lang='grc' dir='ltr'><strong><em>καὶ</em></strong></span> <span class='ocrx_word' id='word_1_12' title='bbox 1210 281 1436 345; x_wconf 73' lang='grc' dir='ltr'><strong><em>σαρκῶν</em></strong></span> <span class='ocrx_word' id='word_1_13' title='bbox 1471 276 1565 331; x_wconf 81' lang='grc' dir='ltr'><strong><em>καὶ</em></strong></span> <span class='ocrx_word' id='word_1_14' title='bbox 1606 280 1704 345; x_wconf 84' lang='grc' dir='ltr'><strong><em>τῆς</em></strong></span> 
     </span>
     <span class='ocr_line' id='line_1_3' title="bbox 23 353 1767 437; baseline -0.007 -14"><span class='ocrx_word' id='word_1_15' title='bbox 23 367 281 437; x_wconf 82' lang='grc' dir='ltr'><strong><em>τοιαύτης</em></strong></span> <span class='ocrx_word' id='word_1_16' title='bbox 298 364 522 436; x_wconf 86' lang='grc' dir='ltr'><strong><em>φύσεως</em></strong></span> <span class='ocrx_word' id='word_1_17' title='bbox 538 364 662 432; x_wconf 79' lang='grc' dir='ltr'><strong><em>πέρι</em></strong></span> <span class='ocrx_word' id='word_1_18' title='bbox 678 360 856 431; x_wconf 87' lang='grc' dir='ltr'><strong><em>πάσης</em></strong></span> <span class='ocrx_word' id='word_1_19' title='bbox 877 353 986 415; x_wconf 80' lang='grc' dir='ltr'><strong><em>ῶδε</em></strong></span> <span class='ocrx_word' id='word_1_20' title='bbox 1011 364 1149 430; x_wconf 84' lang='grc' dir='ltr'><strong><em>ἔσχε.</em></strong></span> <span class='ocrx_word' id='word_1_21' title='bbox 1181 357 1398 423; x_wconf 83' lang='grc' dir='ltr'><strong><em>τούτοις</em></strong></span> <span class='ocrx_word' id='word_1_22' title='bbox 1426 356 1703 428; x_wconf 76' lang='grc' dir='ltr'><strong><em>ξύμπασιν</em></strong></span> <span class='ocrx_word' id='word_1_23' title='bbox 1736 377 1767 417; x_wconf 83' lang='grc' dir='ltr'>Β</span> 
     </span>
     <span class='ocr_line' id='line_1_4' title="bbox 25 439 1709 520; baseline -0.005 -16"><span class='ocrx_word' id='word_1_24' title='bbox 25 447 163 519; x_wconf 75' lang='grc' dir='ltr'><strong><em>ἀρχὴ</em></strong></span> <span class='ocrx_word' id='word_1_25' title='bbox 182 446 333 520; x_wconf 72' lang='grc' dir='ltr'><strong><em>μὲνὴ</em></strong></span> <span class='ocrx_word' id='word_1_26' title='bbox 364 451 467 502; x_wconf 91' lang='grc' dir='ltr'><strong><em>τοῦ</em></strong></span> <span class='ocrx_word' id='word_1_27' title='bbox 484 449 696 516; x_wconf 81' lang='grc' dir='ltr'><strong><em>μυελοῦ</em></strong></span> <span class='ocrx_word' id='word_1_28' title='bbox 714 444 1047 512; x_wconf 82' lang='grc' dir='ltr'><strong><em>γένεσις·οί</em></strong></span> <span class='ocrx_word' id='word_1_29' title='bbox 1076 439 1184 511; x_wconf 77' lang='grc' dir='ltr'><strong><em>γὰρ</em></strong></span> <span class='ocrx_word' id='word_1_30' title='bbox 1217 445 1319 496; x_wconf 84' lang='grc' dir='ltr'><strong><em>τοῦ</em></strong></span> <span class='ocrx_word' id='word_1_31' title='bbox 1353 444 1482 511; x_wconf 84' lang='grc' dir='ltr'><strong><em>βίου</em></strong></span> <span class='ocrx_word' id='word_1_32' title='bbox 1518 440 1709 509; x_wconf 78' lang='grc' dir='ltr'><strong><em>δεσμοὶ</em></strong></span> 
     </span>
     <span class='ocr_line' id='line_1_5' title="bbox 23 522 1710 602; baseline -0.006 -16"><span class='ocrx_word' id='word_1_33' title='bbox 23 536 121 602; x_wconf 83' lang='grc' dir='ltr'><strong><em>τῆς</em></strong></span> <span class='ocrx_word' id='word_1_34' title='bbox 139 534 318 600; x_wconf 77' lang='grc' dir='ltr'><strong><em>ψυχῆς</em></strong></span> <span class='ocrx_word' id='word_1_35' title='bbox 334 533 413 602; x_wconf 76' lang='grc' dir='ltr'><strong><em>τῷ</em></strong></span> <span class='ocrx_word' id='word_1_36' title='bbox 431 528 641 598; x_wconf 76' lang='grc' dir='ltr'><strong><em>σώματι</em></strong></span> <span class='ocrx_word' id='word_1_37' title='bbox 661 527 1035 594; x_wconf 83' lang='grc' dir='ltr'><strong><em>ξυνδουμένης</em></strong></span> <span class='ocrx_word' id='word_1_38' title='bbox 1061 525 1122 579; x_wconf 84' lang='grc' dir='ltr'><strong><em>έν</em></strong></span> <span class='ocrx_word' id='word_1_39' title='bbox 1141 522 1321 595; x_wconf 73' lang='grc' dir='ltr'><strong><em>τούτῳ</em></strong></span> <span class='ocrx_word' id='word_1_40' title='bbox 1353 522 1710 592; x_wconf 76' lang='grc' dir='ltr'><strong><em>διαθούμενοι</em></strong></span> 
     </span>
     <span class='ocr_line' id='line_1_6' title="bbox 26 588 1711 680; baseline -0.005 -14"><span class='ocrx_word' id='word_1_41' title='bbox 26 588 385 680; x_wconf 76' lang='grc' dir='ltr'><strong><em>κατερρίζουύ</em></strong></span> <span class='ocrx_word' id='word_1_42' title='bbox 402 607 464 663; x_wconf 81' lang='grc' dir='ltr'><strong><em>τὸ</em></strong></span> <span class='ocrx_word' id='word_1_43' title='bbox 482 604 699 678; x_wconf 75' lang='grc' dir='ltr'><strong><em>θνητὸν</em></strong></span> <span class='ocrx_word' id='word_1_44' title='bbox 716 608 901 675; x_wconf 88' lang='grc' dir='ltr'><strong><em>γένος·</em></strong></span> <span class='ocrx_word' id='word_1_45' title='bbox 939 602 1109 669; x_wconf 79' lang='grc' dir='ltr'><strong><em>αὐτὸς</em></strong></span> <span class='ocrx_word' id='word_1_46' title='bbox 1129 600 1232 659; x_wconf 67' lang='grc' dir='ltr'><strong><em>δὲ’</em></strong></span> <span class='ocrx_word' id='word_1_47' title='bbox 1206 625 1236 659; x_wconf 94' lang='grc' dir='ltr'><strong><em>ο</em></strong></span> <span class='ocrx_word' id='word_1_48' title='bbox 1257 601 1460 674; x_wconf 79' lang='grc' dir='ltr'><strong><em>μυελὸς</em></strong></span> <span class='ocrx_word' id='word_1_49' title='bbox 1478 605 1711 673; x_wconf 80' lang='grc' dir='ltr'><strong><em>γέγονεν</em></strong></span> 
     </span>
     <span class='ocr_line' id='line_1_7' title="bbox 26 684 1710 759; baseline -0.004 -11"><span class='ocrx_word' id='word_1_50' title='bbox 26 691 298 758; x_wconf 81' lang='grc' dir='ltr'><strong><em>έξαλλων.</em></strong></span> <span class='ocrx_word' id='word_1_51' title='bbox 350 695 466 745; x_wconf 86' lang='grc' dir='ltr'><strong><em>τῶν</em></strong></span> <span class='ocrx_word' id='word_1_52' title='bbox 499 687 607 759; x_wconf 78' lang='grc' dir='ltr'><strong><em>γάρ</em></strong></span> <span class='ocrx_word' id='word_1_53' title='bbox 643 687 933 757; x_wconf 71' lang='grc' dir='ltr'><strong><em>τριγώνων</em></strong></span> <span class='ocrx_word' id='word_1_54' title='bbox 968 685 1073 742; x_wconf 84' lang='grc' dir='ltr'><strong><em>ὅσα</em></strong></span> <span class='ocrx_word' id='word_1_55' title='bbox 1110 693 1300 754; x_wconf 88' lang='grc' dir='ltr'><strong><em>πρῶτα</em></strong></span> <span class='ocrx_word' id='word_1_56' title='bbox 1331 684 1583 757; x_wconf 79' lang='grc' dir='ltr'><strong><em>ἀστραβῆ</em></strong></span> <span class='ocrx_word' id='word_1_57' title='bbox 1618 686 1710 741; x_wconf 85' lang='grc' dir='ltr'><strong><em>καὶ</em></strong></span> 
     </span>
     <span class='ocr_line' id='line_1_8' title="bbox 28 766 1711 841; baseline -0.004 -11"><span class='ocrx_word' id='word_1_58' title='bbox 28 774 198 831; x_wconf 72' lang='grc' dir='ltr'><strong><em>λεῖα”</em></strong></span> <span class='ocrx_word' id='word_1_59' title='bbox 167 795 300 829; x_wconf 90' lang='grc' dir='ltr'><strong><em>οντα</em></strong></span> <span class='ocrx_word' id='word_1_60' title='bbox 318 779 431 841; x_wconf 91' lang='grc' dir='ltr'><strong><em>πῦρ</em></strong></span> <span class='ocrx_word' id='word_1_61' title='bbox 450 793 508 827; x_wconf 91' lang='grc' dir='ltr'><strong><em>τε</em></strong></span> <span class='ocrx_word' id='word_1_62' title='bbox 525 772 618 827; x_wconf 86' lang='grc' dir='ltr'><strong><em>καὶ</em></strong></span> <span class='ocrx_word' id='word_1_63' title='bbox 637 769 791 838; x_wconf 79' lang='grc' dir='ltr'><strong><em>υδωρ</em></strong></span> <span class='ocrx_word' id='word_1_64' title='bbox 810 772 902 825; x_wconf 81' lang='grc' dir='ltr'><strong><em>καὶ</em></strong></span> <span class='ocrx_word' id='word_1_65' title='bbox 921 766 1057 839; x_wconf 87' lang='grc' dir='ltr'><strong><em>άέρα</em></strong></span> <span class='ocrx_word' id='word_1_66' title='bbox 1075 770 1167 824; x_wconf 85' lang='grc' dir='ltr'><strong><em>καὶ</em></strong></span> <span class='ocrx_word' id='word_1_67' title='bbox 1193 775 1302 839; x_wconf 85' lang='grc' dir='ltr'><strong><em>γῆν</em></strong></span> <span class='ocrx_word' id='word_1_68' title='bbox 1330 767 1405 823; x_wconf 79' lang='grc' dir='ltr'><strong><em>δι’</em></strong></span> <span class='ocrx_word' id='word_1_69' title='bbox 1430 766 1711 840; x_wconf 74' lang='grc' dir='ltr'><strong><em>ἀκριβείας</em></strong></span> 
     </span>
     <span class='ocr_line' id='line_1_9' title="bbox 27 847 1710 928; baseline -0.004 -16"><span class='ocrx_word' id='word_1_70' title='bbox 27 857 262 928; x_wconf 90' lang='grc' dir='ltr'><strong><em>μάλιστα</em></strong></span> <span class='ocrx_word' id='word_1_71' title='bbox 297 848 369 927; x_wconf 83' lang='grc' dir='ltr'><strong><em>ἦν</em></strong></span> <span class='ocrx_word' id='word_1_72' title='bbox 405 863 707 923; x_wconf 77' lang='grc' dir='ltr'><strong><em>παρασχεῖν</em></strong></span> <span class='ocrx_word' id='word_1_73' title='bbox 739 852 977 922; x_wconf 78' lang='grc' dir='ltr'><strong><em>δυνατά,</em></strong></span> <span class='ocrx_word' id='word_1_74' title='bbox 1020 856 1193 906; x_wconf 85' lang='grc' dir='ltr'><strong><em>ταῦτα</em></strong></span> <span class='ocrx_word' id='word_1_75' title='bbox 1230 847 1259 904; x_wconf 89' lang='grc' dir='ltr'>ὁ</span> <span class='ocrx_word' id='word_1_76' title='bbox 1297 848 1431 914; x_wconf 83' lang='grc' dir='ltr'><strong><em>θεὸς</em></strong></span> <span class='ocrx_word' id='word_1_77' title='bbox 1461 847 1568 906; x_wconf 85' lang='grc' dir='ltr'><strong><em>άπὸ</em></strong></span> <span class='ocrx_word' id='word_1_78' title='bbox 1598 856 1710 905; x_wconf 88' lang='grc' dir='ltr'><strong><em>τῶν</em></strong></span> 
     </span>
     <span class='ocr_line' id='line_1_10' title="bbox 27 929 1709 1006; baseline -0.006 -11"><span class='ocrx_word' id='word_1_79' title='bbox 27 939 240 995; x_wconf 82' lang='grc' dir='ltr'><strong><em>ἑαυτῶν</em></strong></span> <span class='ocrx_word' id='word_1_80' title='bbox 261 939 461 992; x_wconf 80' lang='grc' dir='ltr'><strong><em>ἕκαστα</em></strong></span> <span class='ocrx_word' id='word_1_81' title='bbox 480 941 661 1006; x_wconf 80' lang='grc' dir='ltr'><strong><em>γενῶν</em></strong></span> <span class='ocrx_word' id='word_1_82' title='bbox 690 935 852 1004; x_wconf 85' lang='grc' dir='ltr'><strong><em>χωρὶς</em></strong></span> <span class='ocrx_word' id='word_1_83' title='bbox 872 932 1209 1002; x_wconf 81' lang='grc' dir='ltr'><strong><em>ἀποκρίνων,</em></strong></span> <span class='ocrx_word' id='word_1_84' title='bbox 1239 930 1437 1002; x_wconf 75' lang='grc' dir='ltr'><strong><em>μιγνὺς</em></strong></span> <span class='ocrx_word' id='word_1_85' title='bbox 1457 931 1517 987; x_wconf 78' lang='grc' dir='ltr'><strong><em>δὲ</em></strong></span> <span class='ocrx_word' id='word_1_86' title='bbox 1537 929 1709 1002; x_wconf 77' lang='grc' dir='ltr'><strong><em>ἀλλή-</em></strong></span> 
     </span>
     <span class='ocr_line' id='line_1_11' title="bbox 25 1013 1770 1115; baseline -0.005 -39"><span class='ocrx_word' id='word_1_87' title='bbox 25 1027 141 1085; x_wconf 87' lang='grc' dir='ltr'><strong><em>λοις</em></strong></span> <span class='ocrx_word' id='word_1_88' title='bbox 161 1020 454 1115; x_wconf 79' lang='grc' dir='ltr'><strong><em>ξύμμετρα,</em></strong></span> <span class='ocrx_word' id='word_1_89' title='bbox 475 1020 860 1085; x_wconf 85' lang='grc' dir='ltr'><strong><em>πανσπερμίαν</em></strong></span> <span class='ocrx_word' id='word_1_90' title='bbox 884 1017 1047 1070; x_wconf 89' lang='grc' dir='ltr'><strong><em>παντὶ</em></strong></span> <span class='ocrx_word' id='word_1_91' title='bbox 1065 1021 1259 1088; x_wconf 77' lang='grc' dir='ltr'><strong><em>θνητῷ</em></strong></span> <span class='ocrx_word' id='word_1_92' title='bbox 1277 1016 1426 1084; x_wconf 81' lang='grc' dir='ltr'><strong><em>γένει</em></strong></span> <span class='ocrx_word' id='word_1_93' title='bbox 1447 1013 1705 1086; x_wconf 75' lang='grc' dir='ltr'><strong><em>μηχανῶ·</em></strong></span> <span class='ocrx_word' id='word_1_94' title='bbox 1737 1023 1770 1066; x_wconf 78' lang='lat'><strong>0</strong></span> 
     </span>
     <span class='ocr_line' id='line_1_12' title="bbox 25 1093 1709 1173; baseline -0.005 -16"><span class='ocrx_word' id='word_1_95' title='bbox 25 1122 207 1173; x_wconf 87' lang='grc' dir='ltr'><strong><em>μενος,</em></strong></span> <span class='ocrx_word' id='word_1_96' title='bbox 229 1098 329 1155; x_wconf 86' lang='grc' dir='ltr'><strong><em>τὸν</em></strong></span> <span class='ocrx_word' id='word_1_97' title='bbox 353 1097 562 1169; x_wconf 84' lang='grc' dir='ltr'><strong><em>μυελὸν</em></strong></span> <span class='ocrx_word' id='word_1_98' title='bbox 580 1101 635 1163; x_wconf 84' lang='grc' dir='ltr'><strong><em>ἐξ</em></strong></span> <span class='ocrx_word' id='word_1_99' title='bbox 654 1094 840 1151; x_wconf 82' lang='grc' dir='ltr'><strong><em>αὐτῶν</em></strong></span> <span class='ocrx_word' id='word_1_100' title='bbox 865 1095 1255 1166; x_wconf 82' lang='grc' dir='ltr'><strong><em>ἀπειργάσατο,</em></strong></span> <span class='ocrx_word' id='word_1_101' title='bbox 1275 1098 1364 1150; x_wconf 82' lang='grc' dir='ltr'><strong><em>καὶ</em></strong></span> <span class='ocrx_word' id='word_1_102' title='bbox 1380 1093 1515 1166; x_wconf 77' lang='grc' dir='ltr'><strong><em>μετὰ</em></strong></span> <span class='ocrx_word' id='word_1_103' title='bbox 1534 1100 1709 1150; x_wconf 88' lang='grc' dir='ltr'><strong><em>ταῦτα</em></strong></span> 
     </span>
     <span class='ocr_line' id='line_1_13' title="bbox 26 1175 1709 1253; baseline -0.004 -16"><span class='ocrx_word' id='word_1_104' title='bbox 26 1181 95 1253; x_wconf 79' lang='grc' dir='ltr'><strong><em>δὴ</em></strong></span> <span class='ocrx_word' id='word_1_105' title='bbox 122 1179 385 1252; x_wconf 83' lang='grc' dir='ltr'><strong><em>φυτεύων</em></strong></span> <span class='ocrx_word' id='word_1_106' title='bbox 401 1182 462 1233; x_wconf 78' lang='grc' dir='ltr'><strong><em>έν</em></strong></span> <span class='ocrx_word' id='word_1_107' title='bbox 489 1175 638 1248; x_wconf 81' lang='grc' dir='ltr'><strong><em>αύτῷ</em></strong></span> <span class='ocrx_word' id='word_1_108' title='bbox 659 1180 871 1232; x_wconf 79' lang='grc' dir='ltr'><strong><em>κατέδει</em></strong></span> <span class='ocrx_word' id='word_1_109' title='bbox 889 1175 954 1231; x_wconf 83' lang='grc' dir='ltr'><strong><em>τὰ</em></strong></span> <span class='ocrx_word' id='word_1_110' title='bbox 974 1181 1089 1231; x_wconf 86' lang='grc' dir='ltr'><strong><em>τῶν</em></strong></span> <span class='ocrx_word' id='word_1_111' title='bbox 1110 1182 1304 1247; x_wconf 81' lang='grc' dir='ltr'><strong><em>ψυχῶν</em></strong></span> <span class='ocrx_word' id='word_1_112' title='bbox 1321 1179 1472 1247; x_wconf 83' lang='grc' dir='ltr'><strong><em>γένη,</em></strong></span> <span class='ocrx_word' id='word_1_113' title='bbox 1496 1176 1709 1247; x_wconf 88' lang='grc' dir='ltr'><strong><em>σχημά-</em></strong></span> 
     </span>
     <span class='ocr_line' id='line_1_14' title="bbox 23 1252 1707 1330; baseline -0.005 -10"><span class='ocrx_word' id='word_1_114' title='bbox 23 1284 139 1320; x_wconf 89' lang='grc' dir='ltr'><strong><em>των</em></strong></span> <span class='ocrx_word' id='word_1_115' title='bbox 172 1283 228 1317; x_wconf 92' lang='grc' dir='ltr'><strong><em>τε</em></strong></span> <span class='ocrx_word' id='word_1_116' title='bbox 250 1259 354 1317; x_wconf 90' lang='grc' dir='ltr'><strong><em>οσα</em></strong></span> <span class='ocrx_word' id='word_1_117' title='bbox 384 1264 607 1330; x_wconf 84' lang='grc' dir='ltr'><strong><em>ἔμελλεν</em></strong></span> <span class='ocrx_word' id='word_1_118' title='bbox 629 1252 703 1312; x_wconf 85' lang='grc' dir='ltr'><strong><em>αὖ</em></strong></span> <span class='ocrx_word' id='word_1_119' title='bbox 727 1258 952 1328; x_wconf 81' lang='grc' dir='ltr'><strong><em>σχήσειν</em></strong></span> <span class='ocrx_word' id='word_1_120' title='bbox 971 1254 1059 1313; x_wconf 86' lang='grc' dir='ltr'><strong><em>οἷά</em></strong></span> <span class='ocrx_word' id='word_1_121' title='bbox 1075 1279 1133 1312; x_wconf 89' lang='grc' dir='ltr'><strong><em>τε</em></strong></span> <span class='ocrx_word' id='word_1_122' title='bbox 1171 1255 1306 1312; x_wconf 83' lang='grc' dir='ltr'><strong><em>καθ’</em></strong></span> <span class='ocrx_word' id='word_1_123' title='bbox 1327 1259 1532 1313; x_wconf 80' lang='grc' dir='ltr'><strong><em>ἕκαστα</em></strong></span> <span class='ocrx_word' id='word_1_124' title='bbox 1570 1261 1707 1327; x_wconf 78' lang='grc' dir='ltr'><strong><em>εἴδη,</em></strong></span> 
     </span>
     <span class='ocr_line' id='line_1_15' title="bbox 25 1339 1709 1415; baseline -0.005 -14"><span class='ocrx_word' id='word_1_125' title='bbox 25 1347 125 1402; x_wconf 85' lang='grc' dir='ltr'><strong><em>τὸν</em></strong></span> <span class='ocrx_word' id='word_1_126' title='bbox 142 1341 349 1415; x_wconf 85' lang='grc' dir='ltr'><strong><em>μυελὸν</em></strong></span> <span class='ocrx_word' id='word_1_127' title='bbox 369 1339 543 1397; x_wconf 82' lang='grc' dir='ltr'><strong><em>αὐτὸν</em></strong></span> <span class='ocrx_word' id='word_1_128' title='bbox 561 1346 802 1396; x_wconf 78' lang='grc' dir='ltr'><strong><em>τοσαῦτα</em></strong></span> <span class='ocrx_word' id='word_1_129' title='bbox 822 1342 912 1395; x_wconf 84' lang='grc' dir='ltr'><strong><em>καὶ</em></strong></span> <span class='ocrx_word' id='word_1_130' title='bbox 932 1346 1159 1395; x_wconf 88' lang='grc' dir='ltr'><strong><em>τοιαῦτα</em></strong></span> <span class='ocrx_word' id='word_1_131' title='bbox 1184 1343 1428 1412; x_wconf 77' lang='grc' dir='ltr'><strong><em>διῃρεῖτο</em></strong></span> <span class='ocrx_word' id='word_1_132' title='bbox 1462 1341 1709 1411; x_wconf 87' lang='grc' dir='ltr'><strong><em>σχήματα</em></strong></span> 
     </span>
     <span class='ocr_line' id='line_1_16' title="bbox 25 1420 1708 1496; baseline -0.005 -12"><span class='ocrx_word' id='word_1_133' title='bbox 25 1427 202 1491; x_wconf 79' lang='grc' dir='ltr'><strong><em>εὐθὺς</em></strong></span> <span class='ocrx_word' id='word_1_134' title='bbox 221 1429 282 1482; x_wconf 82' lang='grc' dir='ltr'><strong><em>ἐν</em></strong></span> <span class='ocrx_word' id='word_1_135' title='bbox 299 1430 367 1496; x_wconf 84' lang='grc' dir='ltr'><strong><em>τῇ</em></strong></span> <span class='ocrx_word' id='word_1_136' title='bbox 389 1427 624 1495; x_wconf 80' lang='grc' dir='ltr'><strong><em>διανομῇ</em></strong></span> <span class='ocrx_word' id='word_1_137' title='bbox 644 1428 712 1494; x_wconf 81' lang='grc' dir='ltr'><strong><em>τῇ</em></strong></span> <span class='ocrx_word' id='word_1_138' title='bbox 731 1420 850 1477; x_wconf 88' lang='grc' dir='ltr'><strong><em>κατ’</em></strong></span> <span class='ocrx_word' id='word_1_139' title='bbox 876 1420 1060 1492; x_wconf 79' lang='grc' dir='ltr'><strong><em>ἀρχάς.</em></strong></span> <span class='ocrx_word' id='word_1_140' title='bbox 1093 1423 1184 1477; x_wconf 84' lang='grc' dir='ltr'><strong><em>καὶ</em></strong></span> <span class='ocrx_word' id='word_1_141' title='bbox 1213 1423 1314 1493; x_wconf 85' lang='grc' dir='ltr'><strong><em>τὴν</em></strong></span> <span class='ocrx_word' id='word_1_142' title='bbox 1342 1425 1445 1493; x_wconf 80' lang='grc' dir='ltr'><strong><em>μὲν</em></strong></span> <span class='ocrx_word' id='word_1_143' title='bbox 1465 1421 1527 1478; x_wconf 83' lang='grc' dir='ltr'><strong><em>τὸ</em></strong></span> <span class='ocrx_word' id='word_1_144' title='bbox 1548 1429 1708 1478; x_wconf 82' lang='grc' dir='ltr'><strong><em>θεῖον</em></strong></span> 
     </span>
     <span class='ocr_line' id='line_1_17' title="bbox 27 1502 1706 1580; baseline -0.004 -14"><span class='ocrx_word' id='word_1_145' title='bbox 27 1512 244 1580; x_wconf 83' lang='grc' dir='ltr'><strong><em>σπέρμα</em></strong></span> <span class='ocrx_word' id='word_1_146' title='bbox 270 1503 389 1563; x_wconf 76' lang='grc' dir='ltr'><strong><em>οἷον</em></strong></span> <span class='ocrx_word' id='word_1_147' title='bbox 406 1505 657 1576; x_wconf 80' lang='grc' dir='ltr'><strong><em>ἄρουραν</em></strong></span> <span class='ocrx_word' id='word_1_148' title='bbox 676 1507 984 1576; x_wconf 87' lang='grc' dir='ltr'><strong><em>μέλλουσαν</em></strong></span> <span class='ocrx_word' id='word_1_149' title='bbox 1004 1505 1147 1570; x_wconf 81' lang='grc' dir='ltr'><strong><em>ἕξειν</em></strong></span> <span class='ocrx_word' id='word_1_150' title='bbox 1171 1507 1234 1560; x_wconf 80' lang='grc' dir='ltr'><strong><em>ἐν</em></strong></span> <span class='ocrx_word' id='word_1_151' title='bbox 1261 1502 1402 1576; x_wconf 81' lang='grc' dir='ltr'><strong><em>αὐτῇ</em></strong></span> <span class='ocrx_word' id='word_1_152' title='bbox 1435 1511 1706 1575; x_wconf 83' lang='grc' dir='ltr'><strong><em>περιφερῆ</em></strong></span> 
     </span>
     <span class='ocr_line' id='line_1_18' title="bbox 25 1585 1770 1661; baseline -0.003 -13"><span class='ocrx_word' id='word_1_153' title='bbox 25 1595 274 1661; x_wconf 80' lang='grc' dir='ltr'><strong><em>πανταχῇ</em></strong></span> <span class='ocrx_word' id='word_1_154' title='bbox 294 1588 507 1654; x_wconf 81' lang='grc' dir='ltr'><strong><em>πλάσας</em></strong></span> <span class='ocrx_word' id='word_1_155' title='bbox 528 1587 846 1657; x_wconf 81' lang='grc' dir='ltr'><strong><em>ἐπωνόμασε</em></strong></span> <span class='ocrx_word' id='word_1_156' title='bbox 866 1590 968 1641; x_wconf 85' lang='grc' dir='ltr'><strong><em>τοῦ</em></strong></span> <span class='ocrx_word' id='word_1_157' title='bbox 990 1590 1202 1656; x_wconf 84' lang='grc' dir='ltr'><strong><em>μυελοῦ</em></strong></span> <span class='ocrx_word' id='word_1_158' title='bbox 1228 1586 1438 1656; x_wconf 88' lang='grc' dir='ltr'><strong><em>ταύτην</em></strong></span> <span class='ocrx_word' id='word_1_159' title='bbox 1454 1585 1557 1657; x_wconf 82' lang='grc' dir='ltr'><strong><em>τὴν</em></strong></span> <span class='ocrx_word' id='word_1_160' title='bbox 1580 1598 1703 1657; x_wconf 87' lang='grc' dir='ltr'><strong><em>μοῐ-</em></strong></span> <span class='ocrx_word' id='word_1_161' title='bbox 1734 1602 1770 1643; x_wconf 89' lang='lat' dir='ltr'><strong>D</strong></span> 
     </span>
     <span class='ocr_line' id='line_1_19' title="bbox 26 1664 1711 1743; baseline -0.003 -15"><span class='ocrx_word' id='word_1_162' title='bbox 26 1695 132 1743; x_wconf 90' lang='grc' dir='ltr'><strong><em>ραν</em></strong></span> <span class='ocrx_word' id='word_1_163' title='bbox 151 1674 475 1743; x_wconf 77' lang='grc' dir='ltr'><strong><em>ἐγκέφαλον,</em></strong></span> <span class='ocrx_word' id='word_1_164' title='bbox 497 1666 570 1734; x_wconf 77' lang='grc' dir='ltr'><strong><em>ὥς</em></strong></span> <span class='ocrx_word' id='word_1_165' title='bbox 588 1667 1051 1732; x_wconf 80' lang='grc' dir='ltr'><strong><em>άποτελεσθέντος</em></strong></span> <span class='ocrx_word' id='word_1_166' title='bbox 1071 1666 1308 1723; x_wconf 82' lang='grc' dir='ltr'><strong><em>ἑκάστου</em></strong></span> <span class='ocrx_word' id='word_1_167' title='bbox 1337 1666 1479 1733; x_wconf 77' lang='grc' dir='ltr'><strong><em>ζώου</em></strong></span> <span class='ocrx_word' id='word_1_168' title='bbox 1502 1664 1563 1723; x_wconf 82' lang='grc' dir='ltr'><strong><em>τὸ</em></strong></span> <span class='ocrx_word' id='word_1_169' title='bbox 1585 1669 1711 1737; x_wconf 82' lang='grc' dir='ltr'><strong><em>περὶ</em></strong></span> 
     </span>
     <span class='ocr_line' id='line_1_20' title="bbox 26 1744 1707 1824; baseline -0.004 -13"><span class='ocrx_word' id='word_1_170' title='bbox 26 1763 191 1812; x_wconf 91' lang='grc' dir='ltr'><strong><em>τοῦτο</em></strong></span> <span class='ocrx_word' id='word_1_171' title='bbox 213 1753 436 1824; x_wconf 84' lang='grc' dir='ltr'><strong><em>α’γγεῖον</em></strong></span> <span class='ocrx_word' id='word_1_172' title='bbox 456 1750 706 1822; x_wconf 83' lang='grc' dir='ltr'><strong><em>κεφαλὴν</em></strong></span> <span class='ocrx_word' id='word_1_173' title='bbox 727 1750 1132 1821; x_wconf 88' lang='grc' dir='ltr'><strong><em>γενησόμενον·</em></strong></span> <span class='ocrx_word' id='word_1_174' title='bbox 1171 1746 1200 1804; x_wconf 81' lang='grc' dir='ltr'>ὃ</span> <span class='ocrx_word' id='word_1_175' title='bbox 1227 1748 1279 1805; x_wconf 77' lang='grc' dir='ltr'><strong><em>δ’</em></strong></span> <span class='ocrx_word' id='word_1_176' title='bbox 1311 1744 1385 1805; x_wconf 86' lang='grc' dir='ltr'><strong><em>αὖ</em></strong></span> <span class='ocrx_word' id='word_1_177' title='bbox 1415 1749 1477 1805; x_wconf 85' lang='grc' dir='ltr'><strong><em>τὸ</em></strong></span> <span class='ocrx_word' id='word_1_178' title='bbox 1508 1748 1707 1805; x_wconf 84' lang='grc' dir='ltr'><strong><em>λοιπὸν</em></strong></span> 
     </span>
     <span class='ocr_line' id='line_1_21' title="bbox 24 1830 1707 1907; baseline -0.004 -14"><span class='ocrx_word' id='word_1_179' title='bbox 24 1840 115 1894; x_wconf 79' lang='grc' dir='ltr'><strong><em>καὶ</em></strong></span> <span class='ocrx_word' id='word_1_180' title='bbox 140 1833 358 1907; x_wconf 79' lang='grc' dir='ltr'><strong><em>θνητὸν</em></strong></span> <span class='ocrx_word' id='word_1_181' title='bbox 384 1842 479 1905; x_wconf 87' lang='grc' dir='ltr'><strong><em>τῆς</em></strong></span> <span class='ocrx_word' id='word_1_182' title='bbox 509 1840 686 1904; x_wconf 80' lang='grc' dir='ltr'><strong><em>ψυχῆς</em></strong></span> <span class='ocrx_word' id='word_1_183' title='bbox 716 1836 905 1903; x_wconf 82' lang='grc' dir='ltr'><strong><em>ἔμελλε</em></strong></span> <span class='ocrx_word' id='word_1_184' title='bbox 931 1834 1205 1901; x_wconf 81' lang='grc' dir='ltr'><strong><em>καθέξειν,</em></strong></span> <span class='ocrx_word' id='word_1_185' title='bbox 1243 1830 1355 1903; x_wconf 78' lang='grc' dir='ltr'><strong><em>ἅμα</em></strong></span> <span class='ocrx_word' id='word_1_186' title='bbox 1393 1832 1707 1903; x_wconf 85' lang='grc' dir='ltr'><strong><em>στρογγύλα</em></strong></span> 
     </span>
     <span class='ocr_line' id='line_1_22' title="bbox 23 1914 1709 1991; baseline -0.004 -14"><span class='ocrx_word' id='word_1_187' title='bbox 23 1924 114 1978; x_wconf 80' lang='grc' dir='ltr'><strong><em>καὶ</em></strong></span> <span class='ocrx_word' id='word_1_188' title='bbox 132 1919 390 1991; x_wconf 83' lang='grc' dir='ltr'><strong><em>προμήκη</em></strong></span> <span class='ocrx_word' id='word_1_189' title='bbox 411 1922 647 1990; x_wconf 78' lang='grc' dir='ltr'><strong><em>διῃρεττο</em></strong></span> <span class='ocrx_word' id='word_1_190' title='bbox 667 1917 913 1988; x_wconf 88' lang='grc' dir='ltr'><strong><em>σχήματα</em></strong></span> <span class='ocrx_word' id='word_1_191' title='bbox 926 1960 942 1987; x_wconf 84' lang='lat'>‚</span> <span class='ocrx_word' id='word_1_192' title='bbox 972 1914 1181 1987; x_wconf 84' lang='grc' dir='ltr'><strong><em>μυελὸν</em></strong></span> <span class='ocrx_word' id='word_1_193' title='bbox 1201 1916 1261 1972; x_wconf 71' lang='grc' dir='ltr'><strong><em>δὲ</em></strong></span> <span class='ocrx_word' id='word_1_194' title='bbox 1290 1916 1470 1972; x_wconf 88' lang='grc' dir='ltr'><strong><em>πάντα</em></strong></span> <span class='ocrx_word' id='word_1_195' title='bbox 1498 1915 1709 1986; x_wconf 77' lang='grc' dir='ltr'><strong><em>ἐπεφή-</em></strong></span> 
     </span>
     <span class='ocr_line' id='line_1_23' title="bbox 23 1998 1706 2075; baseline -0.004 -16"><span class='ocrx_word' id='word_1_196' title='bbox 23 2018 166 2075; x_wconf 86' lang='grc' dir='ltr'><strong><em>μισε,</em></strong></span> <span class='ocrx_word' id='word_1_197' title='bbox 203 2003 294 2057; x_wconf 79' lang='grc' dir='ltr'><strong><em>καὶ</em></strong></span> <span class='ocrx_word' id='word_1_198' title='bbox 331 2000 587 2069; x_wconf 81' lang='grc' dir='ltr'><strong><em>καθάπερ</em></strong></span> <span class='ocrx_word' id='word_1_199' title='bbox 623 2003 678 2065; x_wconf 82' lang='grc' dir='ltr'><strong><em>ἐξ</em></strong></span> <span class='ocrx_word' id='word_1_200' title='bbox 720 1998 982 2070; x_wconf 82' lang='grc' dir='ltr'><strong><em>ἀγκυρῶν</em></strong></span> <span class='ocrx_word' id='word_1_201' title='bbox 1016 1999 1356 2070; x_wconf 84' lang='grc' dir='ltr'><strong><em>βαλλόμενος</em></strong></span> <span class='ocrx_word' id='word_1_202' title='bbox 1392 2000 1451 2054; x_wconf 79' lang='grc' dir='ltr'><strong><em>ἐκ</em></strong></span> <span class='ocrx_word' id='word_1_203' title='bbox 1489 1998 1706 2053; x_wconf 84' lang='grc' dir='ltr'><strong><em>τούτων</em></strong></span> 
     </span>
     <span class='ocr_line' id='line_1_24' title="bbox 21 2077 1708 2155; baseline -0.004 -15"><span class='ocrx_word' id='word_1_204' title='bbox 21 2084 202 2155; x_wconf 80' lang='grc' dir='ltr'><strong><em>πάσης</em></strong></span> <span class='ocrx_word' id='word_1_205' title='bbox 224 2087 402 2153; x_wconf 75' lang='grc' dir='ltr'><strong><em>ψυχῆς</em></strong></span> <span class='ocrx_word' id='word_1_206' title='bbox 433 2080 670 2151; x_wconf 77' lang='grc' dir='ltr'><strong><em>δεσμοὺς</em></strong></span> <span class='ocrx_word' id='word_1_207' title='bbox 698 2082 822 2148; x_wconf 82' lang='grc' dir='ltr'><strong><em>περὶ</em></strong></span> <span class='ocrx_word' id='word_1_208' title='bbox 846 2086 1010 2134; x_wconf 87' lang='grc' dir='ltr'><strong><em>τοῦτο</em></strong></span> <span class='ocrx_word' id='word_1_209' title='bbox 1047 2078 1268 2150; x_wconf 78' lang='grc' dir='ltr'><strong><em>ξύμπαν</em></strong></span> <span class='ocrx_word' id='word_1_210' title='bbox 1302 2079 1407 2150; x_wconf 81' lang='grc' dir='ltr'><strong><em>ἤδη</em></strong></span> <span class='ocrx_word' id='word_1_211' title='bbox 1444 2077 1506 2134; x_wconf 85' lang='grc' dir='ltr'><strong><em>τὸ</em></strong></span> <span class='ocrx_word' id='word_1_212' title='bbox 1548 2083 1708 2148; x_wconf 84' lang='grc' dir='ltr'><strong><em>σῶμα</em></strong></span> 
     </span>
     <span class='ocr_line' id='line_1_25' title="bbox 19 2157 1708 2237; baseline -0.004 -17"><span class='ocrx_word' id='word_1_213' title='bbox 19 2162 180 2237; x_wconf 78' lang='grc' dir='ltr'><strong><em>ἡμῶν</em></strong></span> <span class='ocrx_word' id='word_1_214' title='bbox 193 2164 562 2234; x_wconf 75' lang='grc' dir='ltr'><strong><em>ἀπειργάζετο,</em></strong></span> <span class='ocrx_word' id='word_1_215' title='bbox 576 2164 853 2232; x_wconf 86' lang='grc' dir='ltr'><strong><em>στέγασμα</em></strong></span> <span class='ocrx_word' id='word_1_216' title='bbox 867 2160 967 2232; x_wconf 72' lang='grc' dir='ltr'><strong><em>μὲν</em></strong></span> <span class='ocrx_word' id='word_1_217' title='bbox 983 2161 1136 2232; x_wconf 75' lang='grc' dir='ltr'><strong><em>αύτῷ</em></strong></span> <span class='ocrx_word' id='word_1_218' title='bbox 1149 2167 1371 2229; x_wconf 87' lang='grc' dir='ltr'><strong><em>πρῶτον</em></strong></span> <span class='ocrx_word' id='word_1_219' title='bbox 1386 2157 1708 2231; x_wconf 81' lang='grc' dir='ltr'><strong><em>ξυμπηγνύς</em></strong></span> 
     </span>
     <span class='ocr_line' id='line_1_26' title="bbox 23 2234 1764 2316; baseline -0.001 -14"><span class='ocrx_word' id='word_1_220' title='bbox 23 2251 322 2316; x_wconf 80' lang='grc' dir='ltr'><strong><em>περίβολον</em></strong></span> <span class='ocrx_word' id='word_1_221' title='bbox 354 2241 632 2299; x_wconf 76' lang='grc' dir='ltr'><strong><em>ὀστέτνον·</em></strong></span> <span class='ocrx_word' id='word_1_222' title='bbox 670 2242 731 2299; x_wconf 83' lang='grc' dir='ltr'><strong><em>τὸ</em></strong></span> <span class='ocrx_word' id='word_1_223' title='bbox 764 2247 822 2298; x_wconf 79' lang='grc' dir='ltr'><strong><em>δὲ</em></strong></span> <span class='ocrx_word' id='word_1_224' title='bbox 854 2241 1060 2299; x_wconf 84' lang='grc' dir='ltr'><strong><em>ὀστοῦν</em></strong></span> <span class='ocrx_word' id='word_1_225' title='bbox 1090 2246 1407 2314; x_wconf 82' lang='grc' dir='ltr'><strong><em>ξυνίστησιν</em></strong></span> <span class='ocrx_word' id='word_1_226' title='bbox 1439 2234 1560 2298; x_wconf 77' lang='grc' dir='ltr'><strong><em>ωδε.</em></strong></span> <span class='ocrx_word' id='word_1_227' title='bbox 1599 2247 1706 2312; x_wconf 85' lang='grc' dir='ltr'><strong><em>γῆν</em></strong></span> <span class='ocrx_word' id='word_1_228' title='bbox 1731 2261 1764 2301; x_wconf 75' lang='grc' dir='ltr'>Ε</span> 
     </span>
     <span class='ocr_line' id='line_1_27' title="bbox 26 2323 1704 2397; baseline -0.002 -16"><span class='ocrx_word' id='word_1_229' title='bbox 26 2327 315 2396; x_wconf 82' lang='grc' dir='ltr'><strong><em>διαττήσας</em></strong></span> <span class='ocrx_word' id='word_1_230' title='bbox 341 2323 601 2393; x_wconf 77' lang='grc' dir='ltr'><strong><em>καθαραν</em></strong></span> <span class='ocrx_word' id='word_1_231' title='bbox 620 2327 710 2380; x_wconf 87' lang='grc' dir='ltr'><strong><em>καὶ</em></strong></span> <span class='ocrx_word' id='word_1_232' title='bbox 730 2331 884 2380; x_wconf 86' lang='grc' dir='ltr'><strong><em>λείαν</em></strong></span> <span class='ocrx_word' id='word_1_233' title='bbox 906 2326 1151 2395; x_wconf 81' lang='grc' dir='ltr'><strong><em>ἑφύρασε</em></strong></span> <span class='ocrx_word' id='word_1_234' title='bbox 1171 2326 1262 2381; x_wconf 80' lang='grc' dir='ltr'><strong><em>καὶ</em></strong></span> <span class='ocrx_word' id='word_1_235' title='bbox 1282 2328 1472 2380; x_wconf 77' lang='grc' dir='ltr'><strong><em>ἔδευσε</em></strong></span> <span class='ocrx_word' id='word_1_236' title='bbox 1501 2328 1704 2397; x_wconf 73' lang='grc' dir='ltr'><strong><em>μυελῷ,</em></strong></span> 
     </span>
     <span class='ocr_line' id='line_1_28' title="bbox 26 2404 1705 2477; baseline -0.002 -15"><span class='ocrx_word' id='word_1_237' title='bbox 26 2409 115 2463; x_wconf 78' lang='grc' dir='ltr'><strong><em>καὶ</em></strong></span> <span class='ocrx_word' id='word_1_238' title='bbox 136 2405 267 2477; x_wconf 76' lang='grc' dir='ltr'><strong><em>μετὰ</em></strong></span> <span class='ocrx_word' id='word_1_239' title='bbox 288 2413 450 2462; x_wconf 89' lang='grc' dir='ltr'><strong><em>τοῦτο</em></strong></span> <span class='ocrx_word' id='word_1_240' title='bbox 481 2411 556 2470; x_wconf 81' lang='grc' dir='ltr'><strong><em>εἰς</em></strong></span> <span class='ocrx_word' id='word_1_241' title='bbox 576 2411 690 2474; x_wconf 88' lang='grc' dir='ltr'><strong><em>πῦρ</em></strong></span> <span class='ocrx_word' id='word_1_242' title='bbox 711 2404 846 2460; x_wconf 84' lang='grc' dir='ltr'><strong><em>αὐτὸ</em></strong></span> <span class='ocrx_word' id='word_1_243' title='bbox 882 2408 1158 2476; x_wconf 76' lang='grc' dir='ltr'><strong><em>ἐντίθησι,</em></strong></span> <span class='ocrx_word' id='word_1_244' title='bbox 1188 2428 1286 2477; x_wconf 85' lang='grc' dir='ltr'><strong><em>μετ</em></strong></span> <span class='ocrx_word' id='word_1_245' title='bbox 1295 2404 1509 2461; x_wconf 82' lang='grc' dir='ltr'><strong><em>’έκεῖνο</em></strong></span> <span class='ocrx_word' id='word_1_246' title='bbox 1542 2406 1600 2459; x_wconf 68' lang='grc' dir='ltr'><strong><em>δὲ</em></strong></span> <span class='ocrx_word' id='word_1_247' title='bbox 1630 2408 1705 2468; x_wconf 83' lang='grc' dir='ltr'><strong><em>εἰς</em></strong></span> 
     </span>
     <span class='ocr_line' id='line_1_29' title="bbox 24 2480 1706 2559; baseline -0.002 -15"><span class='ocrx_word' id='word_1_248' title='bbox 24 2486 179 2557; x_wconf 75' lang='grc' dir='ltr'><strong><em>ὕδωρ</em></strong></span> <span class='ocrx_word' id='word_1_249' title='bbox 218 2487 431 2559; x_wconf 85' lang='grc' dir='ltr'><strong><em>βάπτει,</em></strong></span> <span class='ocrx_word' id='word_1_250' title='bbox 477 2487 643 2543; x_wconf 87' lang='grc' dir='ltr'><strong><em>πάλιν</em></strong></span> <span class='ocrx_word' id='word_1_251' title='bbox 671 2485 729 2542; x_wconf 76' lang='grc' dir='ltr'><strong><em>δὲ</em></strong></span> <span class='ocrx_word' id='word_1_252' title='bbox 759 2491 834 2551; x_wconf 84' lang='grc' dir='ltr'><strong><em>εἰς</em></strong></span> <span class='ocrx_word' id='word_1_253' title='bbox 863 2491 977 2556; x_wconf 89' lang='grc' dir='ltr'><strong><em>πῦρ</em></strong></span> <span class='ocrx_word' id='word_1_254' title='bbox 1004 2480 1172 2551; x_wconf 77' lang='grc' dir='ltr'><strong><em>αὖθίς</em></strong></span> <span class='ocrx_word' id='word_1_255' title='bbox 1205 2506 1262 2542; x_wconf 88' lang='grc' dir='ltr'><strong><em>τε</em></strong></span> <span class='ocrx_word' id='word_1_256' title='bbox 1295 2491 1370 2551; x_wconf 84' lang='grc' dir='ltr'><strong><em>εἰς</em></strong></span> <span class='ocrx_word' id='word_1_257' title='bbox 1389 2484 1570 2555; x_wconf 77' lang='grc' dir='ltr'><strong><em>ὕδωρ·</em></strong></span> <span class='ocrx_word' id='word_1_258' title='bbox 1606 2505 1706 2555; x_wconf 82' lang='grc' dir='ltr'><strong><em>με·-</em></strong></span> 
     </span>
     <span class='ocr_line' id='line_1_30' title="bbox 24 2565 1705 2637; baseline -0.003 -13"><span class='ocrx_word' id='word_1_259' title='bbox 24 2572 281 2637; x_wconf 83' lang='grc' dir='ltr'><strong><em>ταφέρων</em></strong></span> <span class='ocrx_word' id='word_1_260' title='bbox 301 2566 352 2623; x_wconf 79' lang='grc' dir='ltr'><strong><em>δ’</em></strong></span> <span class='ocrx_word' id='word_1_261' title='bbox 377 2566 524 2624; x_wconf 78' lang='grc' dir='ltr'><strong><em>οὕτω</em></strong></span> <span class='ocrx_word' id='word_1_262' title='bbox 544 2569 806 2632; x_wconf 83' lang='grc' dir='ltr'><strong><em>πολλάκις</em></strong></span> <span class='ocrx_word' id='word_1_263' title='bbox 827 2572 903 2631; x_wconf 86' lang='grc' dir='ltr'><strong><em>είς</em></strong></span> <span class='ocrx_word' id='word_1_264' title='bbox 922 2566 1183 2635; x_wconf 76' lang='grc' dir='ltr'><strong><em>ἑκάτερον</em></strong></span> <span class='ocrx_word' id='word_1_265' title='bbox 1211 2565 1308 2622; x_wconf 85' lang='grc' dir='ltr'><strong><em>ὑπ’</em></strong></span> <span class='ocrx_word' id='word_1_266' title='bbox 1333 2565 1542 2637; x_wconf 76' lang='grc' dir='ltr'><strong><em>ἀμφοῖν</em></strong></span> <span class='ocrx_word' id='word_1_267' title='bbox 1572 2565 1705 2636; x_wconf 73' lang='grc' dir='ltr'><strong><em>ἄτη-</em></strong></span> 
     </span>
     <span class='ocr_line' id='line_1_31' title="bbox 23 2648 1704 2723; baseline -0.002 -17"><span class='ocrx_word' id='word_1_268' title='bbox 23 2672 159 2706; x_wconf 87' lang='grc' dir='ltr'><strong><em>κτον</em></strong></span> <span class='ocrx_word' id='word_1_269' title='bbox 177 2649 560 2719; x_wconf 72' lang='grc' dir='ltr'><strong><em>ἀπειργάσατο.</em></strong></span> <span class='ocrx_word' id='word_1_270' title='bbox 598 2649 1016 2720; x_wconf 74' lang='grc' dir='ltr'><strong><em>καταχρώμενος</em></strong></span> <span class='ocrx_word' id='word_1_271' title='bbox 1036 2649 1102 2720; x_wconf 76' lang='grc' dir='ltr'><strong><em>δὴ</em></strong></span> <span class='ocrx_word' id='word_1_272' title='bbox 1123 2649 1300 2723; x_wconf 78' lang='grc' dir='ltr'><strong><em>τούτῳ</em></strong></span> <span class='ocrx_word' id='word_1_273' title='bbox 1321 2650 1443 2717; x_wconf 80' lang='grc' dir='ltr'><strong><em>περὶ</em></strong></span> <span class='ocrx_word' id='word_1_274' title='bbox 1473 2648 1575 2719; x_wconf 77' lang='grc' dir='ltr'><strong><em>μὲν</em></strong></span> <span class='ocrx_word' id='word_1_275' title='bbox 1604 2648 1704 2704; x_wconf 84' lang='grc' dir='ltr'><strong><em>τὸν</em></strong></span> 
     </span>
     <span class='ocr_line' id='line_1_32' title="bbox 23 2728 1702 2802; baseline -0.001 -15"><span class='ocrx_word' id='word_1_276' title='bbox 23 2733 334 2802; x_wconf 76' lang='grc' dir='ltr'><strong><em>ἐγκέφαλον</em></strong></span> <span class='ocrx_word' id='word_1_277' title='bbox 390 2731 566 2786; x_wconf 81' lang='grc' dir='ltr'><strong><em>αὐτοῦ</em></strong></span> <span class='ocrx_word' id='word_1_278' title='bbox 619 2743 865 2802; x_wconf 85' lang='grc' dir='ltr'><strong><em>σφαῖραν</em></strong></span> <span class='ocrx_word' id='word_1_279' title='bbox 922 2731 1375 2801; x_wconf 89' lang='grc' dir='ltr'><strong><em>περιετόρνευσεν</em></strong></span> <span class='ocrx_word' id='word_1_280' title='bbox 1427 2728 1702 2801; x_wconf 81' lang='grc' dir='ltr'><strong><em>ὀστεΐνην,</em></strong></span> 
     </span>
     <span class='ocr_line' id='line_1_33' title="bbox 24 2808 1703 2885; baseline -0.001 -18"><span class='ocrx_word' id='word_1_281' title='bbox 24 2813 198 2885; x_wconf 81' lang='grc' dir='ltr'><strong><em>ταύτῃ</em></strong></span> <span class='ocrx_word' id='word_1_282' title='bbox 235 2815 293 2868; x_wconf 75' lang='grc' dir='ltr'><strong><em>δὲ</em></strong></span> <span class='ocrx_word' id='word_1_283' title='bbox 331 2812 532 2885; x_wconf 82' lang='grc' dir='ltr'><strong><em>στενὴν</em></strong></span> <span class='ocrx_word' id='word_1_284' title='bbox 581 2815 828 2879; x_wconf 74' lang='grc' dir='ltr'><strong><em>διέξοδον</em></strong></span> <span class='ocrx_word' id='word_1_285' title='bbox 874 2818 1243 2869; x_wconf 83' lang='grc' dir='ltr'><strong><em>κατελείπετο·</em></strong></span> <span class='ocrx_word' id='word_1_286' title='bbox 1296 2813 1386 2868; x_wconf 85' lang='grc' dir='ltr'><strong><em>καὶ</em></strong></span> <span class='ocrx_word' id='word_1_287' title='bbox 1434 2814 1557 2882; x_wconf 83' lang='grc' dir='ltr'><strong><em>περὶ</em></strong></span> <span class='ocrx_word' id='word_1_288' title='bbox 1601 2808 1703 2867; x_wconf 83' lang='grc' dir='ltr'><strong><em>τὸν</em></strong></span> 
     </span>
    </p>
   </div>
  </div>
 </body>
</html>
