1962 3236
0 0 52 47 ς.

33 163 90 209 91
431 155 639 202 ΠΕΡΙ
677 154 963 203 ΨΤΧΑΣ
993 153 1308 203 ΚΟΣΜΩ.
1611 155 1718 209 409

30 293 244 358 πρᾶτον
262 286 295 343 ὅ
313 292 371 343 τί
384 308 487 355 περ
505 285 567 342 τὸ
596 290 782 355 τρίτον
801 283 924 341 ποτ’
948 283 1101 355 αὐτό,
1126 285 1440 343 κάνάπαλιν
1460 291 1551 344 καὶ
1570 310 1715 358 παρ-

29 369 199 436 αλλὰξ
223 368 344 426 κατ’
368 369 680 440 ἐφάρμοσιν
696 366 884 424 τόπων
910 368 1002 422 καὶ
1023 366 1216 434 τάξιος.
1252 373 1426 424 ταῦτα
1455 367 1509 424 δ’
1544 366 1716 438 άριθ-

28 451 262 522 μήμεναι
292 449 364 521 μὴ
393 447 510 520 μετ’
544 452 856 519 ἰσοκρατίας
884 444 1172 518 ἀμάχανον
1197 454 1388 505 παντί·
1423 442 1488 506 εὖ
1520 448 1571 505 δ’
1607 454 1713 520 ἔχει

28 534 118 587 καὶ
137 531 299 587 καττὸ
322 536 499 603 σχῆμα
526 532 617 586 καὶ
641 527 849 585 καττὰν
874 534 1112 599 κίνασιν,
1142 529 1275 586 καθ’
1310 530 1343 586 ὃ
1372 532 1475 601 μὲν
1504 542 1713 602 σφαῖρα

28 611 113 681 ὅν,
136 609 210 677 ώς
248 611 444 683 ὅμοιον
482 609 618 666 αὐτὸ
650 607 800 682 αὐτῷ
828 616 1012 682 παντᾷ
1036 608 1187 681 εἶμεν
1215 613 1307 667 καὶ
1335 611 1516 667 πάντα
1537 605 1711 667 τᾶλλα

26 691 293 764 ὁμογενέα
312 692 559 762 σχήματα
577 696 765 762 χωρῆν
778 689 1077 760 δύνασθαι,
1090 690 1225 746 καθ’
1247 689 1319 747 ἂν
1339 692 1399 748 δὲ
1418 692 1710 761 ἐγκύκλιον
1739 707 1776 750 D

26 772 337 845 μεταβολάν
355 770 626 828 ἀποδιδὸν
646 769 722 827 δι’
745 776 960 836 αἰῶνος.
999 770 1159 842 μώνα
1190 772 1250 827 δὲ
1278 770 1311 826 ἁ
1344 784 1554 843 σφαῖρα
1583 773 1714 829 ἐδύ-

25 876 159 911 νατο
188 857 280 911 καὶ
301 852 588 926 ἆρεμέωσα
607 855 698 908 καὶ
724 855 999 923 κινωμένα
1023 855 1084 907 ἐν
1102 857 1173 924 τᾷ
1192 852 1336 923 αὐτᾷ
1360 853 1713 924 συναρμόσεν

22 935 192 1008 χώρᾳ,
216 934 286 1000 ὡς
304 934 380 1006 μή
398 954 545 990 ποκα
570 932 839 989 άπολιπὲν
859 934 994 1004 μήτε
1010 933 1296 1004 λαμβάνεν
1323 933 1496 989 ἄλλον
1519 935 1709 1004 τόπον,

23 1023 99 1091 τῷ
122 1019 180 1073 ἐκ
202 1023 374 1089 μέσον
393 1024 517 1073 ἴσον
537 1013 687 1086 εἶμεν
707 1019 904 1088 παντᾷ.
938 1015 1221 1070 λειότατον
1243 1013 1295 1070 δ’
1317 1010 1387 1070 ὂν
1406 1013 1528 1069 ποτ’
1552 1013 1713 1092 άκρί-

24 1104 182 1169 βειαν
202 1096 406 1154 καττὰν
425 1097 578 1162 ἐκτὸς
597 1096 925 1166 ἐπιφάνειαν
944 1095 1014 1152 οὐ
1034 1099 1340 1152 ποτιδέεται
1356 1102 1590 1152 θνατῶν
1609 1095 1711 1166 ὀρ-

22 1180 231 1250 γάνων,
259 1177 296 1233 ἃ
314 1179 403 1233 διὰ
424 1176 520 1242 τὰς
537 1183 722 1247 χρείας
745 1189 857 1242 τοῖς
887 1176 1074 1243 ἄλλοις
1105 1177 1262 1244 ζώοις
1290 1178 1628 1248 ποτάρτηταί
1651 1198 1709 1232 τε

25 1262 117 1317 καὶ
138 1264 367 1316 διᾶκται.

163 1345 242 1395 IV.
288 1338 404 1395 Τοὶν
425 1338 483 1395 δὲ
508 1344 584 1395 τώ
603 1339 794 1410 κόσμω
814 1338 998 1409 ψυχὰν
1018 1339 1263 1409 μεσόθεν
1281 1342 1481 1406 ἐξάψας
1501 1341 1710 1410 ἐπάγα-
1738 1358 1773 1399 Ε

23 1444 123 1493 γεν
141 1425 259 1489 ἔξω,
281 1419 656 1490 περικαλύψας
673 1419 848 1476 αὐτὸν
866 1418 1002 1475 ὅλον
1021 1417 1181 1493 αὐτᾷ,
1211 1426 1395 1492 κρᾶμα
1418 1418 1596 1476 αὐτὰν
1615 1443 1709 1476 κε-

26 1504 335 1573 ρασάμενος
363 1507 423 1558 ἔκ
452 1523 508 1557 τε
526 1507 624 1566 τοῖς
652 1500 925 1571 ἀμερίστω
954 1506 1174 1571 μορφᾶς
1204 1503 1296 1558 καὶ
1325 1508 1422 1566 τᾶς
1452 1507 1710 1574 μεριστάς

25 1583 231 1654 οὐσίας,
249 1582 321 1649 ὡς
339 1587 402 1639 ἓν
419 1590 603 1655 κρᾶμα
622 1585 682 1639 ἐκ
704 1583 806 1638 δύο
819 1585 1060 1639 τουτέων
1080 1582 1245 1653 εἶμεν·
1269 1576 1315 1658 ᾦ
1334 1587 1582 1655 ποτέμιξε
1603 1585 1705 1640 δύο
1734 1603 1796 1649 96

24 1667 286 1736 δυνάμεις
305 1665 474 1736 ἀρχὰς
493 1670 776 1734 κινασίων,
796 1670 893 1731 τᾶς
910 1686 969 1720 τε
987 1687 1050 1719 τα
1060 1662 1172 1719 ὐτῶ
1190 1667 1281 1721 καὶ
1310 1672 1407 1731 τοῖς
1425 1673 1503 1722 τω
1522 1667 1705 1736 ἑτέρω,

23 1746 59 1803 ἃ
79 1749 167 1803 καὶ
188 1748 487 1819 δύσμικτος
504 1749 637 1802 έᾶσα
660 1743 765 1801 οὐκ
798 1748 857 1801 ἐκ
886 1751 961 1801 τῶ
989 1745 1172 1818 ρᾴστω
1193 1751 1569 1818 συνεκίρνατο.
1609 1748 1708 1802 λό-

22 1851 110 1899 γοι
133 1828 185 1884 δ’
217 1833 330 1885 οἵδε
351 1829 551 1893 πάντες
579 1831 690 1885 ἐντὶ
719 1824 840 1883 κατ’
882 1825 1134 1897 ἀριθμως
1161 1825 1475 1899 ἁρμονικῶς
1506 1846 1709 1899 συγκε-

22 1914 308 1982 κραμένοι·
345 1909 417 1977 ὥς
442 1911 617 1980 λόγως
645 1909 783 1965 κατὰ
807 1919 1007 1979 μοῖραν
1039 1909 1306 1981 διαιρήκει
1331 1908 1452 1965 ποτ’
1486 1910 1709 1965 ἐπιστά-

22 2015 152 2063 μαν,
176 1990 247 2056 ὡς
271 1992 345 2062 μὴ
366 1990 578 2062 ἆγνοῆν
605 1994 659 2057 ἐξ
679 1984 759 2046 ὦν
787 1988 822 2045 ἆ
850 1991 996 2062 ψυχὰ
1028 1993 1118 2046 καὶ
1151 1989 1225 2046 δι’
1261 1983 1341 2046 ὦν
1362 1991 1708 2047 ·συνεστάκει.

22 2070 93 2129 ἂν
112 2072 212 2143 οὐχ
230 2071 469 2142 ὑστέραν
492 2078 588 2136 τᾶς
608 2077 919 2142 σωματικᾶς
942 2069 1131 2136 οὐσίας
1151 2072 1482 2138 συνετάξατο
1504 2070 1533 2128 ὁ
1554 2071 1707 2142 θεός,

22 2152 208 2224 ὥσπερ
234 2156 458 2224 λέγομες
473 2150 623 2223 ἁμές,
642 2152 918 2223 πρότερον
930 2152 1037 2223 γὰρ
1059 2154 1119 2207 τό
1142 2152 1467 2223 τιμιώτερον
1490 2154 1583 2209 καὶ
1602 2156 1704 2208 δυ-
1730 2167 1766 2209 Β

21 2235 185 2306 νάμει
217 2237 308 2290 καὶ
337 2234 540 2307 χρόνῳ,
576 2231 716 2290 ἀλλὰ
747 2237 1130 2306 πρεσβυτέραν
1165 2236 1340 2305 ἐποίη,
1370 2238 1503 2305 μίαν
1536 2232 1707 2305 ἀφαι-

23 2318 166 2384 ρέων
195 2314 300 2370 τάν
338 2314 554 2385 πράταν
584 2314 846 2386 μονάδων
883 2308 1059 2370 οὖσαν
1095 2314 1367 2385 τεττόρων
1403 2317 1526 2371 ποτὶ
1563 2312 1706 2370 ὀκτώ

23 2395 214 2453 δεκάσι
234 2398 323 2451 καὶ
342 2397 521 2463 τρισὶν
541 2396 876 2452 ἑκατοντάσι.
912 2395 1112 2461 ταύτας
1133 2396 1191 2452 δὲ
1214 2396 1318 2452 τάν
1336 2418 1394 2452 τε
1414 2400 1708 2452 διπλασίαν

22 2482 112 2533 καὶ
133 2483 458 2544 τριπλασίαν
483 2478 625 2549 ῥᾷον
655 2478 1085 2545 συλλογίξασθαι
1105 2479 1380 2547 ἐσταμένω
1401 2482 1480 2531 τοῦ
1498 2477 1702 2547 πράτω.

22 2562 108 2613 δεῖ
123 2555 167 2613 δ’
185 2556 334 2628 εἶμέν
354 2578 469 2622 πως
493 2557 699 2623 πάντας
712 2556 819 2612 σὺν
831 2568 943 2621 τοῖς
955 2558 1282 2628 πληρώμασι
1302 2559 1394 2614 καὶ
1416 2570 1528 2623 τοῖς
1541 2561 1708 2628 ἐπογ-

22 2640 172 2703 δόοις
206 2637 374 2706 ὅρους
409 2642 464 2705 ἓξ
496 2642 586 2694 καὶ
615 2638 928 2708 τριάκοντα,
948 2637 1049 2693 τὸν
1069 2641 1128 2694 δὲ
1149 2638 1441 2709 σύμπαντα
1460 2637 1708 2710 ἀριθμὸν

20 2721 283 2790 γενέσθαι
315 2721 605 2790 μυριάδων
623 2722 820 2775 ἕνδεκα
840 2721 931 2775 καὶ
953 2718 1222 2788 τεττόρων
1238 2720 1497 2789 χιλιάδων
1517 2721 1709 2785 ἑξακο-

22 2805 159 2855 σίων
177 2805 334 2856 πέντε
368 2804 458 2856 καὶ
490 2803 836 2872 ἐνενήκοντα.
878 2802 964 2857 ταὶ
993 2799 1050 2856 δὲ
1071 2802 1359 2870 διαιρέσιες
1379 2792 1540 2855 αὗται
1569 2802 1704 2856 ἐντί·
1741 2810 1773 2852 c
