1962 3236
24 323 52 342 ιν

317 0 666 19 —‚-·ss,·.‘.
719 0 791 10 --ν

689 154 1175 205 ΠΟΛΙΤΕΙΑΣ.
1207 147 1260 202 ι’.
1715 149 1821 202 309
1897 229 1902 233 ἡ

129 300 291 356 σθαι,
322 291 562 362 Σφόδρα
594 285 806 361 γε.Τά
827 290 929 358 μὲν
950 285 1017 358 δὴ
1038 285 1188 357 παρά
1210 289 1367 343 θεων
1394 282 1607 341 τοιαῦτ’
1634 282 1706 340 ἂν
1737 293 1819 357 εἴη

130 374 417 445 νικητήρια
437 378 517 446 τῷ
537 374 745 444 δικαίῳ.
785 366 942 424 Κατὰ
962 374 1106 439 γοῦν
1124 367 1261 439 ἐμὴν
1281 368 1467 438 δόξαν,
1495 371 1616 438 ἔφη.
1654 372 1721 423 Τί
1739 369 1819 437 δέ,

126 448 199 524 ἦν
228 452 279 509 δ’
319 454 445 524 ἐγώ,
477 452 610 524 παρ’
641 450 991 520 ἀνθρώπων;
1030 443 1124 518 ἀρ’
1158 447 1260 520 οὐχ
1291 441 1400 504 ωδε
1425 452 1548 519 ἔχει,
1570 452 1622 504 εί
1648 452 1735 504 δεῖ
1755 443 1817 504 τὸ

128 531 195 589 ὂν
211 538 453 600 τιθέναι,
491 532 592 605 οὐχ
624 536 681 588 οἶ
705 534 806 602 μὲν
836 535 1012 586 δεινοί
1041 552 1098 585 τε
1126 531 1218 586 καὶ
1248 529 1429 586 ἄδικοι
1452 528 1702 598 δρῶσιν
1681 527 1819 600 όπερ

128 619 186 671 οῖ
200 614 477 687 δρομῆς,”
444 632 567 671 οσοι
586 613 663 669 ἀν
681 614 892 670 θέωσιν
914 605 979 666 εὖ
998 609 1107 666 ἀπὸ
1136 618 1250 667 τῶν
1277 610 1445 683 κάτω,
1476 609 1586 667 ἀπὸ
1618 612 1677 666 δὲ
1707 618 1820 666 τῶν

129 697 247 752 ἄνω
265 699 367 768 μή,
388 694 450 753 τὸ
470 695 573 768 μὲν
592 701 815 767 πρῶτον
835 691 1001 758 ὀξέως
1021 691 1367 764 ἀποπηδῶσι,
1381 700 1741 757 τελευτῶντες
1761 695 1820 748 δὲ
1847 698 1879 741 G

132 782 522 848 καταγέλαστοι
532 784 834 848 γίγνονται,
855 775 920 830 τά
944 769 1055 830 ὦτα
1075 776 1293 830 ἐπὶτῶν
1313 774 1481 846 ὤμων
1499 780 1714 845 ἔχοντες
1730 777 1842 851 naz*

128 859 510 931 ἀστεφάνωτοι
532 857 948 928 ἀποτρέχοντες·
977 861 1032 912 οἱ
1048 859 1108 911 δὲ
1126 862 1193 927 τῇ
1214 855 1451 928 ἀληθείᾳ
1473 859 1722 927 δρομικοὶ
1747 862 1822 921 εἰς

127 946 280 1006 τέλος
299 943 558 1006 ἐλθόντες
573 939 641 996 τά
659 962 718 995 τε
739 934 890 995 ἆθλα
910 938 1257 1010 λαμβάνουσι
1276 941 1368 994 καὶ
1397 945 1818 1009 στεφανοῦνται.

130 1022 230 1093 οὐχ
253 1022 400 1079 οὕτω
422 1026 514 1079 καὶ
536 1025 661 1092 περὶ
682 1027 797 1077 τῶν
815 1025 1047 1077 δικαίων
1064 1019 1126 1075 τό
1161 1019 1306 1075 πολὺ
1337 1023 1624 1092 ξυμβαίνει
1643 1041 1654 1078 ·,
1684 1018 1823 1091 πρὸς

127 1107 281 1168 τέλος
299 1104 528 1174 ἑκάστης
558 1104 806 1172 πράξεως
828 1104 917 1158 καὶ
946 1099 1161 1172 ὁμιλίας
1192 1102 1282 1157 καὶ
1309 1107 1412 1156 τοῦ
1441 1107 1570 1172 βίου
1601 1100 1823 1157 εὐδοκι-

127 1190 299 1255 μοῦσί
331 1206 389 1240 τε
428 1186 520 1239 καὶ
555 1183 622 1239 τὰ
662 1178 816 1238 ἆθλα
846 1181 996 1252 παρὰ
1031 1189 1147 1237 τῶν
1181 1181 1505 1255 ἀνθρώπων
1530 1185 1820 1253 φέρονται;
1859 1254 1863 1261 .

130 1269 236 1322 Καὶ
256 1266 419 1337 μα’λα.
450 1263 651 1331 Ἀνέξει
671 1263 780 1335 ἄρα
800 1268 1060 1334 λέγοντος
1090 1268 1228 1334 ἐμοῦ
1259 1266 1383 1333 περὶ
1416 1265 1650 1335 τούτων,
1681 1262 1821 1335 ἅπερ

130 1347 296 1413 αὐτὸς
314 1353 495 1419 ἔλεγες
514 1351 638 1417 περὶ
662 1352 772 1403 ταῖν
791 1345 1005 1402 ἀδίκων
1022 1371 1033 1411 ;
1068 1349 1176 1416 ε’ριὸ
1194 1343 1300 1418 γὰρ
1322 1346 1408 1417 δή,
1440 1344 1525 1402 ὅτι
1545 1347 1715 1417 οἱμὲν
1735 1350 1819 1403 δί-
1843 1357 1880 1400 D

128 1451 291 1500 καιοι,
313 1430 535 1486 ἐπειδὰν
555 1428 921 1500 πρεσβύτεροι
953 1431 1241 1499 γένωνται,
1264 1431 1325 1485 έν
1354 1434 1421 1501 τῇ
1450 1426 1638 1484 αὑτοῖν
1668 1428 1825 1485 πόλει

127 1513 366 1582 ἄρχουσί
389 1533 446 1567 τε
467 1508 541 1566 ἀν
563 1511 879 1583 βούλωνται
905 1508 1003 1577 τάς
1031 1509 1218 1582 ἀρχάς,
1250 1516 1497 1581 γαμοῦσι’
1522 1533 1581 1566 τε
1611 1509 1825 1567 ὁπόθεν

127 1591 199 1648 ἂν
220 1595 551 1664 βούλωνται,
566 1594 847 1648 ἐκδιδόασί
861 1615 917 1648 τε
939 1598 1013 1658 εἰς
1034 1591 1131 1658 οὓς
1152 1590 1224 1648 ἂν
1245 1596 1495 1661 ἐθέλωσι,
1511 1596 1602 1648 καὶ
1622 1594 1820 1666 πάντα,

127 1674 162 1730 ἃ
182 1676 253 1730 σύ
274 1678 397 1744 περὶ
428 1678 673 1744 ἐκείνων,
701 1676 808 1747 ἐγω
829 1683 938 1731 νῦν
958 1679 1100 1746 λέγω
1131 1678 1255 1746 περὶ
1283 1680 1484 1731 τῶνδε·
1524 1677 1615 1732 καὶ
1634 1669 1708 1733 αὖ
1727 1678 1821 1732 καὶ

128 1759 251 1825 περὶ
271 1764 385 1812 τῶν
405 1756 634 1829 ἀδίκων,
658 1756 743 1813 ὅτι
763 1762 820 1813 oc
835 1759 1028 1814 πολλοὶ
1046 1756 1251 1828 αὐτῶν,
1275 1759 1367 1814 καὶ
1398 1756 1496 1814 ἐὰν
1527 1764 1644 1814 νέοι
1664 1757 1821 1824 ὄντες

130 1840 195 1894 λα’
202 1847 399 1907 θωσιν,
422 1841 508 1895 ἐπὶ
526 1844 718 1905 τέλους
729 1846 830 1895 τοῦ
853 1839 1069 1911 δρόμου
1090 1843 1409 1911 αἱρεθέντες
1427 1843 1824 1911 καταγέλαστοί

126 1925 228 1976 εἰσι
248 1923 338 1976 καὶ
358 1923 614 1991 γέροντες
635 1921 953 1992 γιγνόμενοι
975 1922 1164 1978 ἄθλιοι
1181 1926 1685 1994 προπηλακίζονται
1702 1918 1812 1979 ὑπὸ
1841 1939 1876 1982 Ε

125 2006 298 2067 ξένων
318 2025 374 2059 τε
396 2006 485 2059 καὶ
510 2002 712 2074 ἀστῶν,
734 2004 1163 2076 μαστιγούμενοι
1182 2006 1274 2060 καὶ
1294 2002 1331 2058 ὁὶ
1341 2003 1576 2074 ἄγροικα
1597 2008 1820 2076 ἔφησθα

130 2082 200 2139 σὺ
228 2082 386 2152 εἶναι,
408 2084 594 2156 ἀληθῆ
622 2088 818 2156 λέγων,
861 2084 994 2156 [εἶτα
1024 2085 1468 2157 στρεβλώσονται
1494 2088 1585 2142 καὶ
1615 2089 1820 2142 ἐκκαυ-

123 2165 398 2236 θήσονται
413 2174 444 2237 ·]
466 2168 648 2223 πάντα
668 2170 849 2224 ἐκεῖνα
872 2177 998 2224 οἴου
1016 2171 1107 2225 καὶ
1128 2171 1266 2240 ἐμοῦ
1296 2166 1596 2240 ἀκηκοέναι
1615 2167 1689 2234 ὥς
1707 2168 1817 2225 πά-

129 2266 372 2318 σχουσιν.
414 2248 540 2305 ἀλλ’
562 2247 594 2305 ὃ
612 2254 769 2321 λέγω,
790 2250 895 2319 ὅρα
915 2258 965 2308 εί
981 2250 1174 2318 ἀνέξει.
1213 2252 1324 2308 Καὶ
1356 2251 1525 2323 πάνυ,
1559 2254 1690 2323 ἔφη·
1734 2255 1818 2307 δί-

127 2351 253 2383 καια
273 2328 379 2398 γὰρ
401 2331 588 2400 λέγεις.

269 2408 490 2466 Χ111.Α
508 2411 611 2482 μὲν
629 2419 838 2483 τοίνυν,
860 2409 933 2485 ἦν
955 2413 1002 2469 δ’
1026 2416 1151 2486 ἐγώ,
1175 2421 1335 2482 ζῶντι
1352 2422 1429 2490 τῷ
1451 2419 1646 2489 δικαίω
1668 2415 1816 2485 παρὰ

127 2497 280 2547 θεων
300 2515 357 2547 τε
378 2495 467 2548 καὶ
487 2491 815 2563 ἀνθρώπων
834 2489 984 2551 ἆθλά
1005 2518 1062 2552 τε
1085 2498 1175 2553 καὶ
1193 2499 1388 2567 μισθοὶ
1417 2498 1507 2552 καὶ
1546 2501 1699 2565 ἄωρα
1728 2501 1815 2567 γί-
1842 2511 1931 2560 614

125 2595 312 2644 γνεται
349 2576 486 2642 πρὸς
517 2579 744 2643 ἐκείνοις
772 2589 885 2643 τοῖς
919 2576 1155 2647 ἀγαθοῖς
1185 2574 1265 2643 οἷς
1294 2576 1433 2649 αὐτὴ
1463 2584 1747 2649 παρείχετο
1778 2578 1812 2651 ἡ

124 2659 468 2729 δικαιοσύνη,
492 2658 700 2715 τοιαῦτ’
726 2655 798 2715 ἀν
827 2667 923 2732 εἴη.
981 2662 1090 2717 Καὶ
1119 2658 1248 2731 μάλ’
1257 2702 1271 2728 ,
1305 2665 1430 2732 ἔφη,
1464 2661 1606 2718 καλά
1634 2683 1693 2718 τε
1723 2663 1816 2718 καὶ

127 2742 335 2808 βέβαια.
398 2746 586 2795 Ταῦτα
621 2747 832 2810 τοίνυν,
870 2734 942 2812 ἦν
984 2741 1037 2797 δ’
1082 2741 1206 2812 ἐγώ,
1247 2740 1416 2798 οὐδέν
1456 2744 1570 2800 ἐστι
1606 2745 1814 2816 πλήθει

124 2819 252 2874 οὐδὲ
274 2824 498 2891 μεγέθει
519 2821 658 2892 πρὸς
676 2826 875 2894 ἐκεῖνα,
899 2822 934 2878 c‘c'
954 2823 1355 2896 τελευτήσαντα
1377 2825 1638 2897 ἑκάτερον
1657 2846 1815 2897 περι·-
