1962 3236
211 183 312 234 262
819 183 1293 230 ΠΛΑΤΩΝΟΣ

151 333 184 374 Ε
211 319 502 387 εἰσφέρειν.
546 321 614 371 Τί
630 313 679 369 δ’
706 313 842 369 ὅταν
862 312 928 385 δὴ
948 321 1120 368 ταῦτα
1140 317 1412 386 ἐπιλείπῃ;
1433 322 1643 386 Δῆλον,
1664 322 1787 388 ἔφη,
1809 317 1893 373 ὅτι

211 401 270 453 ἐκ
287 404 400 452 τῶν
421 397 691 468 πατρῴων
709 399 975 467 θρέψεται
994 393 1159 460 αὐτός
1175 417 1233 451 τε
1251 399 1342 452 καὶ
1360 400 1418 452 οἱ
1432 397 1708 468 συμπόται
1726 420 1782 453 τε
1803 402 1892 455 καὶ

212 482 413 548 ἑταῖροι
432 480 522 532 καὶ
542 478 761 548 ἑταῖραι.
800 477 1118 548 Μανθάνω,
1139 472 1211 548 ἦν
1233 476 1284 532 δ’
1322 476 1427 548 ἐγώ
1443 501 1452 510 ·
1493 478 1577 534 ὅτι
1605 477 1633 534 ὁ
1661 483 1830 550 δῆμος
1863 477 1889 534 ὁ

211 561 485 630 γεννήσας
518 559 620 614 τὸν
654 559 938 631 τύραννον
976 562 1174 628 θρέψει
1210 556 1386 614 αὐτόν
1419 581 1477 615 τε
1507 562 1598 615 καὶ
1628 562 1890 630 ἑταίρους.

210 639 397 711 Πολλὴ
420 639 588 714 αὐτῷ,
610 645 732 712 ἔφη,
755 640 983 712 ἀνάγκη.
1023 648 1154 706 Πῶς
1173 643 1230 696 δὲ
1252 643 1450 712 λέγεις;
1479 641 1661 698 εἷπον·
1703 641 1802 699 ἐὰν
1835 644 1893 698 δὲ

212 723 493 793 ἀγανακτῇ
514 744 570 777 τε
588 725 678 778 καὶ
698 725 828 795 λέγῃ
850 722 877 779 ὁ
902 727 1086 794 δῆμος,
1110 722 1193 778 ὅτι
1213 721 1343 778 οὔτε
1358 727 1571 779 δίκαιον
1592 728 1893 795 τρέφεσθαι

211 802 319 861 ὑπὸ
341 803 547 874 πατρὸς
566 805 695 860 υίὸν
715 802 952 876 ἡβῶντα,
976 805 1114 860 ἄλλα
1144 804 1472 862 τούναντίον
1491 805 1598 861 ὑπὸ
1618 811 1764 871 υἱέος
1786 827 1892 861 πα-

96 903 197 948 569
215 889 361 957 τέρα,
383 885 510 940 οὔτε
529 886 732 941 τούτου
752 886 926 942 αὐτὸν
946 889 1107 942 ἕνεκα
1135 889 1397 958 ἐγέννησέ
1426 909 1483 943 τε
1515 891 1605 943 καὶ
1635 891 1894 963 κατέστη-

213 986 328 1039 σεν,
347 972 458 1036 ἵνα,
480 967 663 1039 ἐπειδὴ
688 973 854 1070 μέγας
872 973 1103 1038 γένοιτο,
1132 968 1252 1024 τότε
1273 969 1438 1034 αὐτὸς
1469 971 1755 1026 δουλεύων
1785 982 1895 1036 τοῖς

213 1051 388 1106 αὑτοῦ
419 1049 642 1113 δούλοις
674 1054 865 1120 τρέφοι
897 1051 1111 1106 ἐκεῖνόν
1132 1073 1189 1105 τε
1222 1054 1313 1106 καὶ
1340 1051 1468 1115 τοὺς
1497 1051 1731 1116 δούλους
1761 1074 1892 1121 μετα

213 1130 539 1202 ξυγκλύδων
558 1130 759 1200 ἄλλων,
782 1129 902 1187 ἀλλ’
927 1136 1019 1187 ἵνα
1039 1130 1144 1187 απὸ
1172 1138 1284 1187 τῶν
1303 1138 1587 1210 πλουσίων
1607 1154 1663 1187 τε
1682 1134 1772 1187 καὶ
1792 1155 1893 1187 κα·-

212 1219 326 1267 λῶν
346 1210 614 1281 κάγαθῶν
634 1215 947 1281 λεγομένων
967 1214 1028 1266 ἐν
1044 1220 1111 1283 τῇ
1140 1212 1295 1268 πόλει
1326 1215 1731 1285 ἐλευθερωθείη
1755 1216 1892 1268 ἐκεί-

215 1315 319 1349 νου
349 1295 705 1364 προστάντος,
738 1294 827 1347 καὶ
856 1299 964 1346 νῦν
994 1292 1204 1347 κελεύει
1234 1291 1453 1347 απιέναι
1478 1296 1536 1350 ἐκ
1564 1301 1657 1364 τῆς
1685 1294 1894 1358 πόλεως

216 1373 391 1430 αὐτόν
408 1396 467 1429 τε
491 1375 581 1429 καὶ
609 1374 740 1437 τοὺς
772 1376 1036 1443 ἑταίρους,
1073 1374 1256 1444 ῶσπερ
1278 1373 1455 1445 πατὴρ
1486 1377 1611 1430 υἱὸν
1641 1378 1693 1441 ἐξ
1724 1381 1895 1438 οἰκίας

215 1455 351 1526 μετὰ
388 1455 639 1527 ὀχληρῶν
675 1461 966 1526 ξυμποτῶν
1010 1457 1349 1522 ἐξελαύνων;
1387 1456 1675 1511 Γνῶσεταί
1705 1478 1782 1527 γε,
1825 1456 1891 1526 νὴ

151 1552 183 1592 Β
212 1544 341 1608 Δία,
365 1532 401 1607 ἦ
421 1537 473 1591 δ’
507 1536 585 1606 ὅς,
607 1535 720 1591 τότ’
754 1537 858 1607 ἤδη
880 1537 907 1591 ὁ
931 1540 1116 1608 δῆμος,
1138 1532 1250 1602 οἷος
1280 1533 1398 1593 οἷον
1428 1541 1650 1636 θρέμμα
1680 1545 1894 1608 γεννῶν

214 1617 484 1690 ἠσπάζετό
501 1641 557 1674 τε
575 1620 666 1673 καὶ
687 1613 836 1688 ηυξε,
855 1621 947 1673 καὶ
977 1617 1060 1674 ότι
1089 1617 1487 1689 ἀσθενέστερος
1515 1616 1594 1675 ω“ν
1614 1622 1895 1690 ίσχυροτε-

216 1722 348 1769 ρους
367 1699 658 1765 ἐξελαύνει.
697 1693 899 1771 Πῶς,
863 1721 936 1770 ην
957 1698 1007 1754 δ’
1035 1700 1158 1770 ἐγώ,
1180 1702 1378 1770 λε’γεις;
1400 1701 1657 1771 τολμήσει
1671 1699 1769 1756 τὸν
1789 1723 1893 1756 πα-

214 1786 344 1851 τέρα
384 1780 687 1852 βιάζεσθαι,
726 1776 832 1835 κα“ν
861 1780 933 1851 μὴ
973 1786 1247 1851 πείθηται,
1281 1781 1507 1836 τύπτειν
1536 1778 1564 1837 ὁ
1598 1781 1894 1851 τύραννος;

214 1868 345 1932 Ναί,
368 1867 490 1933 ἔφη,
514 1860 855 1932 αφελόμενός
874 1883 932 1931 γε
954 1883 1020 1916 τα
1040 1859 1194 1916 ὅπλα.
1221 1868 1589 1933 Πατραλοίαν,
1611 1856 1745 1933 ἦνδ’
1770 1864 1893 1932 ἐγῶ,

215 1949 392 2015 λέγεις
414 1945 695 2013 τύραννον
733 1946 822 1998 καὶ
859 1943 1099 2013 χαλεπὸν
1134 1943 1504 2015 γηροτρόφον,
1527 1947 1616 1999 καὶ
1649 1941 1720 2009 ῶς
1755 1948 1894 1998 ἔοικε

216 2032 380 2082 τοῦτο
401 2028 467 2096 δὴ
490 2023 902 2095 ὁμολογουμένη
925 2021 996 2079 ἄν
1015 2023 1119 2095 ἤδη
1138 2028 1398 2094 τυραννὶς
1418 2033 1516 2095 εἴη,
1539 2027 1627 2079 καὶ
1648 2024 1709 2079 τὸ
1733 2027 1893 2095 λεγό-

217 2130 388 2178 μενον
405 2105 432 2162 ὁ
456 2111 625 2176 δῆμος
651 2105 877 2174 φεύγων
897 2102 968 2159 ἂν
983 2105 1200 2160 καπνὸν
1218 2110 1465 2169 δουλείας
1484 2108 1798 2174 ἐλευθέρων
1820 2113 1894 2170 εἰς

160 2204 189 2246 c
221 2195 332 2257 πῦρ
347 2187 567 2242 δούλων
587 2190 902 2249 δεσποτείας
923 2181 995 2239 ὄίν
1013 2184 1380 2255 ἐμπεπτωκὼς
1399 2194 1497 2256 εἴη,
1522 2184 1643 2240 ἀντὶ
1654 2193 1748 2255 τῆς
1768 2193 1893 2240 πολ-

217 2275 315 2338 λῆς
335 2269 546 2338 ἐκείνης
573 2268 662 2322 καὶ
692 2264 927 2334 ἀκαίρου
954 2269 1270 2337 ἐλευθερίας
1297 2266 1400 2338 τὴν
1429 2266 1816 2337 χαλεπωτάτην
1839 2289 1895 2321 τε

217 2352 309 2405 καὶ
342 2349 679 2420 πικροτάτην
705 2349 922 2403 δούλων
948 2352 1204 2404 δουλείαν
1234 2349 1748 2419 μεταμπισχόμενος.
1787 2352 1893 2402 Καὶ

218 2429 384 2500 μάλα,
409 2434 530 2501 ἔφη,
552 2437 724 2485 ταῦτα
743 2428 888 2484 ούτω
911 2433 1166 2532 γίγνεται.
1207 2433 1276 2484 Τί
1290 2433 1425 2496 οὐν;
1456 2428 1632 2484 εἶπον·
1671 2427 1775 2484 οὐκ
1798 2432 1892 2498 ἐμ-

217 2518 394 2582 μελῶς
422 2510 553 2583 ἡμῖν
582 2511 868 2582 εἰρήσεται,
903 2510 1001 2566 ἐαν
1035 2517 1227 2582 φῶμεν
1253 2515 1456 2575 ικανῶς
1490 2513 1891 2580 διεληλυθέναι,

217 2591 288 2658 ῶς
307 2599 622 2666 μεταβαίνει
650 2594 910 2663 τυραννὶς
930 2596 988 2649 ἐκ
1011 2597 1390 2663 δημοκρατίας,
1421 2593 1689 2663 γενομένη
1720 2611 1774 2644 τε
1805 2593 1890 2644 οἵα

215 2676 390 2740 ἐστίν;
426 2674 591 2730 Πάνυ
610 2674 711 2745 μὲν
732 2669 837 2730 οὖν
857 2678 1076 2744 ἱκανῶς,
1102 2677 1222 2745 ἔφη.
