1962 3236
63 1093 147 1135 341

184 119 251 170 18
783 126 1259 175 ΠΛΑΤΩΝΟΣ

182 280 311 330 ματι
341 257 548 331 οὕτως,
587 258 674 314 ὅτι
707 256 736 314 ὁ
771 257 954 327 ἰατρὸς
983 259 1244 329 ἐξήμαρτε
1277 260 1368 314 καὶ
1398 256 1427 313 ὁ
1458 261 1711 332 λογιστὴς
1745 264 1835 334 ἐξή

181 360 351 410 μαρτε
372 338 511 396 καὶὸ
533 340 965 411 γραμματιστής·
994 339 1054 394 τὸ
1077 339 1151 408 δ’,
1173 338 1350 410 οἶμαι,
1390 341 1614 406 ἕκαστος
1631 343 1864 413 τούτων,

181 420 320 477 καθ’
348 421 485 477 ὅσον
518 420 671 477 τοῦτ’
706 427 856 477 ἐστιν
887 418 919 474 ὃ
940 421 1431 491 προσαγορεύομεν
1461 422 1662 492 αὐτόν,
1705 423 1846 480 οὐδέ·

182 525 315 560 ποτε
335 503 667 575 ἁμαρτάνει·
691 502 832 558 ὥστε
852 500 988 558 κατὰ
1011 501 1111 558 τὸν
1129 500 1332 574 ἀκριβῆ
1350 504 1521 574 λόγον
1536 548 1549 573 ,
1570 506 1756 577 ἐπειδὴ
1778 509 1868 562 καὶ

182 583 255 639 σὺ
275 585 654 657 ἀκριβολογεῖ,
687 582 870 647 οὐδεὶς
888 591 1000 638 τῶν
1020 587 1376 654 δημιουργῶν
1394 583 1711 655 ἁμαρτάνει.
1748 589 1866 642 ε’πι-

182 667 452 735 λιπούσης
484 663 592 735 γὰρ
625 663 920 734 ἐπιστήμης
949 662 978 719 ὁ
1012 661 1349 735 ἁμαρτάνων
1369 663 1699 736 ἁμαρτάνει,
1738 670 1799 723 ἐν
1821 690 1863 739 ῳ

182 744 286 801 οὐκ
306 750 420 800 ἔστι
451 744 813 816 δημιουργός·
849 743 988 799 ὥστε
1009 745 1397 816 δημιουργὸς
1372 747 1407 816 η’
1433 749 1606 818 σοφὸς
1624 746 1660 819 ἢ
1681 747 1867 819 άρχων

181 824 411 891 ούδεὶς“
381 825 684 897 αμαρτάνει
701 825 823 880 τότε
843 823 979 880 όταν
997 823 1182 895 άρχων
1199 827 1254 896 ᾗ,
1275 824 1415 881 ἀλλὰ
1432 834 1538 892 πᾶς
1553 826 1598 897 γ’
1616 825 1687 884 ἂν
1705 837 1863 899 εἴποι,

181 907 267 964 ὅτι
297 905 326 963 ὁ
362 907 548 977 ἰατρὸς
577 907 784 978 ἥμαρτε
814 908 905 961 καὶ
935 903 964 960 ὁ
997 904 1183 976 ἅρχων
1210 905 1434 977 ἥμαρτε.
1474 915 1730 963 τοιοῦτον
1760 904 1867 964 οὖν

181 991 249 1061 δή
271 1005 359 1044 σοι
378 989 467 1043 καὶ
488 987 580 1058 ἐμὲ
599 986 848 1058 ὑπόλαβε
867 994 975 1041 νῦν
994 986 1061 1057 δὴ
1093 986 1520 1058 ἀποκρίνεσθαι·
1543 988 1605 1045 τό
1627 990 1685 1046 δὲ
1707 989 1868 1058 ἀκρι-

180 1074 446 1143 βέστατον
467 1073 644 1125 ἐκεῖνο
664 1069 923 1138 τυγχάνει
944 1067 1028 1136 ὅν,
1049 1069 1148 1124 τὸν
1169 1069 1426 1139 ἄρχοντα,
1448 1069 1579 1126 καθ’
1604 1069 1740 1126 ὅσον
1760 1071 1867 1140 ἄρ-

180 1175 294 1224 χων
324 1155 462 1220 ἐστί,
501 1149 574 1222 μὴ
606 1148 970 1221 ἁμαρτάνειν,
1009 1150 1083 1222 μὴ
1113 1148 1502 1221 ἁμαρτάνοντα
1535 1154 1594 1207 δὲ
1623 1153 1684 1208 τὸ
1715 1151 1866 1226 αὐτῷ

180 1237 467 1306 βέλτιστον
504 1238 793 1300 τίθεσθαι,
841 1236 1005 1286 τοῦτο
1046 1231 1104 1286 δὲ
1147 1239 1224 1305 τῷ
1259 1232 1543 1307 ἀρχομένῳ
1583 1239 1864 1305 ποιητέον·

185 1315 342 1385 ὥστε,
363 1313 502 1383 ὅπερ
524 1316 576 1378 ἐξ
596 1312 766 1383 ἀρχῆς
785 1316 994 1383 ἔλεγον,
1019 1315 1233 1368 δίκαιον
1253 1316 1393 1385 λέγω
1414 1314 1474 1370 τὸ
1496 1323 1597 1370 τοῦ
1618 1322 1863 1386 κρείττο-

179 1418 277 1461 νος
296 1407 474 1451 ποιεῖν
495 1399 799 1465 συμφέρον.

317 1482 422 1532 XV.
461 1475 622 1546 Εἶεν,
644 1470 716 1547 ἦν
736 1474 784 1531 δ’
809 1475 944 1546 ἐγώ,
967 1469 1011 1530 ὦ
1034 1476 1389 1547 Θρασύμαχε·
1422 1481 1566 1533 δοκῶ
1585 1494 1673 1532 σοι
1692 1494 1864 1534 συκο-

178 1571 434 1662 φαντεῖν;
469 1558 634 1613 Πάνυ
651 1559 752 1628 μὲν
776 1579 909 1628 ουν,
942 1563 1062 1656 ἐφη.
1145 1565 1262 1614 Οἰει
1282 1558 1388 1628 γάρ
1409 1581 1475 1629 με
1494 1563 1549 1626 ἐξ
1567 1562 1863 1657 ἐπιβουλῆς

175 1643 238 1696 ἐν
266 1653 378 1705 τοῖς
407 1640 594 1711 λόγοις
624 1640 1047 1709 κακουργοῦντά
1068 1657 1128 1694 σε
1158 1643 1384 1711 ἐρέσθαι
1405 1638 1478 1704 ὠς
1495 1639 1738 1712 ἠρόμην;
1775 1636 1863 1696 Εὖ

174 1721 277 1791 μὲν
306 1722 411 1775 οὐν
443 1720 596 1791 οἶδα,
635 1726 770 1792 ἔφη
809 1723 900 1776 καὶ
930 1718 1097 1776 οὐδέν
1123 1723 1190 1791 γέ
1216 1739 1304 1776 σοι
1333 1725 1504 1777 πλέον
1523 1728 1694 1777 ἔσται
1733 1722 1861 1777 οὔτε

119 1827 150 1866 B
175 1801 283 1871 γὰρ
303 1801 376 1856 ἄν
394 1823 461 1872 με
479 1802 678 1865 λάθοις
698 1810 1028 1872 κακουργῶν
1041 1844 1056 1872 ,
1096 1802 1224 1857 οὔτε
1244 1800 1317 1874 μὴ
1342 1804 1537 1858 λαθών
1554 1804 1861 1875 βιάσασθαι

108 2475 139 2516 G

176 1891 251 1956 τῷ
275 1883 420 1956 λόγῳ
441 1882 655 1939 δύναιο.
734 1883 885 1939 Ούὸέ
910 1883 962 1953 γ’
988 1880 1059 1939 ἂν
1081 1885 1503 1956 ἐπιχειρήσαιμι,
1540 1879 1613 1955 ἦν
1646 1884 1697 1940 δ’
1731 1887 1857 1956 ἐγώ,

177 1960 221 2019 ὦ
241 1966 487 2036 μακάριε.
526 1964 648 2021 ἀλλ’
674 1969 766 2021 ’ἵνα
796 1963 869 2035 μὴ
902 1959 1070 2029 αὖθις
1098 1964 1230 2036 ἡμῖν
1260 1972 1516 2021 τοιοῦτον
1554 1969 1854 2038 ἐγγένηται,

176 2048 440 2140 Bco'pwocc3
479 2048 722 2115 ποτέρως
753 2050 927 2116 λέγεις
954 2046 1053 2101 τὸν
1083 2046 1323 2116 άρχοντά
1351 2069 1407 2102 τε
1437 2049 1528 2103 καὶ
1556 2046 1657 2102 τὸν
1676 2056 1856 2117 κρείτ-

172 2151 337 2197 τονα,
376 2126 476 2182 τὸν
469 2149 581 2228 1’ως
610 2133 741 2193 ἔπος
760 2124 987 2183 εἰπεῖν”
950 2151 984 2198 η
1005 2126 1103 2183 τὸν
1123 2126 1343 2200 ἀκριβεῖ
1356 2129 1532 2203 λόγῳ,
1575 2127 1641 2184 ὃν
1660 2136 1767 2184 νῦν
1787 2127 1854 2200 δὴ

171 2215 380 2281 ἔλεγες,
424 2202 499 2263 ου
524 2208 585 2264 τὸ
616 2212 900 2280 ξυμφέρον
930 2215 1242 2279 κρείττονος
1270 2209 1430 2274 ὄντος
1460 2214 1675 2266 δίκαιον
1707 2217 1856 2266 ἔσται

170 2298 246 2366 τῷ
276 2290 464 2361 ἥττονι
495 2303 689 2347 ποιεῖν.
735 2290 847 2346 Τὸν
876 2299 954 2365 τῷ
983 2290 1387 2366 ἀκριβεστάτῳ,
1418 2297 1552 2362 ἔφη,
1584 2292 1775 2365 λόγω’
1752 2293 1854 2361 άρ-

170 2394 335 2443 χοντα
357 2370 507 2427 ὄντα.
546 2372 684 2441 πρὸς
711 2381 883 2428 ταῦτα
910 2374 1209 2444 κακούργει
1228 2375 1319 2428 καὶ
1339 2372 1706 2443 συκοφάντει,
1738 2382 1852 2429 εἴτι

170 2455 409 2508 δύνασαι
425 2476 435 2486 ·
459 2452 626 2510 οὐδέν
645 2473 749 2510 σου
768 2461 1052 2525 παρίεμαι·
1074 2452 1198 2509 ἀλλ’
1222 2453 1291 2509 οὐ
1308 2452 1382 2525 μὴ
1406 2451 1522 2519 οἶός
1540 2453 1592 2510 τ’
1613 2449 1691 2527 ᾗς.
1734 2462 1853 2510 Οἴει

166 2534 273 2606 γὰρ
293 2536 366 2590 ἄν
388 2557 483 2606 με,
523 2534 706 2607 εἶπον,
744 2536 892 2614 οὕτω
909 2543 1177 2609 μανῆναι,
1200 2534 1339 2591 ὥστε
1359 2543 1544 2605 ξυρεῖν
1562 2540 1850 2607 ἐπιχειρεῖν

166 2622 361 2672 λέοντα
392 2620 484 2672 καὶ
513 2631 886 2688 συκοφαντεῖν
916 2619 1317 2689 Θρασύμαχον;
1351 2625 1483 2674 Νῦν
1508 2626 1679 2689 γοῦν,
1723 2626 1846 2689 ἔφη,

165 2700 533 2767 ἐπεχείρησας,
554 2698 722 2755 οὐδὲν
744 2697 824 2755 ὦν
845 2703 934 2755 καὶ
953 2707 1140 2756 ταῦτα.
1206 2700 1406 2771 ’Ἀδην,
1427 2693 1500 2770 ἦν
1518 2701 1568 2754 δ’
1590 2701 1714 2769 ἐγώ,
1733 2706 1847 2754 τῶν

164 2779 450 2834 τοιούτων.
490 2777 611 2834 ἀλλ’
646 2784 766 2837 εἰπέ
781 2804 898 2852 μοι·
940 2780 968 2837 ὁ
1000 2790 1077 2856 τῷ
1105 2780 1326 2854 ἀκριβεῖ
1346 2782 1495 2854 λόγῳ
1528 2780 1738 2851 ἰατρός,
1779 2779 1844 2837 ὃν
