1962 3236
276 153 344 203 94
941 155 1112 201 HAA
1131 137 1414 203 ΤΩΝΟΣ

270 285 406 358 στὴν
431 292 607 358 ζητεῖν
632 286 730 340 τὸν
761 285 982 356 ἀγαθόν
1007 307 1064 340 τε
1097 287 1187 340 καὶ
1219 287 1415 354 σοφόν,
1448 285 1586 341 ἀλλὰ
1618 287 1713 343 τὸν
1742 290 1944 388 πρότε-

272 388 388 438 ρον.
447 372 685 438 πονηρία
715 367 817 437 μὲν
846 388 951 436 γαρ
982 363 1187 436 ἀρετήν
1218 386 1276 420 τε
1306 367 1396 420 καὶ
1425 363 1599 437 αὑτὴν
1629 367 1823 424 οὔποτ’
1864 366 1941 424 οἲν

266 457 444 519 γνοίη,
466 447 630 518 ἀρετὴ
657 447 715 503 δε
744 447 963 517 φύσεως
989 449 1385 517 παιδευομένης
1418 447 1602 521 χρόνω
1629 447 1740 520 ἅμα
1771 449 1940 521 αὐτῆς

207 542 240 583 Ε
271 551 327 584 τε
347 532 436 585 καὶ
457 534 721 600 πονηρίας
741 528 1041 599 ἐπιστήμην
1060 528 1303 599 λήψεται.
1346 527 1520 598 σοφὸς
1541 533 1647 585 οὐν
1667 523 1845 602 οὗτος,
1869 530 1940 596 ω’ς

269 633 362 681 μοι
384 614 547 680 δοκεῖ,
571 607 695 666 αλλ
715 607 818 679 οὐχ
836 607 864 665 ὁ
887 607 1055 674 κακὸς
1075 615 1329 680 γίγνεται.
1365 612 1473 664 Καὶ
1492 613 1628 682 ἐμοί,
1650 615 1773 681 ἔφη,
1808 615 1940 676 ξυν-

269 695 434 746 δοκεῖ.
494 689 723 747 Οὐκοῦν
766 692 858 745 καὶ
894 693 1164 762 ἰατρικήν,
1214 694 1338 746 οἵαν
1384 699 1627 762 εἴπομεν,
1676 691 1809 762 μετὰ
1847 698 1942 764 τῆς

267 773 524 844 τοιαύτης
562 776 873 844 δικαστικῆς
911 770 1047 828 κατὰ
1084 773 1247 828 πόλιν
1283 774 1695 845 νομοθετήσεις,
1736 779 1796 828 αἳ
1828 781 1941 830 τῶν

154 868 242 913 410
271 859 511 908 πολιτῶν
531 871 618 909 σοι
637 851 766 919 τούς
785 854 886 924 μὲν
917 853 1143 924 εὐφυεῖς
1170 852 1236 907 τοὶ
1270 853 1494 924 σώματα
1524 857 1614 910 καὶ
1638 853 1735 919 τὰς
1763 852 1941 925 ψυχὰς

268 934 700 1004 θεραπεύσουσι,
721 933 851 999 τούς
872 934 930 989 δὲ
950 935 1042 1004 μή,
1067 933 1188 989 ὅσοι
1214 935 1315 1003 μὲν
1339 932 1477 988 κατὰ
1499 939 1655 1004 σῶμα
1683 942 1939 1004 τοιοῦτοι,

269 1012 652 1085 ἀποθνήσκειν
671 1014 913 1084 εόἒσουσι,
934 1012 1064 1078 τούς
1084 1015 1143 1070 δὲ
1163 1015 1300 1069 κατὰ
1320 1013 1421 1086 τὴν
1442 1014 1625 1086 ψυχὴν
1643 1027 1942 1085 κακοφυεῖς

270 1097 362 1151 καὶ
403 1093 665 1160 ἀνιάτους
710 1093 867 1151 αὐτοὶ
908 1094 1338 1161 ἀποκτενοῦσιν;
1395 1094 1468 1151 Τὸ
1510 1103 1652 1166 γοῦν
1693 1094 1938 1165 ἄριστον,

271 1181 402 1247 ἔφη,
417 1175 602 1241 αὐτοῖς
630 1198 687 1232 τε
707 1189 819 1242 τοῖς
847 1178 1118 1247 πάσχουσι
1151 1179 1241 1233 καὶ
1268 1183 1334 1248 τῇ
1364 1177 1521 1232 πόλει
1551 1177 1698 1232 οὕτω
1727 1181 1938 1247 πέφαν-

270 1280 373 1312 ται.
421 1261 495 1313 Οἱ
535 1258 594 1313 δὲ
623 1256 689 1328 δὴ
720 1259 852 1326 νέοι,
890 1253 962 1328 ἦν
994 1255 1045 1312 δ’
1079 1257 1200 1329 ἐγώ,
1233 1262 1404 1329 δῆλον
1430 1257 1514 1314 ὅτι
1544 1258 1946 1330 εὐλαβήσονταί

271 1358 358 1396 σοι
375 1344 689 1410 δικαστικῆς
721 1344 797 1405 εἰς
824 1345 1013 1410 χρείαν
1036 1342 1191 1410 ἰέναι,
1223 1345 1289 1411 τῇ
1319 1337 1468 1411 ἁπλῇ
1496 1343 1675 1412 ἐκείνῃ
1704 1346 1943 1411 μουσικῇ

270 1423 561 1495 χρώμενοι,
587 1420 660 1493 ἣν
688 1422 753 1493 δὴ
776 1427 987 1494 ἔφαμεν
1007 1423 1383 1521 σωφροσύνην
1403 1425 1678 1478 ἐντίκτειν.
1722 1428 1790 1477 Τί
1803 1421 1940 1492 μήν;

207 1517 238 1558 Β
271 1512 391 1577 ἔφη.
440 1499 553 1573 Ap'
590 1526 695 1559 ουν
727 1502 794 1559 οὐ
825 1527 963 1560 κατα
983 1502 1153 1559 ταῦτα
1174 1513 1294 1575 ἴχνη
1315 1510 1485 1558 ταῦτα
1507 1501 1536 1560 ὁ
1557 1500 1820 1574 μουσικὸς
1839 1524 1941 1572 γυ-

270 1584 578 1659 μναστικὴν
610 1586 847 1655 διώκων,
885 1584 985 1641 ἐαν
1014 1589 1196 1658 ἐθέλη,
1236 1586 1467 1664 αιρήσει,
1498 1585 1636 1641 ω’στε
1661 1586 1833 1656 μηδεν
1855 1589 1941 1640 ἰα-

269 1674 458 1767 τρικῆς
478 1666 747 1724 δεῖσθαι
725 1667 758 1723 ό
784 1689 834 1722 τι
862 1666 935 1738 μὴ
967 1667 1205 1738 ανάγκη;
1216 1666 1439 1738 ’Έμοιγε
1460 1671 1622 1723 δοκεῖ.
1652 1665 1808 1722 Λύτα
1830 1663 1942 1736 μὴν

269 1748 336 1805 τὰ
355 1750 633 1821 γυμνάσια
652 1751 742 1805 καὶ
762 1747 892 1813 τοὺς
909 1748 1118 1812 πόνους
1138 1747 1276 1817 πρὸς
1302 1747 1362 1807 τὸ
1384 1749 1678 1818 θυμοειδες
1706 1753 1801 1818 τῆς
1828 1746 1942 1817 φύ-

269 1847 406 1896 σεως
440 1836 661 1903 βλέπων
699 1829 919 1886 κάκεῖνο
961 1832 1188 1900 ἐγείρων
1225 1829 1454 1900 πονήσει
1488 1835 1699 1899 μᾶλλον
1736 1823 1772 1897 ἢ
1806 1826 1944 1898 πρὸς

269 1913 449 2010 ἰσχύν,
480 1911 581 1983 οὐχ
613 1910 797 1981 ω’σπερ
834 1914 888 1965 οἱ
923 1911 1078 1965 ἄλλοι
1114 1909 1351 1981 αθληταὶ
1386 1907 1572 1981 ῥώμης
1601 1911 1762 1964 ἕνεκα
1798 1913 1940 1962 σιτία

268 1996 359 2049 καὶ
376 1993 586 2058 πόνους
605 1996 1075 2063 μεταχειρίζονται.
1103 1990 1426 2060 Ὀρθότατα,
1445 1984 1483 2058 ἦ
1507 1988 1559 2043 δ’
1579 1987 1654 2052 ὅς.
1684 1982 1791 2057 Ἆρ’
1816 1983 1938 2056 οὖν,

267 2067 339 2144 ἦν
359 2071 409 2128 δ’
443 2073 566 2143 ἐγώ,
600 2096 642 2128 ω
674 2073 961 2142 Γλαύκων,
996 2073 1084 2125 καὶ
1113 2075 1168 2126 οι
1194 2069 1554 2133 καθισταντες
1581 2075 1819 2139 μουσικῇ
1851 2070 1941 2123 καὶ

212 2170 242 2212 G
267 2160 612 2224 γυμναστικῇ
643 2153 927 2208 παιδεύειν
947 2150 1048 2221 οὐχ
1080 2173 1147 2206 ου
1176 2151 1338 2205 ενεκά
1367 2171 1511 2215 τινες
1537 2158 1747 2206 οἰονται
1772 2158 1940 2205 καθι-

271 2240 480 2304 στασιν,
522 2236 615 2287 ’ἵνα
648 2242 716 2304 τῇ
749 2255 850 2303 μεν
883 2233 944 2288 τό
983 2252 1140 2302 σωμα
1174 2231 1597 2301 θεραπεύοιντο,
1634 2237 1703 2303 τῇ
1740 2232 1800 2305 δε
1836 2230 1939 2302 τὴν

269 2314 480 2384 ψυχήν;
510 2312 670 2369 Ἀλλα
699 2318 754 2368 τί
776 2313 911 2384 μήν;
949 2317 1070 2383 ἔφη.
1124 2311 1589 2381 Κινδυνεύουσιν,
1621 2314 1693 2383 ήν
1722 2311 1775 2367 δ’
1811 2315 1936 2383 ἐγώ,

268 2392 552 2465 ἀμφότερα
572 2398 668 2464 τῆς
690 2401 866 2465 ψυχῆς
887 2395 1047 2449 ἕνεκα
1066 2393 1126 2449 τὸ
1147 2397 1403 2464 μέγιστον
1424 2393 1771 2449 καθισταναι.
1809 2399 1940 2459 Πως

270 2475 367 2547 δή;
407 2474 528 2531 Οὐκ
560 2478 783 2544 ἐννοεῖς,
813 2474 985 2544 εἷπον,
1014 2473 1087 2539 ὡς
1122 2478 1460 2530 διατίθενται
1485 2472 1661 2545 αὐτὴν
1685 2473 1788 2545 τὴν
1814 2475 1916 2529 διά,

269 2580 446 2627 νοιαν,
468 2563 526 2613 οἳ
545 2554 616 2613 ὅίν
643 2563 987 2629 γυμναστικῇ
1007 2558 1108 2628 μὲν
1128 2555 1216 2612 διὰ
1245 2562 1373 2628 βίον
1390 2554 1711 2627 ὁμιλήσωσι,
1740 2571 1907 2625 μουσι
1931 2589 1936 2594 ·

269 2661 369 2709 κης
396 2639 454 2695 δε
484 2639 557 2710 μὴ
586 2637 863 2706 ἅψωνται;
900 2636 936 2709 ἦ
972 2636 1093 2693 ὅσοι
1122 2635 1194 2693 ἂν
1222 2635 1548 2692 τούναντίον
1578 2640 1935 2702 διατεθῶσιν;

199 2745 230 2783 1)
279 2723 439 2781 Τίνος
460 2722 536 2787 δέ,
555 2721 589 2789 ἠ
612 2718 664 2774 δ’
686 2717 763 2789 ὅς,
785 2722 908 2789 πέρι
934 2722 1129 2789 λέγεις-ς
1152 2717 1498 2822 Ἀγριότητός
1515 2737 1573 2770 τε
1593 2717 1681 2770 καὶ
1699 2716 1935 2784 σκληρό-

269 2820 445 2868 τητος,
475 2802 566 2854 καὶ
599 2794 673 2854 αὖ
710 2807 976 2871 μαλακίας
1007 2822 1064 2855 τε
1105 2801 1194 2854 καὶ
1229 2797 1578 2868 ἡμερότητος,
1614 2789 1687 2866 ἦν
1723 2794 1775 2849 δ’
1814 2795 1933 2864 ἐγώ.
