1962 3236
205 14 219 22 δ
247 0 638 38 Ἷππῄνῂ“’ήη
668 0 1056 37 ζαὲᾆἿΤῗΪἾἾκΡΓῑᾎ
1093 0 1119 14 Ἰ·
1144 0 1194 33 ³9⁷-
1222 0 1249 15 ’ὲ
1271 0 1331 14 ε-,Ὶνι
1390 7 1393 9 .
1421 0 1438 12 «·
1464 0 1482 3 -
1549 0 1554 1 ⁷

486 43 491 47 υ
533 41 543 49 Ι
583 42 586 43 ’
679 40 681 42 “
711 48 713 51 ,
760 38 770 44 ’”
957 47 961 49 .

615 193 1096 241 ΠοΛΙΤΕιΑΣ
1126 184 1176 250 ζ’.
1638 187 1743 240 231

57 328 120 386 τὰ
142 326 414 399 σπήλαιον
441 326 608 381 πάλιν
640 328 836 394 έκεῖνο,
866 327 955 380 καὶ
983 323 1348 394 ἀναγκαστέοι
1377 320 1567 393 ἄρχειν
1589 323 1657 378 τά
1686 345 1744 379 τε

56 410 184 479 περὶ
202 407 303 464 τόν
321 407 564 477 πόλεμον
583 406 674 461 καὶ
701 405 827 461 ὅσαι
845 407 990 460 νέων
1009 403 1185 475 ἀρχαί,
1213 406 1305 460 ἵνα
1333 401 1463 475 μηδ’
1494 406 1744 476 ἐμπειρίᾳ

59 490 333 559 ὑστερῶσι
351 495 463 544 τῶν
486 486 693 543 ἄλλων
732 487 823 542 καὶ
843 490 919 540 ἔτι
938 488 1028 540 καὶ
1059 488 1121 540 έν
1139 485 1356 550 τούτοις
1373 489 1744 558 βασανιστέοι,

60 577 111 627 εἰ
127 574 460 642 ἐμμενοῦσιν
471 569 759 638 ἑλκόμενοι
778 567 1086 637 πανταχόσε
1106 565 1142 637 ἥ
1161 589 1212 621 τι
1225 568 1315 622 καὶ
1327 567 1744 640 παρακινήσου-

58 671 167 708 σιν.
205 652 429 723 Χρόνον
449 654 525 720 δέ,
547 645 584 722 ἦ
604 647 658 705 δ’
681 648 757 718 ὅς,
789 648 967 703 πόσον
995 654 1195 703 τοῦτον
1223 654 1407 720 τίθης;
1444 654 1747 706 Πεντεκαί-

60 738 193 789 δεκα
213 738 320 804 ἔτη,
339 728 413 803 ἦν
433 730 485 787 δ’
506 731 630 802 ἐγώ.
670 731 989 800 γενομένων
1017 731 1076 785 δὲ
1105 738 1596 801 πεντηκοντουτῶν
1616 730 1749 797 τοὺς

58 816 438 879 διασωθέντας
455 817 545 868 καὶ
568 812 1001 881 ἀριστεύσαντας
1020 811 1400 884 πάντα’πάντῃ
1413 815 1474 868 ἐν
1494 817 1671 884 ἔργοις
1690 835 1748 870 τε

60 897 153 951 καὶ
173 895 491 966 ἐπιστήμαις
522 893 658 963 πρὸς
680 896 832 958 τέλος
859 892 964 965 ἤδη
996 893 1213 963 ἀκτέον,
1244 895 1336 948 καὶ
1368 890 1748 964 ἀναγκαστέον

63 977 467 1040 ἀνακλίναντας
497 975 598 1046 τὴν
623 981 718 1046 τῆς
746 981 923 1045 ψυχῆς
947 972 1131 1045 αὐγὴν
1162 979 1238 1039 εἰς
1268 972 1402 1030 αὐτὸ
1435 971 1747 1049 ἀποβλέψαι

57 1061 120 1114 τὸ
140 1065 271 1113 πᾶσι
291 1065 410 1128 φῶς
430 1059 686 1127 παρέχον,
715 1058 806 1111 καὶ
829 1057 1050 1121 ἰδόντας
1069 1053 1130 1110 τὸ
1149 1054 1373 1125 ἀγαθὸν
1392 1055 1546 1126 αὐτό,
1567 1078 1749 1130 παρα-

61 1145 307 1210 δείγματι
346 1142 662 1208 χρωμένους
699 1139 908 1210 ἐκείνω,
950 1139 1040 1192 καὶ
1076 1136 1241 1192 πόλιν
1276 1139 1366 1193 καὶ
1406 1136 1624 1203 ἰδιώτας
1656 1140 1748 1193 καὶ

58 1218 291 1283 ἑαυτοὺς
318 1229 544 1287 κοσμεῖν
577 1216 676 1272 τὸν
704 1220 986 1272 ἐπίλοιπον
1022 1222 1147 1287 βίον
1183 1220 1244 1272 ἐν
1273 1220 1424 1288 μέρει
1461 1218 1743 1289 ἑκάστους,

64 1301 122 1356 τό
144 1301 244 1371 μὲν
268 1298 412 1355 πολὺ
431 1298 569 1370 πρὸς
588 1303 889 1371 φιλοσοφίᾳ
913 1302 1310 1369 διατρίβοντας,
1333 1297 1470 1354 ὅταν
1490 1302 1547 1354 δὲ
1564 1299 1626 1355 τὰ
1649 1303 1749 1370 μέ-

61 1404 159 1451 ρος
177 1380 302 1452 ἥκῃ,
334 1380 472 1452 πρὸς
502 1386 799 1444 πολιτικοῖς
821 1383 1394 1449 ἐπιταλαιπωροῦντας
1423 1382 1516 1436 καὶ
1543 1379 1751 1452 ἄρχον-

65 1486 161 1528 τας
181 1464 446 1528 ἑκάστους
473 1470 567 1534 τῆς
585 1463 800 1527 πόλεως
818 1463 997 1531 ἕνεκα,
1026 1461 1124 1532 οὐχ
1144 1459 1218 1525 ὥς
1237 1462 1412 1518 καλόν
1438 1484 1490 1518 τι
1518 1461 1641 1519 ἀλλ’
1676 1462 1750 1530 ὦς

63 1545 369 1615 ἀναγκαῖον
388 1546 745 1615 πράττοντας,
766 1547 855 1600 καὶ
877 1543 1052 1610 οὕτως
1080 1545 1282 1609 ἄλλους
1305 1543 1389 1601 ἀεὶ
1409 1546 1749 1602 παιδεύσαν-

64 1650 160 1692 τας
195 1627 499 1697 τοιούτους,
533 1626 1058 1691 ἀντικαταλιπόντας
1093 1633 1190 1698 τῆς
1225 1627 1439 1692 πόλεως
1476 1629 1748 1698 φύλακας,

62 1714 139 1772 εἰς
162 1708 432 1778 μακάρων
449 1709 656 1779 νήσους
687 1706 951 1773 ἀπιόντας
971 1712 1169 1763 οἰκεῖν·
1208 1720 1442 1779 μνημεῖα
1475 1706 1527 1765 δ’
1564 1705 1752 1774 αὐτοῖς

64 1790 155 1846 καὶ
183 1793 387 1853 θυσίας
414 1788 515 1858 τὴν
544 1789 707 1843 πόλιν
744 1793 978 1860 δημοσίᾳ
1010 1800 1206 1858 ποιεῖν,
1238 1789 1337 1844 ἐὰν
1368 1791 1458 1844 καὶ
1486 1787 1521 1860 ἡ
1551 1795 1745 1845 Πυθία

63 1875 384 1940 ξυναναιρῇ,
418 1867 490 1933 ὡς
528 1873 799 1940 δαίμοσιν,
847 1874 896 1924 εἰ
923 1869 980 1924 δὲ
1012 1869 1105 1939 μή,
1145 1865 1217 1933 ὡς
1246 1868 1536 1940 εὐδαίμοσί
1564 1892 1623 1926 τε
1660 1872 1751 1926 καὶ

64 1957 255 2015 θείοις.
305 1951 654 2021 Παγκάλους,
694 1957 818 2022 ἔφη,
856 1949 986 2015 τούς
1022 1949 1309 2021 ἄρχοντας,
1351 1946 1396 2006 ὦ
1433 1950 1747 2023 Σώκρατες,

63 2031 248 2100 ὥσπερ
273 2030 726 2099 ἀνδριαντοποιὸς
746 2030 1107 2103 ἀπείργασαιῗ
1126 2037 1235 2088 Καὶ
1256 2031 1352 2098 τὰς
1372 2032 1650 2105 ἀρχούσας
1667 2055 1749 2105 γε,

66 2107 140 2183 ἦν
158 2111 203 2169 δ’
221 2113 346 2183 ἐγώ,
370 2107 415 2169 ὦ
435 2114 723 2169 Γλαύκων.
762 2113 934 2184 μηδὲν
952 2114 1062 2184 γάρ
1082 2136 1132 2169 τι
1152 2122 1276 2170 οἴου
1295 2137 1362 2185 με
1381 2117 1505 2184 περὶ
1524 2112 1748 2185 ἀνδρῶν

68 2197 343 2266 εἰρηκέναι
360 2201 573 2264 μᾶλλον
592 2192 627 2250 ὁὶ
653 2203 844 2266 εἴρηκα
865 2191 900 2266 ἦ
919 2199 1042 2264 περὶ
1066 2202 1369 2267 γυναικῶν,
1392 2194 1517 2252 ὅσαι
1541 2193 1614 2253 ἂν
1645 2195 1750 2252 αὐ-

61 2282 175 2330 τῶν
201 2278 386 2331 ίκαναὶ
417 2275 512 2341 τάς
534 2276 728 2347 φύσεις
757 2279 1132 2348 ἐγγίγνωνται.
1179 2277 1408 2351 Ὀρθῶς,
1440 2283 1564 2350 ἔφη,
1598 2287 1749 2351 εἴπερ

66 2365 159 2412 ἴσα
179 2379 238 2427 γε
259 2357 439 2412 πάντα
458 2370 569 2423 τοῖς
590 2357 825 2428 ἀνδράσι
845 2361 1301 2431 κοινωνήσουσιν,
1335 2359 1408 2426 ὦς
1427 2362 1746 2433 διήλθομεν.

70 2443 139 2492 Τί
157 2432 290 2504 οὖν;
325 2443 492 2509 ἔφην·
534 2443 853 2510 ξυγχωρεῑτε
874 2444 997 2511 περὶ
1025 2447 1120 2511 τῆς
1149 2442 1361 2507 πόλεώς
1383 2464 1442 2498 τε
1469 2445 1559 2499 καὶ
1590 2451 1749 2499 πολι-

64 2527 209 2584 τείας
234 2520 307 2591 μὴ
330 2522 678 2577 παντάπασιν
697 2520 838 2592 ἡμᾶς
867 2521 1027 2592 εύχάς
1055 2527 1346 2595 εἰρηκέναι,
1381 2523 1519 2581 ἀλλὰ
1541 2525 1748 2596 χαλεπὰ

66 2607 185 2674 με’ν,
209 2602 419 2658 δυνατὰ
441 2607 503 2658 δέ
529 2625 621 2675 πῃ,
655 2606 744 2659 καὶ
775 2603 877 2658 οὐκ
911 2603 1049 2676 ἄλλῃ
1078 2601 1114 2675 ἢ
1153 2613 1379 2676 εἴρηται,
1416 2605 1550 2662 ὅταν
1587 2611 1644 2663 οἰ
1678 2604 1752 2671 ὥς

66 2682 292 2755 ἀληθῶς
312 2685 612 2755 φιλόσοφοι
628 2685 912 2754 δυνάσται,
934 2682 969 2755 ἦ
990 2692 1212 2750 πλείους
1231 2682 1267 2757 ἢ
1289 2683 1378 2751 εἷς,
1400 2691 1461 2743 ἐν
1482 2688 1639 2745 πόλει
1655 2708 1751 2759 γε·

72 2767 423 2837 νόμενοιτιὸν
450 2771 551 2839 μὲν
584 2775 690 2823 νῦν
718 2775 891 2839 τιμῶν
923 2768 1439 2839 καταφρονήσωσιν,
1471 2766 1747 2841 ἡγησάμε-

70 2868 155 2902 νοι
186 2846 593 2919 ἀνελευθέρους
631 2849 767 2905 εἶναι
797 2852 885 2905 καὶ
923 2849 1155 2916 οὐδενὸς
1184 2851 1350 2923 ἀξίας,
1380 2850 1439 2908 τὸ
1473 2854 1531 2907 δὲ
1568 2847 1752 2923 ὀρθὸν

1773 584 1861 630 540
1948 549 1951 551 ¹

1774 1237 1807 1278 Β

1779 1814 1810 1855 C
