1962 3236
26 130 87 177 69
676 116 1061 166 TIMAIot„
1607 113 1711 169 387

23 259 87 313 ἐν
103 261 182 328 τῷ
200 255 426 325 δέρματι
446 252 680 320 πέφυκε,
699 247 958 320 ξυγγενὲς
981 246 1083 320 μὲν
1102 251 1404 320 ίμαντῶδες
1423 245 1494 305 ὃν
1512 248 1709 321 αὐτοῦ,

26 334 400 407 σκληρότερον
429 334 491 388 δὲ
520 332 614 387 καὶ
643 328 989 400 πυκνότερον
1014 334 1083 401 τῇ
1103 329 1318 401 πιλήσει
1350 337 1448 402 τῆς
1471 330 1706 401 ψύξεως,

26 414 98 489 ἣν
117 416 559 486 ἀποχωριζομένη
580 413 847 482 δέρματος
870 410 1070 482 ἑκάστη
1105 411 1235 482 θρὶξ
1266 419 1544 482 ψυχθεῖσα
1564 427 1706 467 συν-

26 497 280 567 επιλήθη.
294 495 472 567 τούτῳ
487 493 553 565 δὴ
569 498 767 549 λασίαν
779 490 938 563 ἡμῶν
954 489 1325 562 ἀπειργάσατο
1338 492 1441 565 τὴν
1454 492 1706 566 κεφαλὴν

24 578 55 634 ὁ
76 584 270 645 ποιεῖν,
293 576 571 648 χρώμενος
589 577 692 645 μὲν
721 578 911 638 αἰτίοις
934 586 1046 639 τοῖς
1074 577 1406 645 εἰρημένοις,
1439 574 1705 632 διανοού-

23 682 190 731 μενος
209 660 268 716 δὲ
287 658 409 715 ἀντὶ
429 657 634 726 σαρκὸς
652 653 788 710 αὐτὸ
813 658 930 711 δεῖν
951 654 1091 710 εἶναι
1112 659 1419 727 στέγασμα,
1455 663 1552 728 τῆς
1580 659 1707 727 περὶ

22 741 123 796 τὸν
141 743 446 811 ἐγκέφαλον
464 739 625 794 ἕνεκα
652 734 954 806 ἀσφαλείας
972 742 1208 807 κοῦφον,
1244 740 1337 793 καὶ
1364 740 1574 808 θέρους
1591 760 1706 810 χει-
1733 757 1765 798 n

23 820 206 892 μῶνός
226 842 283 877 τε
302 820 499 877 ἰκανὸν
521 818 686 875 σκιὰν
705 820 797 874 καὶ
817 821 1026 889 σκέπην
1043 820 1318 888 παρέχειν,
1346 817 1708 892 εὐαισθησίας

24 901 84 957 δὲ
114 901 281 958 οὐδὲν
310 901 630 971 διακώλυμα
658 898 915 971 ἐμποδῶν
941 899 1332 971 γενησόμενον.
1369 899 1431 955 τό
1462 904 1522 956 δὲ
1552 904 1613 957 έν
1642 908 1709 974 τῇ

25 981 150 1050 περὶ
167 978 299 1045 τούς
318 978 624 1043 δακτύλους
643 985 962 1050 καταπλοκῇ
992 983 1096 1034 τοῦ
1121 979 1329 1050 νεύρου
1349 981 1438 1036 καὶ
1457 986 1560 1036 τοῦ
1579 984 1701 1052 δέρ-

25 1084 194 1132 ματος
230 1060 400 1116 ὀστοῦ
429 1082 511 1130 τε,
558 1061 861 1132 ξυμμιχθὲν
899 1064 959 1117 ἐκ
993 1067 1181 1132 τριῶν,
1220 1060 1611 1134 ἀποξηρανθὲν
1646 1066 1703 1120 ἓι

24 1141 220 1198 κοινὸν
277 1141 612 1212 ξυμπάντων
668 1143 912 1212 σκληρὸν
957 1145 1151 1213 γέγονε
1198 1146 1396 1215 δέρμα,
1445 1157 1559 1210 τοῖς
1606 1146 1711 1217 μὲν

24 1227 319 1290 ξυναιτίοις
336 1222 551 1285 τούτοις
583 1226 1016 1294 δημιουργηθέν,
1053 1231 1120 1295 τῇ
1158 1225 1218 1280 δὲ
1256 1227 1550 1309 αἰτιωτάτῃ
1586 1231 1713 1283 δια-

22 1311 149 1379 νοίᾳ
182 1312 295 1360 τῶν
333 1308 515 1360 ἔπειτα
553 1307 833 1375 ἐσομένων
866 1307 1028 1360 ἕνεκα
1064 1310 1441 1379 εἰργασμένον.
1494 1306 1567 1373 ὥς
1601 1311 1708 1381 γάρ

24 1406 157 1442 ποτε
184 1388 238 1451 ἐξ
275 1383 498 1454 ἀνδρῶν
534 1396 792 1455 γυναῖκες
822 1387 913 1442 καὶ
947 1381 1118 1443 τᾶλλα
1148 1393 1321 1459 θηρία
1360 1389 1706 1461 γενήσοιντο,
1732 1411 1764 1456 3³

24 1465 322 1538 ἠπίσταντο
334 1469 391 1521 οἱ
404 1465 754 1531 ξυνιστάντες
773 1463 931 1537 ἡμᾶς,
947 1469 1036 1523 καὶ
1052 1467 1118 1539 δὴ
1138 1470 1228 1524 καὶ
1245 1475 1341 1540 τῆς
1353 1475 1468 1525 τῶν
1486 1468 1709 1542 ὀνύχων

24 1554 205 1618 χρείας
224 1546 309 1602 ὅτι
325 1546 500 1603 πολλοὶ
525 1553 640 1603 τῶν
655 1548 995 1619 θρεμμάτων
1023 1551 1115 1604 καὶ
1146 1552 1232 1606 ἐπὶ
1261 1551 1438 1607 πολλὰ
1459 1553 1708 1625 δεήσοιτο

23 1627 249 1700 ᾔδεσαν,
290 1626 430 1683 ὅθεν
460 1631 521 1683 ἐν
549 1626 872 1698 ἀνθρώποις
909 1628 1087 1695 εύθύς
1119 1635 1468 1703 γιγνομένοις
1499 1633 1711 1690 ὑπετυ-

26 1711 282 1767 πώσαντο
318 1710 419 1782 τὴν
445 1718 558 1767 τῶν
595 1710 817 1783 ὀνύχων
846 1715 1088 1783 γένεσιν·
1126 1714 1304 1788 τούτῳ
1345 1714 1412 1787 δὴ
1444 1722 1524 1792 τῷ
1557 1718 1704 1792 λόγῳ

25 1795 117 1848 καὶ
143 1804 260 1857 ταῖς
285 1793 596 1863 προφάσεσι
623 1795 848 1859 ταύταις
878 1798 1050 1866 δέρμα
1078 1803 1263 1867 τρίχας
1292 1795 1499 1868 ὄνυχάς
1528 1820 1586 1854 τε
1614 1796 1702 1854 ἐπ’

26 1872 216 1942 ἄκροις
235 1886 347 1939 τοῖς
365 1876 563 1940 κώλοις
579 1880 812 1946 ἔφυσαν.

165 1959 382 2010 XXXIV.
415 1955 627 2028 Ἐπειδὴ
664 1958 722 2014 δὲ
759 1956 924 2012 πάντ’
954 1952 1026 2029 ἦν
1063 1958 1128 2013 τὰ
1169 1965 1271 2015 τοῦ
1305 1969 1525 2032 θνητοῦ
1561 1962 1708 2030 ζῶου

26 2035 420 2108 ξυμπεφυκότα
453 2042 590 2109 μέρη
630 2041 721 2094 καὶ
758 2041 920 2110 μέλη,
958 2038 1060 2110 τὴν
1098 2041 1155 2097 δὲ
1190 2040 1333 2114 ζωὴν
1367 2046 1429 2098 ἐν
1456 2046 1590 2116 πυρὶ
1618 2047 1711 2103 καὶ
1737 2053 1796 2106 w

26 2119 298 2189 πνεύματι
336 2121 660 2192 ξυνέβαινεν
699 2122 754 2186 ἐξ
790 2119 1035 2192 ἀνάγκης
1076 2144 1220 2193 εχειν
1256 2122 1434 2199 αύτῷ,
1488 2128 1580 2182 καὶ
1616 2127 1707 2183 διὰ

26 2205 199 2256 ταῦτα
242 2197 352 2254 ὑπὸ
397 2199 612 2257 τούτων
652 2202 964 2274 τηκόμενον
1011 2204 1357 2276 κενούμενόν
1398 2204 1447 2261 τ’
1490 2211 1709 2279 ἔφθινε,

29 2282 299 2353 βοήθειαν
327 2279 480 2354 αὐτῷ
508 2285 634 2339 θεοὶ
665 2307 1033 2356 μηχανωνται.
1084 2293 1179 2358 τῆς
1208 2286 1316 2358 γὰρ
1349 2285 1712 2362 ἀνθρωπίνης

31 2368 265 2433 ξυγγενῆ
289 2363 510 2432 φύσεως
539 2365 713 2435 φύσιν
748 2367 937 2433 αλλαις
959 2369 1125 2433 ἰδέαις
1159 2372 1247 2425 καὶ
1287 2371 1581 2442 αἰσθήσεσι
1616 2394 1710 2428 κε-

30 2443 360 2512 ραννύντες,
394 2443 538 2500 ὥσθ’
570 2447 759 2517 ἕτερον
791 2455 933 2515 ζῶον
962 2449 1129 2520 εἶναι,
1165 2451 1533 2520 φυτεύουσιν·
1575 2452 1611 2508 ἃ
1641 2458 1708 2524 δη

31 2534 139 2581 νῦν
165 2525 338 2596 ἥμερα
368 2529 569 2596 δένδρα
593 2532 682 2583 καὶ
713 2529 859 2598 φυτά
895 2532 985 2585 καὶ
1022 2533 1305 2602 σπέρματα
1338 2537 1710 2590 παιδευθέντα

31 2605 138 2663 ὑπὸ
159 2614 428 2677 γεωργίας
447 2616 688 2675 neam-53
708 2611 844 2679 πρὸς
862 2609 1005 2682 ἡμᾶς
1033 2617 1170 2682 ἔσχε,
1209 2615 1340 2681 πρὶν
1371 2608 1495 2671 δὲ’
1458 2637 1533 2685 ην
1563 2616 1709 2686 μόνα

27 2688 92 2745 τὰ
114 2694 226 2745 τῶν
244 2688 454 2759 ἀγρίων
474 2694 624 2762 γένη,
657 2695 1002 2765 πρεσβύτερα
1021 2716 1132 2750 των
1152 2693 1370 2765 ἡμέρων
1398 2696 1548 2753 ὅντα.
1597 2703 1710 2754 πᾶν
1743 2722 1777 2763 n

30 2769 137 2840 γὰρ
168 2763 292 2839 οὖν,
328 2768 359 2825 ὃ
390 2777 445 2825 τί
468 2791 569 2839 περ
601 2796 673 2828 αν
694 2777 934 2848 μετάσχῃ
955 2782 1055 2831 τοῦ
1076 2781 1189 2847 ζῇν,
1232 2781 1387 2901 ζῶοέ
1409 2781 1512 2884 μὲν
1546 2802 1619 2835 αν
1650 2782 1711 2836 ἐν

1369 2874 1394 2902 0
