1962 3236
226 146 329 197 206
839 150 1013 196 HAA
1034 149 1314 211 11521v02

226 276 453 351 σκιῶνῆ
480 280 811 350 ἀγαλμάτων
847 274 926 335 ὧν
956 284 1016 335 αἱ
1048 282 1332 351 σκιαίκκαὶ
1362 285 1753 353 διαμιλλᾶσθαι
1781 287 1905 355 περὶ

159 367 193 407 Ε
223 363 445 440 τούτου,
466 359 574 432 ὅπῃ
605 362 735 416 ποτὲ
765 360 1209 432 ὑπολαμβάνεται
1242 368 1414 416 ταῦτα
1444 361 1554 418 ὑπὸ
1586 371 1699 419 τῶν
1728 363 1904 437 αὐτὴν

225 442 588 512 δικαιοσύνην
617 441 689 512 μή
710 441 928 497 πώποτε
951 443 1214 510 ι’δόντων;
1258 441 1399 498 Οὐδ’
1422 442 1737 501 ὁπωστιοῦν
1756 455 1906 515 θαυ-

109 542 196 586 518
223 523 452 594 μαστόν,
472 527 592 593 ἔφη.
628 521 771 579 Ἀλλ’
797 529 846 578 εἰ
864 531 1006 579 νοῦν
1021 547 1083 594 γε
1100 529 1211 595 ἒχοι
1229 548 1325 596 τις,
1354 520 1425 596 ἦν
1445 525 1500 580 δ’
1523 527 1646 597 ἐγώ,
1679 525 1900 600 μεμνῇτ’

223 604 313 674 ἄν,
345 604 428 659 ὅτι
448 605 620 659 διτταὶ
646 608 736 658 καὶ
765 603 871 659 ἀπὸ
898 609 1094 661 διττῶν
1125 612 1408 676 γίγνονται
1438 608 1772 679 ἐπιταράξεις
1801 608 1904 679 ὅμ-

224 701 407 755 μασιν,
430 690 491 740 ἔκ
511 706 568 739 τε
589 683 773 755 φωτὸς
794 690 869 750 εἰς
888 686 1083 751 σκότος
1100 691 1522 758 μεθισταμένων
1550 691 1640 745 καὶ
1674 692 1733 745 ἐκ
1768 689 1905 744 σκό-

223 788 354 830 τους
375 771 450 830 εἰς
471 773 590 835 φῶς
606 787 616 797 ·
650 764 820 821 ταύτὰ
840 766 1088 822 δὲταῦτα
1105 774 1334 838 νομίσας
1350 773 1644 839 γίγνεσθαι
1665 772 1756 825 καὶ
1780 771 1905 838 περὶ

223 847 426 920 ψυχήν,
449 844 616 902 ὁπότε
642 851 750 902 ἴδοι
779 851 1213 918 θορυβουμένην
1241 850 1362 904 τινα
1393 853 1484 904 καὶ
1514 848 1907 906 ἀδυνατοῦσάν

164 969 166 972 .
221 951 271 983 τι
283 935 566 1001 καθορᾷν,
588 927 692 984 ούκ
715 926 786 983 ἂν
815 928 1116 998 ἀλογίστως
1146 936 1306 1001 γελῳ,
1339 927 1460 984 ἀλλ’
1497 933 1790 985 ἐπισκοποι
1814 931 1902 999 άν,

192 1031 194 1033 ·
184 1011 460 1108 ’πότερον
480 1013 538 1064 ἐκ
560 1012 871 1078 φανοτέρου
890 1015 1017 1081 βίου
1037 1010 1252 1081 η’κουσα
1275 1009 1383 1064 ὑπὸ
1415 1009 1645 1082 ἀηθείας
1663 1011 1905 1067 ἐσκότω-

136 1076 198 1150 Β
225 1115 313 1146 ται
333 1089 369 1163 ἦ
390 1095 442 1157 ἐξ
469 1090 711 1162 ἀμαθίας
733 1097 984 1157 πλειόνος
1004 1096 1078 1156 εἰς
1098 1091 1409 1163 φανότερον
1428 1097 1591 1147 ἰοῦσα
1622 1090 1731 1147 ὑπὸ
1763 1099 1903 1162 λαμ-

223 1176 496 1244 προτέρου
515 1179 878 1244 μαρμαρυγῆς
897 1175 1281 1244 ἐμπέπλησται,
1309 1175 1399 1228 καὶ
1429 1173 1576 1245 οὕτω
1596 1174 1661 1244 δὴ
1682 1173 1782 1243 τὴν
1803 1194 1901 1242 μευ

223 1254 659 1326 εὐδαιμονίσειεν
683 1250 755 1308 ἀν
773 1261 873 1309 τοῦ
902 1254 1124 1319 πάθους
1153 1277 1211 1309 τε
1240 1256 1331 1310 καὶ
1357 1261 1500 1325 βίου,
1532 1255 1633 1324 τὴν
1669 1255 1725 1309 δὲ
1746 1254 1904 1323 ἐλεή-

223 1357 388 1406 σειεν,
410 1339 501 1392 καὶ
521 1341 571 1391 εἰ
584 1341 755 1409 γελᾷν
774 1334 860 1391 ἐπ’
897 1334 1037 1407 αὕτη
1069 1337 1343 1407 βούλοιτο,
1375 1329 1540 1407 ἦττον
1572 1333 1643 1390 ἂν
1672 1339 1902 1405 καταγέ-

224 1428 421 1483 λαστος
443 1416 471 1475 ὁ
506 1420 676 1488 γέλως
712 1416 865 1472 αὐτω
900 1425 981 1488 εἴη
1020 1414 1056 1488 ἦ
1091 1415 1119 1472 ὁ
1158 1420 1246 1473 ἐπι
1273 1425 1339 1489 τῇ
1376 1417 1602 1473 ἄνωθεν
1633 1421 1692 1472 ἐκ
1723 1416 1904 1487 φωτὸς

223 1499 453 1572 ἡκαύσῃ.
494 1500 602 1554 Καὶ
622 1498 783 1569 μάλα,
804 1502 927 1569 ἔφη,
950 1504 1178 1568 μετρίως
1198 1496 1384 1567 λέγεις.

367 1587 445 1637 IV
485 1590 595 1637 Δεῖ
608 1583 693 1652 δή,
716 1580 888 1649 εἷπον,
911 1579 1055 1651 ἡμας
1073 1580 1289 1635 τοιόνδε
1308 1585 1530 1650 νομίσαι
1551 1582 1675 1647 περὶ
1696 1578 1900 1649 αὐτων,

223 1669 273 1720 εἰ
301 1660 457 1719 ταῦτ’
483 1662 685 1751 ἀληθῆ,
707 1661 809 1733 τὴν
839 1665 1092 1717 παιδείαν
1122 1658 1222 1731 οὐχ
1251 1664 1374 1716 οιάν
1401 1683 1542 1725 τινες
1570 1661 1904 1731 ἐπαγγελλό-

222 1750 384 1816 μενοί
409 1760 581 1814 φασιν
610 1743 748 1798 εἶναι
778 1743 1040 1814 τοιαύτην
1070 1744 1161 1798 καὶ
1190 1742 1345 1798 εἶναι.
1396 1745 1530 1812 φασὶ
1561 1745 1623 1798 δέ
1659 1764 1769 1798 που
1799 1741 1901 1797 οὐκ

165 1850 194 1891 c
225 1825 456 1896 ἐνούσης
476 1828 538 1881 ἐν
561 1832 628 1897 τῇ
648 1832 797 1896 ψυχῇ
825 1823 1119 1895 ἐπιστήμης
1148 1835 1304 1908 σφεῖς
1333 1826 1625 1893 ἐντιθέναι,
1658 1819 1778 1879 οἷον
1805 1844 1904 1877 τυ-

223 1916 383 1979 φλοις
421 1908 733 1979 ὀφθαλμοῖς
765 1906 896 1972 ὄψιν
932 1908 1255 1971 ἐντιθέντες.
1305 1908 1448 1962 Φασὶ
1478 1906 1586 2004 γάρ
1616 1902 1740 1976 οὖν,
1779 1910 1898 1977 ἔφη.

212 1989 273 2046 ‘0
295 1994 356 2045 δέ
373 2012 435 2060 γε
455 1996 563 2044 νῦν
583 1989 763 2059 λόγος,
785 1992 858 2060 ἠν
878 1987 930 2044 δ’
954 1988 1078 2058 ἐγώ,
1101 1994 1368 2058 σημαίνει,
1390 1987 1597 2057 ταύτην
1615 1988 1717 2057 τὴν
1737 1990 1900 2042 ἐνοῦ-

223 2090 329 2127 σαν
347 2071 580 2127 ἑκάστου
609 2070 896 2141 δύναμιν’
870 2092 928 2124 εν
948 2074 1013 2141 τῇ
1040 2076 1187 2140 ψυχῇ
1217 2091 1306 2123 και
1335 2068 1396 2123 τὸ
1429 2068 1690 2139 ὄργανον,
1724 2060 1767 2140 ᾧ
1798 2090 1901 2122 κα-

221 2153 567 2223 ταμανθάνει
587 2153 830 2219 ἕκαστος,
853 2146 972 2205 οἷον
1002 2155 1052 2205 εί
1069 2148 1214 2220 ὄμμα
1244 2151 1316 2220 μὴ
1348 2148 1590 2204 δυνατὸν
1622 2144 1695 2220 ἦν
1726 2148 1904 2213 ἄλλως

222 2231 258 2304 ἦ
279 2233 380 2299 ξὺν
399 2232 510 2307 ὅλῳ
529 2239 606 2306 τῷ
627 2233 834 2302 σώματι
855 2233 1110 2301 στρέφειν
1128 2229 1265 2301 πρὸς
1284 2228 1344 2285 τὸ
1368 2228 1552 2299 φανὸν
1571 2233 1630 2284 ἐκ
1648 2236 1750 2284 τοῦ
1770 2245 1903 2285 σκο-

223 2316 452 2384 τώδους,
479 2312 625 2368 οὕτω
648 2314 747 2379 ξὺν
770 2313 871 2385 ὅλῃ
890 2319 956 2384 τῇ
977 2319 1122 2384 ψυχῇ
1145 2316 1203 2368 ἐκ
1227 2319 1330 2368 τοῦ
1357 2316 1692 2382 γιγνομένου
1711 2332 1902 2378 περια-

223 2400 383 2452 κτέον
404 2395 559 2466 εἶναι,
583 2392 774 2467 ἕωςῖἀν
801 2399 874 2458 εἰς
895 2393 954 2449 τὸ
987 2390 1054 2448 ὂν
1084 2395 1174 2448 καὶ
1194 2400 1295 2448 τοῦ
1315 2393 1474 2457 ὄντος
1501 2392 1562 2447 τὸ
1585 2392 1903 2462 φανότατον

227 2480 433 2550 δυνατὴ
469 2481 692 2549 γένηται
739 2476 1078 2547 ἀνασχέσθαι
1122 2478 1377 2546 θεωμένη
1393 2498 1403 2507 ·
1459 2482 1622 2530 τοῦτο
1662 2473 1713 2529 δ’
1764 2473 1908 2529 εἷναί

166 2590 198 2629 D
227 2583 410 2634 φαμεν
428 2559 706 2631 τάγαθόν·
743 2553 780 2630 ἦ
797 2559 929 2629 γάρ;
967 2563 1096 2614 Ναί.
1146 2557 1357 2614 Τούτου
1380 2562 1590 2626 τοίνυν,
1613 2550 1683 2626 ἦν
1703 2553 1750 2609 δ’
1773 2556 1899 2625 ἐγώ,

226 2641 400 2697 αὐτοῦ
437 2648 596 2712 τέχνη
634 2641 705 2696 ἂν
751 2649 833 2711 εἴη
882 2647 977 2710 τῆς
1019 2644 1380 2709 περιαγωγῆς,
1416 2643 1539 2692 τίνα
1582 2635 1792 2705 τρόπον
1831 2634 1901 2699 ὥς

226 2723 399 2794 ῥᾷστά
428 2745 485 2778 τε
516 2725 606 2779 καὶ
630 2721 1015 2793 ἀνυσιμώτατα
1036 2720 1557 2793 μεταστραφήσεται,
1585 2715 1653 2771 ού
1676 2723 1777 2770 τοῦ
1805 2720 1900 2787 ἐμ-

224 2811 450 2874 ποιῆσαι
470 2803 621 2877 αὐτῷ
640 2803 700 2859 τὸ
725 2803 884 2876 ὁρᾷν,
908 2802 1029 2859 ἀλλ’
1057 2801 1128 2866 ὥς
1148 2808 1324 2872 ἔχοντι
1355 2802 1454 2870 μὲν
1483 2797 1637 2867 αὐτό,
1671 2795 1771 2851 οὐκ
1802 2795 1900 2869 ὀρ-
