1962 3236
78 1160 150 1227 ss

12 1233 70 1289 f

227 176 299 229 80
831 175 1300 224 ΠΛΑΤΩΝΟΣ

227 309 468 382 μιμητὴν
488 310 744 381 ἄκρατον.
817 305 975 363 ’Λλλά
992 308 1127 377 μήν,
1150 299 1192 361 ὦ
1209 304 1546 378 Ἀδείμαντε,
1574 306 1711 378 ἡδύς
1731 329 1792 378 γε
1811 313 1900 365 καὶ

228 390 256 448 ὁ
276 393 637 462 κεκραμένος,
670 388 814 446 πολὺ
834 389 891 444 δὲ
909 386 1130 460 ἥδιστος
1149 393 1306 443 παισί
1328 408 1387 443 τε
1417 391 1507 444 καὶ
1536 392 1902 459 παιδαγωγοῖς

227 470 256 528 ὁ
278 475 525 536 ἐναντίος
557 463 626 526 οὗ
658 468 730 525 σύ
760 472 906 539 αἱρεῖ
934 469 1024 524 καὶ
1050 474 1126 542 τῷ
1163 473 1393 544 πλείστῳ
1429 468 1588 544 ὄχλῳ.
1646 468 1902 534 ’Ἡδιστος

226 554 350 624 γάρ.
384 551 525 609 Ἀλλ’
544 561 673 616 ἴσως
685 593 699 621 ,
719 544 792 622 ἧν
812 548 860 605 δ’
883 549 988 620 ἐγώ
1001 591 1015 620 ,
1031 546 1224 606 οὐκᾶν
1240 549 1413 606 αὐτὸν
1431 549 1722 623 ἁρμόττειν
1738 557 1902 621 φαίης

226 642 296 707 τῇ
330 632 564 708 ἡμετέρᾳ
601 637 870 704 πολιτείᾳ,
912 629 997 686 ὅτι
1035 630 1138 686 οὐκ
1173 635 1286 686 ἔστι
1323 635 1551 697 διπλοῦς
1587 631 1728 703 ἀνὴρ
1767 630 1899 702 παρ’

227 713 359 785 ἡμῖν
379 712 509 771 οὐδὲ
528 717 906 783 πολλαπλοῦς,
938 709 1124 783 ἐπειδὴ
1156 712 1381 777 ἕκαστος
1413 715 1475 768 ἓν
1504 713 1739 781 πράττει.
1817 708 1902 768 Οὐ

226 795 334 866 γὰρ
355 789 462 851 οὖν
480 792 750 867 ἁρμόττει.
802 791 1028 849 Οὐκοῦν
1048 791 1136 848 διὰ
1155 799 1326 848 ταῦτα
1346 796 1405 849 ἐν
1434 792 1577 867 μόνῃ
1594 800 1659 864 τῆ
1679 793 1903 865 τοιαύτῃ

228 875 513 932 πόλειτόν
542 897 600 931 τε
619 874 962 945 σκυτοτόμον
985 873 1326 944 σκυτοτόμον
1361 872 1668 945 εὑρήσομεν
1704 876 1795 929 καὶ
1835 872 1902 929 οὐ

227 957 579 1029 κυβερνήτην
599 955 737 1027 πρὸς
754 962 819 1028 τῇ
840 961 1198 1027 σκυτοτομίᾳ,
1228 956 1318 1010 καὶ
1336 954 1434 1010 τὸν
1460 955 1708 1027 γεωργὸν
1727 976 1901 1024 γεωρ-

191 1096 208 1115 s
227 1036 333 1108 γόν
353 1040 442 1094 καὶ
462 1036 531 1093 οὐ
550 1036 811 1107 δικαστὴν
830 1034 968 1107 πρὸς
986 1042 1051 1109 τῇ
1069 1042 1333 1109 γεωργίᾳ,
1364 1037 1456 1091 καὶ
1475 1034 1575 1090 τὸν
1603 1034 1902 1106 πολεμικὸν

152 1118 190 1159 f
229 1118 530 1190 πολεμικὸν
540 1116 712 1174 καὶού
725 1116 1094 1189 χρηματιστὴν
1107 1115 1244 1188 πρὸς
1261 1123 1327 1191 τῇ
1345 1123 1612 1190 πολεμικῇ
1623 1160 1638 1189 ,
1653 1118 1742 1172 καὶ
1759 1117 1903 1173 πάν-

229 1223 323 1265 τας
344 1198 519 1267 οὕτω;
552 1198 784 1271 Ἀληθῆ,
807 1203 928 1270 ἔφη.
953 1196 1161 1270 ’Ἀνδρα
1182 1197 1276 1270 δή,
1301 1196 1374 1263 ὥς
1394 1203 1536 1256 ἔοικε
1550 1241 1566 1269 ,
1588 1199 1903 1269 δυνάμενον

113 1304 200 1351 393
228 1280 337 1338 ὑπὸ
359 1286 557 1352 σοφίας
583 1279 942 1336 παντοδαπὸν
969 1286 1262 1350 γίγνεσθαι
1284 1282 1380 1336 καὶ
1408 1289 1694 1351 μιμεῖσθαι
1723 1281 1902 1335 πάντα

161 2591 192 2633 C

228 1364 502 1434 χρήματα,
542 1366 593 1417 εί
617 1358 749 1432 ἡμῖν
767 1358 1019 1431 ἀφίκοιτο
1049 1367 1123 1427 εἰς
1151 1361 1253 1432 τὴν
1282 1361 1446 1418 πόλιν
1467 1359 1631 1427 αὐτός
1650 1383 1708 1417 τε
1727 1361 1901 1418 καὶτὰ

228 1444 503 1515 ποιήματα
521 1442 862 1514 βουλόμενος
873 1444 1245 1509 ἐπιδείξασθαι
1258 1486 1271 1512 ,
1293 1454 1701 1514 προσκυνοῖμεν
1716 1440 1787 1499 ἂν
1801 1442 1905 1499 αὐ-

227 1525 327 1582 τὸν
347 1522 421 1590 ὧς
440 1522 593 1596 ἱερὸν
611 1526 702 1579 καὶ
719 1525 1048 1595 θαυμαστὸν
1066 1528 1156 1581 καὶ
1176 1523 1343 1597 ἡδύν,
1382 1533 1627 1596 εἴποιμεν
1657 1523 1706 1579 δ’
1730 1521 1802 1581 ἂν
1821 1523 1905 1581 ὅτι

228 1604 332 1663 οὐκ
350 1611 463 1662 ἔστι
491 1613 739 1671 τοιοῦτος
758 1604 900 1678 ἀνὴρ
930 1610 990 1663 ἐν
1004 1613 1071 1679 τῇ
1090 1605 1245 1663 πόλει
1271 1605 1407 1677 παρ’
1427 1604 1560 1679 ἡμῖν
1590 1604 1718 1664 οὐδὲ
1745 1611 1904 1678 θέμις

227 1690 578 1758 ἐγγενέσθαι,
625 1686 1040 1759 ἀποπέμποιμέν
1086 1710 1145 1743 τε
1183 1693 1258 1754 είς
1301 1688 1476 1761 ἄλλην
1523 1688 1685 1745 πόλιν
1722 1692 1903 1760 μύρον

228 1769 367 1824 κατὰ
389 1776 483 1840 τῆς
501 1775 745 1840 κεφαλῆς
761 1773 1117 1840 καταχέαντες
1131 1773 1222 1826 καὶ
1240 1773 1368 1845 ἐρίῳ
1390 1775 1684 1838 στέψαντες
1697 1814 1711 1842 ,
1748 1768 1904 1826 αὐτοὶ

229 1848 283 1905 δ’
306 1845 378 1905 ἄν
405 1857 483 1924 τῷ
511 1848 895 1925 αὐστηροτέρῳ
930 1853 1024 1907 καὶ
1057 1849 1367 1927 ἀηδεστέρῳ
1405 1858 1603 1925 ποιητῇ
1641 1852 1903 1927 χρῴμεθα

227 1935 317 1986 καὶ
344 1931 647 2006 μυθολόγῳ
681 1929 944 2003 ὠφελείας
964 1933 1151 2002 ἕνεκα,
1171 1930 1232 1998 ὃς
1249 1930 1379 2004 ἡμῖν
1396 1932 1498 2004 τὴν
1516 1939 1617 1989 τοῦ
1634 1935 1905 1998 ἐπιεικοῦς

224 2015 371 2079 λέξιν
416 2025 631 2085 μιμοῖτο
679 2017 769 2069 καὶ
810 2012 876 2069 τὰ
920 2014 1186 2084 λεγόμενα
1231 2017 1380 2084 λέγοι
1424 2017 1486 2070 ἐν
1521 2018 1748 2078 ἐκείνοις
1792 2025 1904 2079 τοῖς

225 2094 444 2164 τύποις,
468 2090 547 2158 οἷς
565 2091 687 2149 κατ’
711 2092 886 2165 άρχοὶςἼ
901 2095 1455 2166 ἐνομοθετησάμεθα,
1477 2093 1568 2151 ὅτε
1584 2093 1715 2159 τούς
1735 2111 1901 2166 στρα-

225 2174 420 2239 τιώτας
445 2177 832 2246 ἐπεχειροῦμεν
862 2176 1157 2232 παιδεύειν.
1233 2179 1342 2232 Καὶ
1372 2174 1523 2248 μάλ’,
1555 2181 1690 2247 ἔφη,
1728 2176 1904 2243 οὕτως

227 2251 299 2311 ἂν
318 2266 596 2327 ποιοῖμεν,
617 2260 664 2311 εἰ
681 2255 769 2327 ἐφ’
789 2253 921 2328 ἡμῖν
941 2265 1037 2330 εζη.
1069 2263 1202 2313 Νῦν
1222 2258 1317 2329 δή,
1354 2257 1510 2314 εἷπον
1524 2257 1631 2327 ἐγώ
1642 2299 1657 2327 ,
1695 2251 1740 2313 ὦ
1760 2263 1901 2329 φίλε,

225 2335 540 2392 κινδυνεύει
558 2335 689 2407 ἡμῖν
707 2343 802 2408 τῆς
823 2345 1088 2410 μουσικῆς
1108 2337 1168 2394 τὸ
1201 2339 1325 2412 περὶ
1355 2339 1556 2410 λόγους
1590 2360 1647 2395 τε
1676 2341 1767 2395 καὶ
1795 2340 1904 2410 μύ-

227 2426 371 2484 θους
391 2425 670 2484 παντελῶς
691 2421 1156 2491 διαπεπεράνθαι·
1197 2420 1232 2477 ἅ
1252 2443 1310 2477 τε
1329 2421 1434 2493 γὰρ
1453 2423 1676 2477 λεκτέον
1710 2424 1800 2478 καὶ
1831 2419 1904 2487 ὡς

226 2501 476 2571 λεκτέον,
507 2507 733 2571 εἴρηται.
805 2504 915 2558 Καὶ
934 2501 1084 2579 αὐτῷ
1100 2526 1193 2575 μοι
1213 2508 1389 2575 δοκεῖ,
1411 2509 1532 2576 ἔφη.

365 2586 424 2637 X.
504 2580 731 2657 Οὐκοῦν
749 2584 882 2655 μετὰ
911 2592 1103 2657 τοῦτο,
1139 2581 1213 2658 ἦν
1245 2584 1296 2642 δ’
1329 2587 1463 2659 ἐγώ,
1508 2585 1567 2642 τὸ
1610 2588 1734 2659 περὶ
1761 2583 1904 2659 ᾠδῆς

225 2662 436 2732 τρόπου
455 2665 546 2720 καὶ
583 2671 767 2736 μελῶν
792 2666 1021 2734 λοιπόν;
1076 2675 1236 2738 Δῆλα
1266 2668 1348 2739 δή.
1414 2662 1535 2738 5Ap’
1565 2662 1670 2723 οὖν
1701 2665 1768 2723 οῦ
1797 2674 1903 2732 πᾶς

223 2741 329 2812 ἤδη
350 2739 420 2799 ἂν
440 2744 622 2818 εὕροι,
662 2746 698 2802 ἃ
715 2745 848 2819 ἡμῖν
866 2751 1090 2804 λεκτέον
1109 2751 1233 2822 περὶ
1251 2749 1465 2821 αὐτῶν,
1513 2743 1601 2803 οἶα
1632 2751 1719 2802 δεῖ
1742 2746 1898 2819 εἶναι,

225 2829 375 2893 εἴπερ
414 2828 683 2896 μέλλομεν
709 2840 821 2893 τοῖς
848 2832 1263 2903 προειρημένοις
1293 2827 1716 2900 συμφωνήσεως
1756 2830 1845 2884 καὶ
1870 2827 1899 2885 ὁ
1936 2860 1937 2863 ¹
