1962 3236
224 145 327 196 208
639 196 642 199 ,
755 108 758 109 ⁷
841 149 1323 198 HAATszzvoz·
1866 162 1875 213 ³..

224 282 442 352 ἐκείνην
478 278 580 351 τὴν
617 279 909 351 ἀνάβασιν,
948 282 1039 335 καὶ
1087 279 1314 339 ἐπειδὰν
1358 279 1667 354 ἀναβάντες
1705 286 1884 353 ἱκαναὶ

193 420 198 425 Ι
223 365 399 432 ἴδωσι,
418 360 493 434 μὴ
520 362 828 431 ἐπιτρέπειν
841 357 1036 425 αὐτοῖς
1058 357 1090 414 ὂ
1110 367 1219 415 νῦν
1237 363 1593 433 ἐπιτρέπεται.
1640 363 1715 419 Τό
1746 359 1907 420 ποῖον
1950 350 1962 403 3³

223 441 294 514 δή
306 465 321 510 ;
366 440 439 498 Τὸ
462 440 654 510 αὐτοῦ,
673 436 744 511 ἦν
765 438 818 496 δ’
842 441 970 510 ἐγώ,
991 444 1319 512 καταμένειν
1343 446 1436 499 καὶ
1467 448 1540 515 μὴ
1563 447 1777 501 ἐθέλειν
1797 446 1908 501 πά-

222 532 314 578 λιν
340 528 695 594 καταβαίνειν
726 521 857 594 παρ’
891 525 1136 587 ἐκείνους
1158 522 1288 589 τοὺς
1317 525 1597 596 δεσμώτας
1617 527 1754 597 μηδὲ
1779 549 1908 597 μετ-

224 609 365 677 έχειν
393 612 508 659 τῶν
543 601 675 674 παρ’
709 605 938 669 ἐκείνοις
966 604 1158 660 πόνων
1189 627 1246 660 τε
1270 608 1362 661 καὶ
1389 612 1579 676 τιμῶν,
1612 616 1718 663 εἴτε
1760 630 1910 678 φαυ-

222 685 443 756 λότεραι
462 693 570 741 εἴτε
589 686 1033 756 σπουδαιότεραι.
1061 686 1276 758 ’Ἑπειτ’,
1299 692 1421 759 ἔφη,
1445 687 1783 760 ἀδικήσομεν
1805 687 1908 744 αὐ-
1959 736 1962 739 ,

219 766 367 837 τούς,
419 769 511 822 καὶ
558 767 863 838 ποιήσομεν
910 780 1096 839 χεῖρον
1144 773 1258 840 ζῇν,
1313 770 1558 825 δυνατὸν
1606 768 1792 835 αὐτοῖς
1840 768 1908 826 ὂν

146 857 156 869 ’
223 846 481 935 ἄμεινον;

163 957 198 998 E
358 936 416 986 V.
439 929 781 1001 Έπελάθου,
803 926 876 1000 ἦν
895 928 947 985 δ’
972 930 1096 1000 ἐγώ,
1120 931 1303 1001 παλιν,
1333 935 1374 986 ὠ
1397 931 1582 1001 φίλε,
1561 931 1645 987 ότι
1666 933 1818 1005 νόμῳ
1840 931 1908 988 οὐ

221 1020 385 1068 τοῦτο
416 1015 582 1082 μέλει,
620 1011 768 1086 ὅπως
796 1034 858 1066 εν
884 1033 934 1066 τι
965 1013 1125 1081 γένος
1166 1014 1227 1066 ἐν
1255 1012 1414 1067 πόλει
1440 1013 1816 1085 διαφερόντως
1844 1008 1908 1068 εὖ

222 1093 430 1164 πράξει,
445 1091 567 1148 ἀλλ’
592 1094 652 1147 ἐν
673 1090 774 1165 ὅλῃ
786 1099 853 1164 τῇ
873 1092 1030 1147 πόλει
1054 1099 1218 1148 τοῦτο
1239 1100 1546 1164 μηχανᾶται
1567 1097 1906 1165 ἐγγενέσθαι,

222 1175 615 1246 ξυναρμόττων
638 1174 769 1240 τοὺς
794 1180 1017 1240 πολίτας
1043 1183 1236 1230 πειθοῖ
1257 1197 1314 1230 τε
1344 1178 1435 1231 καὶ
1465 1174 1699 1248 ἀνάγκῃ,
1732 1183 1909 1231 ποιῶν

222 1255 574 1327 μεταδιδόναι
614 1255 871 1327 ἀλλήλοις
905 1263 1000 1326 τῆς
1049 1255 1331 1327 ὠφελείας,
1376 1255 1445 1327 ἣν
1482 1254 1553 1311 ἂν
1592 1259 1811 1312 ἕκαστοι
1846 1258 1906 1313 τὸ

107 1355 192 1397 520
221 1336 416 1393 κοινὸν
440 1340 667 1393 δυνατοὶ
690 1332 826 1393 ὦσιν
857 1336 1112 1408 ω’φελεῖν,
1134 1340 1224 1393 καὶ
1254 1336 1421 1403 αὐτὸς
1450 1341 1694 1409 ἐμποιῶν
1720 1341 1909 1394 τοιού-

221 1440 349 1482 τους
369 1417 577 1487 ἄνδρας
596 1420 657 1474 ἐν
675 1426 742 1489 τῇ
761 1418 934 1488 πόλει,
948 1417 1050 1490 οὐχ
1067 1421 1159 1474 ἵνα
1176 1418 1313 1491 ἀφίῃ
1331 1421 1633 1488 τρέπεσθαι
1647 1419 1757 1491 ὅπῃ
1777 1422 1906 1475 ἕκα-

221 1519 348 1565 στος
373 1500 651 1571 βούλεται,
683 1498 805 1555 ἀλλ’
837 1503 931 1555 ἵνα
950 1506 1282 1571 καταχρῆται
1301 1499 1470 1566 αὐτὸς
1491 1502 1676 1566 αὐτοῖς
1697 1504 1780 1557 ἐπὶ
1808 1501 1908 1556 τὸν

224 1581 533 1652 ξύνδεσμον
565 1589 660 1652 τῆς
687 1582 916 1646 πόλεως.
956 1579 1182 1654 Ἀληθῆ,
1213 1587 1348 1653 ἔφη·
1396 1582 1752 1654 ἐπελαθόμην
1779 1583 1906 1653 γάρ.

223 1666 438 1730 Σκέψαι
457 1668 668 1733 τοίνυν,
701 1663 875 1734 εἶπον,
911 1657 955 1719 ὦ
981 1665 1272 1735 Γλαύκων,
1301 1663 1385 1719 ὅτι
1415 1663 1536 1720 οὐδ’
1573 1663 1910 1735 ἀδικήσομεν

222 1743 354 1808 τοὺς
390 1743 524 1814 παρ’
566 1742 698 1815 ἡμῖν
733 1744 1081 1816 φιλοσόφους
1114 1750 1495 1816 γιγνομένους,
1535 1742 1671 1800 ἀλλὰ
1723 1750 1906 1800 δίκαια
1960 1762 1962 1766 ”

224 1826 363 1895 πρὸς
383 1825 588 1890 αὐτοὺς
607 1829 860 1897 ἐροῦμεν,
886 1827 1434 1897 προσαναγκάζοντες
1451 1834 1564 1882 τῶν
1584 1825 1770 1881 ἄλλων
1789 1828 1910 1881 ἐπι·
1955 1843 1959 1846 ⁴

168 1921 199 1961 B
221 1912 512 1978 μελεῑσθαί
538 1928 595 1961 τε
624 1910 714 1962 καὶ
744 1907 1059 1976 φυλάττειν.
1099 1911 1336 1978 ἐροῦμεν
1364 1907 1486 1977 γάρ,
1524 1905 1608 1963 ὅτι
1637 1910 1693 1961 οἱ
1719 1905 1819 1976 μὲν
1850 1908 1909 1961 ἐν

221 2001 336 2054 ταῖς
356 1988 546 2054 ἄλλαις
565 1988 756 2044 πόλεσι
785 1995 1028 2044 τοιοῦτοι
1059 1989 1378 2059 γιγνόμενοι
1409 1989 1631 2052 εἰκότως
1659 1986 1726 2042 ού
1752 1990 1908 2057 μετέν-

221 2090 380 2141 χουσι
402 2077 516 2126 τῶν
546 2075 605 2125 ἐν
635 2068 827 2134 αὐταῖς
865 2069 1082 2124 πόνων·
1130 2071 1430 2140 αὐτόματοι
1463 2069 1571 2139 γὰρ
1603 2069 1909 2138 ἐμφύονται

222 2152 464 2222 ἀκούσης
483 2159 579 2223 τῆς
598 2155 658 2206 ἐν
678 2152 878 2223 ἑκάστῃ
898 2155 1187 2221 πολιτείας,
1222 2154 1382 2221 δίκην
1413 2149 1466 2205 δ’
1496 2154 1601 2220 ἔχει
1629 2149 1693 2204 τό
1719 2172 1780 2219 γε
1806 2147 1910 2203 αὐ-
1955 2205 1962 2222 5

221 2235 443 2304 τοφυές,
465 2234 659 2303 μηδενὶ
678 2231 898 2303 τροφὴν
914 2233 1158 2303 ὀφεῖλον,
1181 2231 1310 2303 μηδ’
1335 2235 1566 2287 ἐκτίνειν
1586 2254 1661 2305 τῳ
1684 2239 1907 2302 προθυψ
1952 2226 1962 2245 ²

222 2322 446 2386 μεῖσθαι
464 2313 531 2369 τὰ
559 2326 813 2383 τροφεῖα·
852 2314 995 2385 ὑμᾶς
1026 2310 1077 2369 δ’
1109 2312 1261 2385 ἡμεῖς
1291 2313 1423 2384 ὑμῖν
1456 2335 1514 2368 τε
1543 2311 1727 2377 αὐτοῖς
1755 2319 1822 2384 τῇ
1851 2333 1909 2366 τε
1954 2318 1962 2373 ζ

223 2397 363 2468 ἄλλῃ
383 2395 538 2451 πόλει
559 2394 743 2468 ὥσπερ
760 2399 820 2451 ἐν
841 2396 1107 2467 σμήνεσιν
1135 2395 1412 2466 ἡγεμόνας
1441 2417 1500 2450 τε
1533 2397 1624 2450 καὶ
1654 2397 1909 2465 βασιλέας

223 2477 614 2548 ἐγεννήσαμεν,
637 2476 870 2548 ἄμεινόν
888 2499 947 2532 τε
976 2480 1067 2533 καὶ
1095 2476 1427 2547 τελεώτερον
1455 2480 1683 2532 ἐκείνων
1708 2496 1907 2531 πεπαι-
1944 2478 1962 2565 ὲ

163 2570 193 2611 C
223 2562 526 2630 δευμένους
563 2561 655 2614 καὶ
702 2566 916 2629 μᾶλλον
963 2557 1237 2623 δυνατοὺς
1272 2557 1603 2630 ἀμφοτέρων
1650 2561 1904 2628 μετέχειν.
1944 2571 1962 2640 2

220 2643 562 2712 καταβατέον
585 2635 689 2695 οὖν
709 2642 769 2695 ἐν
790 2642 942 2711 μέρει
961 2640 1171 2713 ἑκάστῳ
1193 2644 1268 2704 εἰς
1286 2640 1388 2710 τὴν
1415 2645 1528 2694 τῶν
1556 2638 1742 2694 ἄλλων
1770 2641 1906 2702 ξυν-
1951 2642 1962 2700 ἐ

223 2727 439 2792 οίκησιν
459 2723 552 2777 καὶ
572 2727 930 2787 ξυνεθιστέον
947 2721 1013 2777 τοὶ
1036 2719 1290 2777 σκοτεινὰ
1308 2720 1627 2776 θεάσασθαι
1640 2740 1650 2750 ·
1679 2724 1894 2784 ξυνεθι-
1946 2714 1962 2777 ἕ

221 2803 440 2874 ζόμενοι
458 2802 563 2873 γὰρ
589 2809 768 2878 μυρίῳ
790 2809 1006 2877 βέλτιον
1034 2805 1244 2873 ὄψεσθε
1270 2809 1382 2858 τῶν
1413 2805 1539 2872 ἐκεῖ,
1571 2803 1662 2856 καὶ
1693 2802 1905 2871 γνώσε-

1943 2894 1962 2929 ι

1938 2945 1959 2964 r*v
