1962 3236
0 0 135 51 ⁵7³⁸}-
169 0 324 24 *vv--
559 0 688 27 τ--ῖ

567 136 1054 187 ΠΟΛΙΤΕΙΑΣ
1089 129 1145 182 ι’.
1616 129 1718 183 301

31 274 188 331 εινὸν
207 270 276 329 ού
298 272 495 345 ῥᾴδιον
514 274 576 327 ἐν
594 282 707 334 τοῖς
734 268 911 325 αὑτοῦ
939 267 1147 324 πάθεσι
1171 266 1432 337 κατέχειν.
1486 263 1722 338 Ἀληθέ-

0 365 7 385 ³
31 372 220 424 στατα,
242 359 363 424 ἔφη.
391 346 508 421 ’Ἆρ’
532 350 633 421 οὐχ
651 347 680 406 ὁ
701 348 869 415 αὐτὸς
896 350 1060 420 λόγος
1077 349 1169 405 καὶ
1192 350 1315 420 περὶ
1342 353 1445 404 τοῦ
1473 351 1715 418 γελοίου,
1747 353 1778 395 C

33 435 137 505 ὅτι,
160 434 232 490 οἶν
251 431 419 499 αὐτὸς
437 432 720 503 αἰσχύνοιο
739 436 1145 501 γελωτοποιων,
1176 432 1239 487 έν
1265 429 1488 503 μιμήσει
1518 428 1584 502 δὴ
1606 450 1719 486 κω-

32 511 303 590 μωδικῇ’“
268 537 302 586 η
331 517 423 571 καὶ
447 517 559 586 ἰδίᾳ
595 510 819 568 άκούων
857 511 1032 567 *ἐὰν*
1067 511 1290 584 σφόδρα
1322 518 1494 585 χαρῇς
1519 513 1612 568 καὶ
1643 509 1716 584 μὴ

31 605 195 670 μισῇς
215 595 288 663 ὥς
314 596 547 669 πονηρά,
568 594 776 651 ταύτὸν
790 608 962 660 ποιεῖς
982 593 1118 666 ὅπερ
1134 597 1195 652 ἐν
1213 607 1324 661 τοῖς
1342 598 1538 661 ἐλέοις·
1523 637 1539 663 ,
1561 592 1593 652 ὃ
1608 594 1718 667 γὰρ

30 688 109 754 τῷ
128 683 276 755 λόγῳ
296 674 370 735 αὖ
387 690 628 750 κατεῖχες
645 680 706 734 ἐν
737 683 925 751 σαυτῷ
943 679 1293 749 βουλόμενον
1310 685 1717 748 γελωτοποιεῖν,

31 763 382 834 φοβούμενος
429 761 599 826 δόξαν
640 765 997 831 βωμολοχίας,
1027 759 1142 816 τότ
1182 753 1255 815 αὖ
1291 759 1447 833 ἀνίης
1484 764 1576 818 καὶ
1612 763 1726 816 ἐκεῖ

31 843 291 900 νεανικὸν
310 843 543 913 ποιήσας
561 846 756 906 ἔλαθες
776 842 1040 907 πολλάκις
1059 845 1119 898 έν
1148 854 1260 908 τοῖς
1293 847 1512 908 οἰκείοις
1538 846 1718 910 ἐξενε-

29 927 183 996 χθεὶς
203 922 341 980 ὥστε
358 922 773 996 κωμῳδιοποιὸς
795 925 1074 993 γενέσθαι.
1126 925 1234 978 Καὶ
1261 923 1424 996 μάλα,
1447 927 1567 995 ἔφη.
1607 927 1718 980 Καὶ
1753 929 1785 970 D

31 1008 155 1074 περὶ
174 1005 522 1077 ἀφροδισίων
540 1006 607 1077 δὴ
630 1007 719 1060 καὶ
737 1011 930 1076 θυμοῦ
954 1007 1045 1061 καὶ
1064 1007 1188 1075 περὶ
1217 1006 1446 1061 πάντων
1463 1010 1579 1061 τῶν
1597 1009 1717 1062 ἐπι-

31 1093 358 1157 θυμητικῶν
376 1109 432 1141 τε
453 1089 543 1142 καὶ
573 1093 840 1157 λυπηρῶν
871 1089 962 1141 καὶ
990 1085 1172 1158 ἡδέων
1200 1091 1260 1143 ἐν
1289 1094 1357 1160 τῇ
1385 1096 1554 1161 ψυχῇ,
1586 1085 1622 1143 ἃ
1647 1086 1716 1160 δή

30 1190 216 1239 φαμεν
252 1168 401 1240 πάσῃ
431 1169 622 1237 πράξει
658 1167 789 1239 ἡμῖν
823 1169 1075 1238 ἕπεσθαι,
1116 1168 1199 1224 ὅτι
1234 1177 1462 1226 τοιαῦτα
1498 1169 1644 1242 ἡμᾶς
1679 1169 1713 1242 ἡ

28 1247 279 1322 ποιητικὴ
302 1254 524 1320 μίμησις
552 1251 859 1320 ἐργάζεται;
889 1253 1076 1321 τρέφει
1107 1251 1213 1320 γὰρ
1242 1257 1414 1307 ταῦτα
1446 1252 1715 1323 ἄρδουσα,

32 1334 159 1387 δέον
177 1329 421 1402 αὐχμεῖν,
442 1333 533 1387 καὶ
553 1331 795 1402 ἄρχοντα
815 1330 945 1402 ἡμῖν
964 1337 1277 1403 καθίστησι,
1300 1335 1428 1388 δέον
1446 1330 1716 1403 ἄρχεσθαι

30 1412 189 1482 αὐτά,
209 1417 301 1468 ἵνα
322 1418 573 1484 βελτίους
594 1436 650 1468 τε
670 1415 760 1469 καὶ
789 1412 1269 1484 εὐδαιμονέστεροι
1300 1411 1422 1469 ἀντὶ
1445 1413 1715 1484 χειρόνων

30 1496 121 1551 καὶ
142 1493 502 1565 ἀθλιωτέρων
519 1494 856 1566 γιγνώμεθα.
899 1494 1021 1551 Ούκ
1039 1499 1141 1566 ἔχω
1162 1494 1342 1560 ἄλλως
1370 1497 1564 1567 φάναι,
1595 1490 1633 1568 ἦ
1658 1495 1714 1552 δ’

27 1575 104 1640 ὅς.
147 1573 393 1646 Οὐκοῦν,
416 1575 588 1646 εἶπον,
612 1572 657 1632 ὦ
675 1577 964 1648 Γλαύκων,
996 1575 1386 1649 ὅτανὉμήρου
1406 1580 1713 1643 ἐπαινέταις
1744 1591 1775 1630 Ε

28 1657 257 1730 ἐντύχῃς
286 1660 563 1729 λέγουσιν,
594 1659 666 1725 ὠς
695 1657 1047 1730 τὴνἙλλάδα
1083 1663 1452 1715 πεπαίδευκεν
1487 1652 1652 1725 οὗτος
1682 1656 1709 1714 ὁ

28 1741 270 1810 ποιητής,
294 1742 383 1796 καὶ
403 1739 542 1811 πρὸς
562 1744 831 1811 διοίκησίν
858 1763 916 1797 τε
946 1743 1037 1796 καὶ
1068 1744 1321 1796 παιδείαν
1348 1745 1463 1797 τῶν
1482 1739 1713 1814 ἄνθρω-

30 1827 208 1875 πίνων
246 1822 584 1893 πραγμάτων
611 1821 765 1888 ἄξιον
806 1822 1144 1895 α’ναλαβόντι
1174 1821 1488 1893 μανθάνειν
1523 1844 1583 1878 τε
1621 1825 1711 1879 καὶ

25 1900 165 1957 κατὰ
199 1908 401 1959 τοῦτον
438 1903 536 1959 τὸν
571 1902 804 1976 ποιητὴν
840 1905 1019 1960 πάντα
1054 1903 1153 1959 τὸν
1179 1901 1356 1960 αὑτοῦ
1384 1909 1511 1976 βίον
1539 1926 1712 1962 κατα-

26 1985 450 2056 σκευασάμενον
468 1990 580 2056 ζῇν,
603 1993 787 2056 φιλεῖν
806 1985 908 2056 μὲν
921 1985 1022 2057 χρὴ
1044 1988 1134 2041 καὶ
1155 1984 1498 2053 ἀσπάζεσθαι
1518 1983 1592 2052 ὡς
1610 1984 1709 2042 ὅν-
1737 1999 1820 2048 607

24 2086 122 2130 τας
149 2070 466 2137 βελτίστους
495 2072 570 2132 εἰς
599 2066 737 2123 ὅσον
766 2069 1050 2140 δύνανται,
1081 2071 1170 2124 καὶ
1208 2081 1515 2140 συγχωρεῖν
1537 2066 1712 2141 Ὅμη-

26 2165 131 2215 ρον
147 2148 582 2219 ποιητικώτατον
600 2148 739 2205 εἶναι
760 2151 852 2205 καὶ
874 2155 1096 2220 πρῶτον
1114 2157 1223 2205 τῶν
1238 2154 1709 2225 τραγῳδιοποιῶν,

26 2229 230 2283 εἰδέναι
254 2231 332 2299 δέ,
355 2229 441 2285 ὅτι
463 2230 599 2287 ὅσον
616 2232 794 2302 μόνον
814 2230 1027 2303 ὕμνους
1045 2240 1201 2297 θεοῖς
1219 2233 1310 2287 καὶ
1336 2232 1578 2304 ἐγκώμια
1597 2244 1711 2298 τοῖς

26 2306 264 2377 ἀγαθοῖς
283 2310 554 2381 ποιήσεως
572 2317 946 2381 παραδεκτέον
966 2318 1041 2379 εἰς
1060 2313 1248 2370 πόλιν·
1289 2318 1340 2370 εἰ
1360 2316 1420 2370 δὲ
1440 2314 1543 2386 τήν
1565 2312 1707 2386 ἡδυ-

26 2390 236 2460 σμένην
249 2395 493 2448 Μοῦσαν
512 2398 799 2463 παραδέξει
827 2398 890 2452 ἐν
908 2398 1128 2467 μέλεσιν
1146 2391 1183 2466 ἢ
1202 2398 1406 2467 ἔπεσιν,
1420 2393 1597 2467 ἡδονή
1618 2413 1707 2452 σοι

25 2471 115 2525 καὶ
136 2470 282 2543 λύπη
300 2474 361 2527 έν
378 2480 447 2545 τῇ
466 2473 620 2531 πόλει
638 2475 1032 2546 βασιλεύσετον
1056 2474 1179 2532 ἀντὶ
1198 2476 1379 2549 νόμου
1403 2499 1461 2533 τε
1485 2478 1576 2533 καὶ
1605 2483 1708 2532 τοῦ

26 2557 187 2624 κοινῇ
212 2551 294 2608 ἀεὶ
322 2554 583 2620 δόξαντος
602 2553 741 2612 εἶναι
757 2562 1046 2628 βελτίστου
1076 2557 1261 2627 λόγου.
1317 2556 1704 2631 Ἀληθέστατα,

164 2718 289 2772 vm.
334 2723 522 2773 Ταῦτα
551 2718 637 2790 δή,
667 2723 825 2792 ἔφην,
858 2717 1279 2792 ἀπολελογίσθω
1297 2718 1429 2794 ἡμῖν
1457 2722 1710 2795 ἆναμνη-
1738 2742 1769 2783 Β

20 2803 206 2853 σθεῖσι
226 2801 348 2871 περὶ
371 2801 658 2874 ποιήσεως,
681 2801 763 2858 ὅτι
793 2802 1014 2869 εἰκότως
1034 2802 1142 2875 ἄρα
1160 2803 1285 2860 τότε
1316 2800 1494 2876 αὐτὴν
1526 2806 1585 2860 ἐκ
1613 2809 1709 2877 τῆς
