1962 3236
314 408 662 481 ΜΙΝΩΣ
706 406 744 489 ἢ
796 408 1076 478 ΠΕΡΙ
1120 411 1482 482 ΝΟΜΟΥ

710 553 1076 632 [πολιτικός]

376 790 463 836 TA
502 790 640 836 ΤΟΥ
671 791 1046 838 ΔΙΑΛΟΓΟΥ
1076 790 1418 838 ΠΡΟΣΩΠΑ

450 906 916 977 ΣΩΚΡΑΤΗΣ,
975 909 1333 964 ΕΤΑιΡοΣ.

1766 1027 1831 1075 St.

1736 1087 1786 1129 11.
1804 1098 1848 1139 p.

197 1134 238 1185 1.
278 1131 337 1187 Ὀ
356 1132 526 1202 νόμος
544 1131 675 1203 ἡμῖν
693 1141 749 1190 τί
763 1138 940 1202 §anm
1765 1148 1853 1194 313

200 1217 310 1268 ΕΤ.
348 1219 522 1268 Ποῖον
539 1217 630 1269 καὶ
650 1218 854 1289 ἐρωτᾷς
873 1217 985 1273 τῶν
1003 1217 1219 1287 νόμων;

198 1298 322 1351 ΣΩ.
362 1298 430 1349 Τί
463 1295 551 1359 δέ;
589 1298 738 1351 ἔστιν
771 1295 805 1352 ὅ
837 1319 889 1352 τι
921 1299 1170 1368 διαφέρει
1203 1295 1374 1366 νόμος
1405 1292 1583 1365 νόμον
1610 1290 1734 1350 κατ’

57 1371 192 1430 αὐτὸ
219 1381 402 1443 τοῦτο,
430 1374 571 1430 κατὰ
601 1375 663 1431 τὸ
693 1379 863 1450 νόμος
898 1379 1061 1443 εἶναι;
1093 1377 1286 1435 σκόπει
1316 1374 1422 1447 γὰρ
1453 1374 1519 1447 δὴ
1543 1373 1574 1430 ὃ
1601 1396 1736 1444 τυγ-

55 1456 208 1526 χάνω
227 1459 450 1525 ἐρωτῶν
468 1474 545 1512 σε.
586 1460 770 1527 ἐρωτῶ
790 1460 916 1531 γάρ,
939 1459 1123 1529 ῶσπερ
1143 1455 1216 1514 ἄν
1236 1463 1286 1514 εἰ
1301 1456 1536 1528 ἠρόμην,
1557 1461 1613 1511 τί
1626 1458 1738 1512 ἐστι

55 1537 274 1608 χρυσός,
298 1545 351 1593 εἰ
362 1559 429 1608 με
452 1534 714 1605 ὡσαύτως
734 1538 967 1611 ἀνήρου,
1001 1540 1198 1596 ὁποῖον
1225 1540 1316 1594 καὶ
1346 1540 1487 1607 λέγω
1508 1534 1735 1606 χρυσόν,

0 1634 1 1637 ’
56 1623 247 1690 οἴομαί
259 1636 319 1674 σε
338 1617 442 1674 οὐκ
461 1615 535 1673 ἄν
555 1617 744 1690 ὀρθῶς
773 1622 1014 1690 ἐρέσθαι.
1045 1619 1213 1677 οὐδὲν
1228 1618 1338 1690 γάρ
1360 1638 1470 1673 που
1488 1619 1738 1687 διαφέρει

58 1699 189 1755 οὔτε
207 1698 409 1771 χρυσὸς
437 1706 648 1771 χρυσοῦ
678 1699 805 1756 οὔτε
840 1709 1000 1767 λίθος
1030 1708 1198 1758 λίθου
1225 1698 1365 1755 κατά
1391 1719 1455 1769 γε
1484 1694 1546 1753 τὸ
1577 1703 1735 1761 awos
1767 1710 1800 1752 Β

58 1780 196 1837 εἶναι
217 1785 306 1838 καὶ
331 1782 468 1837 κατὰ
488 1780 548 1837 τὸ
570 1783 798 1853 χρυσός·
837 1783 984 1839 οὕτω
1005 1787 1064 1840 δὲ
1083 1781 1214 1839 οὐδὲ
1231 1781 1399 1852 νόμος
1426 1799 1537 1835 που
1556 1778 1734 1849 νόμου

60 1860 227 1918 οὐδὲν
246 1866 508 1933 διαφέρει,
531 1862 670 1919 α’λλᾶ
691 1864 890 1930 πάντες
911 1868 1012 1922 εἰσὶ
1032 1863 1253 1920 ταύτόν.
1290 1862 1460 1933 νόμος
1477 1858 1584 1931 γὰρ
1604 1860 1735 1916 ἕκα-

58 1961 185 2008 στος
204 1942 391 1998 αὐτῶν
419 1946 568 1999 ἐστὶν
588 1944 805 2016 ὁμοίως,
830 1946 931 2017 οὐχ
962 1946 992 2002 ὁ
1021 1945 1122 2017 μὲν
1150 1950 1379 2016 μᾶλλον,
1408 1940 1437 1998 ὁ
1468 1940 1520 1998 δ’
1551 1932 1733 2012 ἦττον·

58 2032 221 2082 τοῦτο
251 2025 319 2096 δὴ
349 2024 486 2081 αὐτὸ
513 2030 697 2097 ἐρωτῶ
731 2024 793 2082 τὸ
826 2033 956 2096 πᾶν,
987 2034 1043 2083 τί
1066 2030 1179 2083 ἐστι
1213 2025 1396 2096 νόμος.
1435 2028 1485 2080 εἰ
1515 2018 1623 2079 οὖν
1649 2036 1738 2077 σοι

60 2108 369 2179 πρόχειρον,
392 2112 520 2163 εἰπέ.

200 2194 312 2243 ΕΤ.
353 2193 423 2243 Τί
441 2184 546 2246 οὖν
564 2189 699 2246 ἄλλο
720 2191 892 2261 νόμος
911 2197 995 2260 εἴη
1015 2190 1102 2259 ἅν,
1136 2182 1181 2244 ὦ
1206 2188 1517 2259 Σώκρατες,
1547 2183 1670 2243 ἀλλ’
1700 2181 1738 2257 ἢ

57 2270 122 2326 τὰ
142 2273 499 2341 νομιζόμενας

202 2356 324 2406 ΣΩ.
356 2345 424 2406 'H
457 2353 547 2406 καὶ
583 2354 743 2422 λόγος
784 2369 872 2407 σοι
909 2356 1065 2408 δοκεῖ
1095 2351 1236 2407 εἶναι
1271 2349 1337 2406 τὰ
1375 2348 1662 2421 λεγόμενα,
1700 2344 1737 2418 ἦ

57 2432 183 2496 ὄψις
215 2430 282 2486 τὰ
323 2430 592 2501 ὁρώμενα,
634 2429 669 2503 ἦ
715 2431 852 2504 ἀκοὴ
890 2432 956 2487 τὰ
1000 2429 1340 2501 ἆκουόμενας
1384 2426 1422 2501 ἦ
1467 2431 1600 2486 ἄλλο
1636 2431 1739 2500 μὲν

59 2513 237 2582 λόγος,
258 2511 393 2568 ἄλλο
414 2512 471 2567 δὲ
503 2511 569 2567 τὰ
601 2513 895 2585 λεγόμενα’
926 2515 1017 2568 καὶ
1045 2512 1180 2568 ἄλλο
1209 2512 1310 2583 μὲν
1341 2509 1483 2580 ὄψις,
1514 2510 1648 2566 ἄλλο
1678 2509 1737 2566 δὲ
1769 2520 1802 2564 G

57 2594 122 2649 τὰ
145 2593 424 2664 ὁρώμενα·
462 2595 554 2649 καὶ
574 2592 708 2649 ἄλλο
734 2596 835 2664 μὲν
866 2592 1024 2665 ἀκοή,
1056 2592 1190 2649 ἄλλο
1220 2595 1278 2648 δὲ
1307 2592 1372 2647 τά
1401 2589 1735 2662 ἀκουόμενα,

59 2678 149 2730 καὶ
168 2675 302 2729 ἄλλο
320 2674 386 2744 δὴ
410 2675 594 2745 νόμος,
615 2674 752 2730 ἄλλο
774 2677 831 2730 δὲ
863 2674 930 2730 τὰ
961 2675 1316 2745 νομιζόμενας
1356 2671 1532 2738 οὕτως
1558 2668 1595 2744 ἦ
1623 2678 1740 2737 πῶς

59 2773 147 2811 σοι
177 2760 329 2811 δοκεῖ
339 2781 353 2821 ;
