1962 3236
619 147 1097 196 ΠΟΛΙΤΕΙΑΣ
1123 137 1183 192 α’.
1666 141 1733 194 27

50 284 297 352 ἑκάτεροι
331 285 394 339 ἐν
426 282 663 355 ἑκατέρω
691 282 954 351 λέγομεν,
989 283 1081 335 καὶ
1109 276 1217 350 ἤδη
1250 281 1530 334 δικαστῶν
1563 282 1734 332 τινῶν
1763 298 1796 338 B

47 372 161 421 τῶν
180 363 622 435 διακρινούντων
643 360 983 433 δεησόμεθα·
1005 358 1077 416 ἂν
1096 359 1156 417 δὲ
1175 359 1361 432 ωσπερ
1382 359 1506 428 ἄρτι
1525 355 1734 428 ἀνομο-

0 519 1 522 ,
48 447 381 520 λογούμενοι
409 447 549 518 πρὸς
566 443 840 516 ἀλλήλους
859 462 1181 515 σκοπωμεν,
1219 440 1335 513 ἅμα
1361 438 1528 497 αὐτοί
1551 461 1612 496 τε
1646 443 1734 495 δι-

0 527 5 534 *
47 531 243 585 κασταὶ
263 533 354 586 καὶ
378 528 606 600 ῥήτορες
625 526 881 597 ἐσόμεθα.
930 526 1098 581 Πάνυ
1129 527 1230 596 μὲν
1263 518 1403 594 οὖν,
1437 528 1558 595 ἔφη.
1617 527 1736 577 Πο-

49 615 219 681 τέρως
237 606 345 667 οὖν
364 627 480 678 σοι,
509 603 586 680 ἦν
606 606 657 662 6’
682 606 814 677 ἐγώ,
844 605 1093 677 ἀρέσκει;
1136 605 1357 676 Οὕτως,
1379 610 1502 677 ἔφη.

186 697 291 748 XX.
317 691 431 747 Ἴθι
461 689 555 759 δή,
597 685 670 759 ἦν
705 687 758 743 δ’
790 688 898 759 έγεό
909 729 925 757 ,
963 711 1005 742 ω
1048 687 1407 760 Θρασύμαχε,
1439 685 1736 759 ἀπόκριναι

46 772 179 844 ἡμῖν
208 777 261 839 ἐξ
292 771 487 845 ἀρχῆς·
524 770 628 843 τὴν
654 773 847 826 τελέαν
877 768 1097 826 ἀδικίαν
1126 775 1311 837 τελέας
1331 771 1503 843 οὔσης
1523 774 1736 826 δικαιο-

48 854 220 927 σύνης
240 856 692 925 λυσιτελεστέραν
719 851 829 926 φῂς
848 851 1014 918 εἶναι;
1032 851 1199 908 Πάνυ
1217 853 1320 924 μὲν
1340 846 1446 908 οὖν
1463 855 1555 908 καὶ
1574 856 1733 924 φημί,

0 1006 1 1012 ¹
50 941 186 1008 ἔφη,
216 939 308 992 καὶ
337 934 408 992 δι’
443 935 507 1007 ἅ,
542 944 749 1007 εἴρηκα.
807 939 950 1005 Φέρε
970 933 1037 1006 δὴ
1057 932 1118 991 τὸ
1140 934 1358 991 τοιόνδε
1387 936 1514 1007 περὶ
1547 932 1734 990 αὐτῶν
1766 946 1798 990 Ο

0 1014 1 1031 ³
49 1025 165 1082 πῶς
181 1018 378 1087 λέγεις;
413 1015 474 1072 τὸ
508 1019 611 1088 μέν
643 1037 755 1072 που
782 1013 986 1088 ἀρετὴν
1013 1014 1209 1072 αὐτοῖν
1226 1023 1438 1087 καλεῖς,
1468 1015 1531 1072 τὸ
1553 1014 1614 1071 δὲ
1632 1037 1737 1071 κα-

48 1103 201 1163 κίαν;
233 1104 363 1162 Πῶς
379 1095 485 1167 γὰρ
508 1096 580 1153 οὔ
590 1121 604 1163 ;
647 1095 874 1153 Οὐκοῦν
892 1094 996 1168 τὴν
1012 1096 1114 1168 μὲν
1134 1097 1500 1169 δικαιοσύνην
1518 1094 1736 1168 ἀρετήν,

47 1179 150 1251 τὴν
169 1182 228 1236 δὲ
247 1177 468 1235 ἀδικίαν
485 1184 712 1244 κακίαν;
749 1178 917 1243 Εἰκός
934 1177 1010 1250 γ’,
1050 1184 1183 1251 ἔφη,
1219 1173 1265 1235 ὦ
1292 1179 1509 1251 ἥδιστε,
1547 1179 1736 1251 ἐπειδὴ

48 1263 141 1316 καὶ
176 1263 318 1330 λέγω
358 1258 582 1315 ἀδικίαν
617 1258 719 1331 μὲν
754 1266 1086 1329 λυσιτελεῖν,
1144 1259 1508 1332 δικαιοσύνην
1553 1260 1626 1317 δ’>
1648 1259 1731 1316 οὔ.

43 1339 202 1398 Ἀλλά
221 1347 278 1397 τί
291 1341 428 1413 μήν;
472 1339 845 1412 Τούναντίον,
884 1334 922 1412 ἦ
943 1338 996 1396 δ’
1020 1339 1095 1406 ὅς.
1146 1335 1219 1397 Ἦ
1236 1343 1341 1412 τὴν
1373 1341 1737 1413 δικαιοσύνην

45 1428 270 1488 κακίαν;
325 1422 470 1493 Οὔκ,
502 1421 643 1479 ἀλλά
662 1422 814 1479 πάνυ
832 1427 1098 1493 γενναίαν
1116 1421 1400 1495 εὐήθειαν.
1463 1423 1580 1496 Τὴν
1607 1422 1734 1479 ἀδι-
1761 1428 1798 1470 D

45 1511 175 1561 κίαν
194 1504 303 1577 ἄρα
322 1506 670 1578 κακοήθειαν
689 1513 901 1570 καλεῖς;
941 1503 1063 1562 Οὔκ
1076 1547 1093 1576 ,
1115 1502 1237 1562 ἀλλ’
1259 1503 1587 1577 εὐβουλίαν,
1609 1508 1733 1577 ἔφη.

39 1581 108 1642 Ἦ
132 1589 225 1643 καὶ
258 1586 528 1659 φρόνιμοί
540 1605 652 1658 σοι,
693 1582 739 1644 ὦ
768 1589 1123 1659 Θρασύμαχε,
1163 1592 1430 1644 δοκοῦσιν
1466 1586 1607 1643 εἶναι
1642 1588 1737 1643 καὶ

46 1668 252 1738 ἀγαθοὶ
273 1672 331 1725 οἱ
342 1668 552 1736 ἄδικοι;
594 1673 668 1725 Οἵ
681 1691 746 1741 γε
764 1673 983 1739 τελέως,
1009 1673 1143 1741 ἔφη,
1165 1664 1276 1725 οἷοί
1289 1691 1348 1725 τε
1370 1668 1608 1740 ἀδικεῖν,
1628 1667 1735 1723 πό-

47 1758 159 1816 λεις
177 1771 235 1805 τε
254 1751 347 1805 καὶ
365 1754 504 1821 ἔθνη
529 1750 830 1822 δυνάμενοι
848 1749 1171 1821 ἀνθρώπων
1189 1749 1292 1822 ὑφ’
1307 1748 1541 1816 ἑαυτοὺς
1559 1761 1732 1806 ποιεῖ-

47 1841 208 1888 σθαι·
247 1829 319 1886 σύ
351 1831 411 1887 δὲ
432 1840 534 1888 οἴει
551 1854 619 1904 με
639 1841 770 1899 ἴσως
787 1831 919 1898 τοὺς
936 1831 1002 1888 τὰ
1023 1834 1293 1904 βαλάντια
1321 1831 1734 1903 ἀποτέμνοντας

46 1916 239 1983 λέγειν.
283 1921 557 1970 λυσιτελεῖ
579 1914 682 1984 μὲν
702 1907 834 1984 οὖν,
864 1907 902 1984 ἦ
922 1910 974 1969 δ’
1006 1913 1091 1985 ὅς,
1122 1915 1297 1970 καὶτὰ
1316 1920 1571 1985 τοιαῦτα,
1601 1914 1733 1969 ἐάν-

45 2017 150 2066 περ
169 1998 429 2069 λανθάνῃ
448 2019 458 2029 ·
493 2001 606 2052 ἔστι
626 1999 685 2053 δὲ
704 1995 807 2053 οὐκ
828 1996 952 2063 ἀξια
968 1997 1169 2067 λόγου,
1191 1994 1314 2053 ἀλλ’
1336 1994 1373 2052 ὂί
1391 2002 1500 2052 νῦν
1522 1994 1589 2066 δὴ
1614 1999 1733 2051 ἔλε-

42 2098 161 2149 γον.
222 2084 400 2135 Τοῦτο
419 2081 635 2150 μέντοι,
658 2083 798 2151 ἔφην
811 2122 826 2150 ,
858 2077 962 2135 οὐκ
983 2077 1173 2150 ἀγνοῶ
1190 2076 1223 2134 ὅ
1241 2100 1293 2133 τι
1310 2077 1504 2149 βούλει
1521 2078 1727 2146 λέγειν·
1759 2092 1794 2133 Ε

44 2156 186 2214 ἀλλὰ
205 2159 333 2215 τόδε
352 2159 675 2231 ἐθαύμασα,
707 2165 757 2216 εἰ
772 2163 833 2216 ἐν
854 2157 1048 2231 ἀρετῆς
1067 2161 1160 2215 καὶ
1182 2165 1383 2231 σοφίας
1400 2164 1562 2230 τίθης
1579 2162 1733 2229 μέρει

44 2237 149 2310 τὴν
169 2237 413 2312 ἀδικίαν,
446 2241 548 2313 τὴν
569 2242 627 2298 δὲ
650 2242 1014 2313 δικαιοσύνην
1033 2245 1095 2298 έν
1116 2253 1228 2307 τοῖς
1247 2244 1530 2306 ἐναντίοις.
1568 2237 1730 2297 Ἀλλά

45 2320 197 2376 πάνυ
216 2321 363 2378 οὕτω
382 2328 587 2395 τίθημι.
653 2330 831 2379 Τοῦτο
846 2366 860 2393 ,
891 2318 963 2395 ἦν
982 2322 1034 2379 δ’
1060 2323 1167 2394 ἐγώ
1179 2365 1195 2394 ,
1215 2322 1323 2395 ἤδη
1342 2321 1730 2396 στερεώτερον,

46 2422 89 2455 ω
72 2394 314 2473 ἑταῖρε,
335 2408 427 2459 καὶ
448 2403 633 2461 οὐκέτι
653 2405 850 2478 ράδιον
869 2402 1053 2476 ἔχειν
1032 2402 1064 2461 ό
1082 2411 1140 2461 τί
1151 2428 1233 2471 τις
1252 2413 1394 2478 εἴπῃ.
1433 2410 1486 2462 εἰ
1497 2426 1605 2476 γαρ
1628 2412 1731 2460 λυ·-

47 2489 276 2539 σιτελετν
296 2486 399 2554 μὲν
415 2485 518 2556 τὴν
537 2485 757 2543 ἀδικίαν
775 2490 1012 2557 ἐτίθεσο,
1034 2492 1237 2544 κακίαν
1254 2483 1488 2559 μέντοιῆ
1499 2485 1731 2558 αἰσχρὸν

45 2562 180 2620 αὐτὸ
204 2563 503 2636 ωμολόγεις
523 2567 687 2637 εἶναι,
726 2568 909 2639 ωσπερ
942 2569 1098 2626 αλλοι
1127 2575 1296 2639 τινές,
1337 2578 1556 2640 εἴχομεν
1586 2568 1659 2624 άν
1678 2590 1730 2624 τι

41 2649 223 2743 λέγειν
255 2646 394 2702 κατὰ
422 2646 488 2702 τὰ
509 2648 837 2720 νομιζόμενα
858 2652 1131 2721 λέγοντες
1170 2659 1279 2707 νῦν
1299 2651 1358 2707 δὲ
1378 2655 1543 2721 δῆλος
1568 2649 1677 2707 εἶ’“’
1642 2671 1728 2706 οτι

42 2727 238 2799 φήσεις
268 2726 404 2784 αὐτὸ
438 2731 530 2785 καὶ
558 2731 733 2787 καλὸν
751 2735 844 2787 καὶ
864 2731 1094 2803 ἰσχυρὸν
1115 2732 1255 2789 εἶναι
1273 2735 1364 2789 καὶ
1382 2726 1556 2789 τάλλα
1577 2730 1731 2788 αύτω
1806 2775 1808 2778 ψ

40 2809 220 2865 πάντα
239 2811 642 2883 προσθήσεις,
619 2837 653 2868 α
668 2812 822 2885 ἡμεῖς
839 2838 914 2870 τω
895 2820 1123 2871 δικαίω
1144 2822 1563 2887 προσετίθεμεν,
1583 2819 1731 2871 §nstr-
1755 2831 1844 2878 349
