1962 3236
2 0 35 34 k

22 104 99 173 ω
696 120 908 166 TIMA
923 119 1082 168 102..
1615 117 1720 172 381

37 259 192 318 νοίας
215 255 489 324 ἐπίπνοια,
527 257 623 323 τῆς
650 250 754 321 μὲν
781 250 1108 322 πικρότητος
1136 249 1370 323 ἡσυχίαν
1405 255 1721 323 παρέχουσα

36 340 113 408 τῷ
138 334 271 406 μήτε
302 345 478 390 κινεῖν
513 333 648 405 μήτε
683 332 1104 401 προσάπτεσθαι
1134 339 1232 404 τῆς
1268 335 1518 398 ἐναντίας
1553 333 1723 406 ἑαυτῇ

37 417 262 486 φύσεως
297 419 528 487 ἐθέλειν,
567 414 864 486 γλυκύτητι
901 416 960 471 δὲ
995 421 1064 487 τῇ
1093 413 1214 470 κατ’
1249 417 1427 471 ἐκεῖνο
1457 415 1724 491 ξυμφύτῳ

39 496 179 567 πρὸς
198 493 332 552 αὐτὸ
356 499 609 568 χρωμένη
629 498 718 551 καὶ
739 495 918 551 πάντα
958 494 1106 566 ὀρθοὶ
1144 498 1236 551 καὶ
1271 503 1393 552 λεῖα
1420 496 1596 552 αὐτοῦ
1633 499 1723 553 καὶ
1756 507 1788 548 D

37 579 310 647 ἐλεύθερα
331 576 734 635 ἀπευθύνουσα
747 618 763 646 ,
780 577 948 632 ἵλεων
968 599 1024 633 τε
1044 578 1135 633 καὶ
1154 577 1431 649 εὐήμερον
1449 589 1604 635 ποιοῖ
1618 578 1724 651 τὴν

39 661 165 728 περὶ
185 657 244 715 τὸ
265 653 415 731 ἧπαρ
434 665 613 729 ψυχῆς
631 669 832 729 μοῖραν
850 662 1282 732 κατῳκισμένην,
1311 664 1373 715 ἔν
1391 681 1450 716 τε
1477 667 1547 732 τῇ
1564 662 1725 716 νυκτὶ

40 739 321 811 διαγωγὴν
366 745 602 810 ἔχουσαν
648 744 905 809 μετρίαν,
963 745 1192 812 μαντείᾳ
1242 742 1532 811 χρωμένην
1585 737 1719 796 καθ’

42 821 244 892 ὕπνον,
270 818 455 892 ἐπειδὴ
485 820 660 890 λόγου
692 823 781 875 καὶ
811 821 1136 891 φρονήσεως
1157 817 1227 875 οὐ
1254 833 1476 892 μετεῖχε.
1514 843 1726 893 μεμνη-

39 907 196 975 μένοι
214 902 321 974 γάρ
340 910 436 973 τῆς
461 908 563 959 τοῦ
582 902 788 972 πατρὸς
809 904 1095 974 ἐπιστολῆς
1122 906 1179 959 οἱ
1195 905 1548 969 ξυνιστάντες
1565 903 1724 975 ἡμᾶς,

41 984 134 1041 ὅτε
162 984 223 1041 τό
255 983 469 1056 θνητὸν
504 986 788 1040 ἐπέστελλε
821 987 981 1055 γένος
1019 982 1090 1049 ὡς
1119 982 1348 1052 ἄριστον
1381 989 1456 1049 εἰς
1486 985 1726 1056 δύναμιν

42 1078 238 1134 ποιεῖν,
261 1066 410 1121 οὕτω
429 1064 496 1136 δὴ
517 1071 927 1135 κατορθοῦντες
955 1067 1046 1122 καὶ
1074 1064 1136 1122 τὸ
1167 1072 1389 1137 φαῦλον
1416 1064 1593 1137 ἡμῶν,
1630 1069 1724 1122 ἵνα
1755 1084 1788 1125 Ε

38 1146 307 1218 ἀληθείας
324 1167 401 1219 πῃ
419 1148 809 1217 προσάπτοιτο,
841 1150 1179 1221 κατέστησαν
1213 1151 1273 1204 ἐν
1292 1148 1472 1223 τούτῳ
1500 1148 1563 1204 τὸ
1585 1170 1730 1220 μαν-

38 1239 204 1285 τεῖον.
253 1227 450 1283 ίκανὸν
471 1227 528 1282 δὲ
564 1240 809 1299 σημεῖον,
850 1227 924 1293 ως
959 1227 1232 1300 μαντικὴν
1266 1229 1564 1303 ἀφροσύνῃ
1593 1228 1730 1294 θεὸς

48 1310 375 1381 Σνθρωπίνῃ
393 1311 658 1366 δέδωκεν·
697 1307 878 1375 οὐδεὶς
899 1308 1005 1381 γὰρ
1033 1316 1230 1376 ἔννους
1257 1311 1555 1382 ἐφάπτεται
1585 1333 1725 1382 μαν-

43 1400 195 1465 τικῆς
230 1395 434 1449 ἐνθέου
462 1395 551 1448 καὶ
581 1389 848 1463 άληθοῦς,
887 1389 1070 1464 ἀλλ’ἢ
1098 1390 1234 1448 καθ’
1275 1389 1460 1448 ὕπνον
1494 1392 1598 1464 τὴν
1632 1400 1729 1465 τῆς

43 1476 369 1548 φρονήσεως
403 1475 664 1545 πεδηθεὶς
701 1474 942 1546 δύναμιν
976 1470 1013 1546 ἢ
1050 1473 1141 1530 διὰ
1187 1474 1361 1530 νόσον
1396 1471 1434 1545 ἢ
1472 1474 1562 1531 διά
1604 1497 1728 1530 τινα

43 1556 462 1629 ἐνθουσιασμὸν
481 1556 831 1626 παραλλάξας
846 1599 857 1609 .
874 1560 877 1563 ’
896 1555 1034 1612 ἀλλὰ
1066 1561 1368 1628 ξυννοῆσαι
1397 1556 1499 1627 μὲν
1518 1560 1729 1628 ἔμφρο-

42 1664 140 1707 νος
174 1641 240 1697 τά
275 1662 332 1696 τε
370 1642 612 1712 ῥηθέντα
650 1638 1079 1711 ἀναμνησθέντα
1101 1635 1241 1708 ὄναρ
1271 1636 1308 1709 ἢ
1336 1636 1487 1708 ὕπαρ
1507 1635 1616 1694 ὑπὸ
1636 1644 1731 1709 τῆς

44 1729 309 1797 μαντικῆς
355 1744 412 1778 τε
459 1725 549 1778 καὶ
587 1725 1043 1793 ἐνθουσιαστικῆς
1092 1721 1339 1791 φύσεως,
1386 1722 1477 1776 καὶ
1517 1719 1622 1776 ὅσα
1660 1718 1732 1776 ἄν

46 1806 412 1878 φαντάσματα
455 1801 639 1877 ὀφθῇ,
681 1805 862 1859 πάντα
897 1810 1142 1877 λογισμῷ
1177 1805 1485 1872 διελέσθαι,
1536 1801 1645 1875 ὅπῃ
1681 1823 1732 1857 τι
1759 1822 1816 1869 72

45 1893 297 1960 σημαίνει
322 1887 413 1942 καὶ
443 1884 553 1960 ὅτῳ
573 1888 868 1956 μέλλοντος
905 1883 940 1956 ἦ
971 1885 1350 1953 παρελθόντος
1381 1881 1420 1956 ἦ
1457 1884 1733 1955 παρόντος

49 1975 229 2026 κακοῦ
246 1965 283 2040 ἦ
301 1966 549 2039 ἀγαθοῦ·
587 1976 689 2024 τοῦ
710 1970 768 2023 δὲ
789 1970 1058 2038 μανέντος
1075 1971 1153 2022 ἔτι
1172 1989 1229 2022 τε
1252 1970 1314 2023 ἐν
1330 1965 1510 2041 τούτῳ
1530 1967 1733 2037 μένον-

44 2073 136 2117 τος
173 2048 277 2106 οὐκ
315 2054 482 2120 ἔργον
516 2047 583 2105 τὰ
627 2052 873 2119 φανέντα
912 2051 1002 2105 καὶ
1037 2052 1373 2120 φωνηθέντα
1403 2045 1506 2118 ὑφ’
1531 2048 1734 2103 ἑαυτοῦ

47 2139 279 2204 κρίνειν,
299 2129 421 2188 ἀλλ’
445 2125 511 2187 εὖ
528 2133 620 2188 καὶ
639 2131 807 2188 πάλαι
821 2135 1031 2202 λέγεται
1051 2130 1112 2187 τὸ
1135 2130 1396 2200 πράττειν
1410 2132 1500 2187 καὶ
1518 2134 1734 2202 γνῶναι

45 2213 112 2270 τά
132 2234 189 2269 τε
209 2210 385 2267 αὑτοῦ
415 2215 505 2268 καὶ
541 2211 742 2269 ἑαυτὸν
770 2212 1023 2283 σώφρονι
1046 2213 1202 2286 μόνῳ
1234 2213 1551 2284 προσήκειν.
1592 2209 1734 2267 ὅθεν

51 2294 118 2366 δὴ
138 2294 230 2349 καὶ
249 2292 310 2348 τὸ
330 2297 446 2348 τῶν
463 2299 769 2364 προφητῶν
787 2300 946 2364 γένος
967 2297 1053 2351 ἐπὶ
1070 2306 1187 2360 ταῖς
1210 2297 1426 2360 ἐνθέοις
1454 2298 1733 2365 μαντείαις

50 2376 237 2445 κριτὰς
256 2375 677 2431 ἐπικαθιστάναι
696 2377 888 2447 νόμος·
930 2374 1029 2443 οὓς
1048 2378 1269 2448 μάντεις
1290 2375 1494 2442 αὐτοὺς
1523 2375 1731 2447 όνομά-
1763 2395 1795 2436 Β

52 2463 208 2524 ζουσί
237 2477 407 2522 τινες,
443 2457 504 2512 τὸ
549 2463 663 2512 πᾶν
698 2458 1051 2530 ἠγνοηκότες,
1092 2458 1178 2514 ὅτι
1214 2465 1310 2530 τῆς
1346 2458 1418 2514 δι’
1461 2463 1733 2530 αἰνιγμῶν

53 2532 207 2594 οὗτοι
226 2538 413 2609 φήμης
430 2540 520 2594 καὶ
540 2539 866 2608 φαντάσεως
885 2538 1203 2609 ὑποκριταί,
1230 2541 1320 2596 καὶ
1341 2540 1410 2595 οὔ
1427 2563 1478 2595 τι
1494 2540 1732 2611 μάντεις,

52 2627 330 2690 προφῆται
363 2623 421 2676 δὲ
457 2625 883 2693 μαντευομένων
920 2621 1230 2678 δικαιότατα
1268 2619 1614 2692 ὀνομάζοιντ’
1647 2620 1733 2676 ἄν.

51 2699 84 2774 ἡ
105 2701 206 2773 μὲν
226 2695 332 2757 οὖν
351 2702 520 2773 φύσις
544 2701 746 2774 ἥπατος
764 2702 855 2759 διὰ
875 2710 1048 2759 ταῦτα
1068 2705 1293 2775 τοιαύτη
1318 2726 1374 2760 τε
1393 2705 1484 2759 καὶ
1504 2705 1564 2759 ἐν
1583 2702 1734 2777 τόπῳ

57 2776 102 2855 ᾦ
125 2787 357 2855 λέγομεν
379 2789 608 2855 πέφυκε,
630 2785 794 2857 χάριν
812 2793 1098 2858 μαντικῆς·
1120 2788 1209 2842 καὶ
1230 2790 1306 2842 ἔτι
1324 2787 1426 2856 μὲν
1445 2784 1513 2857 δὴ
1534 2790 1736 2853 ζῶντος
