1962 3236
229 135 335 188 434
520 130 525 136 “
843 137 1320 185 ΠΛΑΤΩΝΟΣ
1823 148 1908 192 116
1947 135 1953 216 ᾖ

164 303 168 305 -
231 267 368 324 κατὰ
396 268 492 334 τὰς
514 274 609 339 τῆς
629 267 906 336 θαλάττης
935 267 1211 338 διαβάσεις
1231 269 1560 338 ἑκασταχόσε
1579 272 1909 342 ἐπιστήσαν-

231 373 340 415 τες·
381 349 479 406 τὸν
500 350 558 405 δὲ
590 355 756 404 λίθον
785 352 1014 417 ἔτεμνον
1043 346 1151 402 ὑπὸ
1181 355 1276 418 τῆς
1301 351 1478 419 νήσου
1508 351 1695 426 κύκλῳ
1725 360 1819 424 τῆς
1848 358 1909 410 ἐν
1959 379 1962 409 <¹

231 433 379 505 μέσῳ
417 432 509 485 καὶ
545 428 655 483 ὑπὸ
695 434 808 484 τῶν
845 436 1058 499 τροχῶν
1094 434 1302 494 ἔξωθεν
1340 433 1431 485 καὶ
1467 433 1636 504 ἐντός,
1675 434 1774 489 τὸν
1809 434 1910 505 μὲν

232 512 453 581 λευκόν,
474 508 573 565 τὸν
594 511 652 566 δὲ
680 513 907 580 μέλανα,
931 508 1031 565 τὸν
1059 511 1116 566 δὲ
1148 509 1394 581 ἐρυθρὸν
1425 513 1584 568 ὄντα·
1621 519 1911 586 τέμνοντες

174 598 206 637 Β
240 594 299 649 δὲ
337 591 448 663 ἅμα
488 592 802 662 εἰργάζοντο
840 598 1172 657 νεωσοίκους
1215 600 1436 658 κοίλους
1472 599 1699 662 διπλοῦς
1736 599 1909 667 ἐντός,
1948 619 1956 643 ῑ

235 686 559 745 κατηρεφεῑς
588 674 729 744 αὐτῇ
757 680 823 745 τῇ
862 677 1048 747 πέτρα.
1086 676 1176 730 καὶ
1212 682 1325 730 τῶν
1362 679 1818 748 οἰκοδομημάτων
1847 679 1911 734 τὰ

234 757 335 825 μὲν
359 753 524 824 ἁπλᾶ,
549 752 616 808 τὰ
638 753 695 809 δὲ
714 755 1007 825 μιγνύντες
1035 754 1165 820 τοὺς
1195 762 1392 821 λίθους
1421 765 1639 814 ποικίλα
1670 757 1913 830 ὕφαινον

234 841 455 901 παιδιᾶς
488 835 666 907 χάριν,
705 834 915 908 ἡδονὴν
953 836 1139 902 αὐτοῖς
1185 839 1476 909 ξύμφυτον
1521 842 1911 912 ἀπονέμοντες·

233 922 324 974 καὶ
343 925 444 974 τοῦ
464 920 565 988 μὲν
585 921 709 986 περὶ
735 917 834 974 τὸν
853 921 1099 985 ἐξωτάτω
1128 919 1329 991 τροχὸν
1359 926 1569 992 τείχους
1598 929 1784 996 χαλκῷ
1816 943 1915 977 πε-

236 1000 612 1071 ριελάμβανον
642 1002 822 1056 πάντα
851 1000 951 1057 τὸν
980 1007 1331 1073 περίδρομον,
1363 999 1483 1059 οἷον
1508 1005 1715 1077 ἀλοιφῇ
1751 1026 1913 1074 προς-

235 1081 527 1151 χρεόμενοι,
547 1089 649 1136 τοῦ
669 1081 717 1137 δ’
751 1080 902 1147 ἐντὸς
923 1086 1214 1157 καττιτέρῳ
1234 1088 1574 1156 περιέτηκον,
1596 1085 1695 1141 τὸν
1716 1085 1774 1141 δὲ
1793 1087 1918 1153 περὶ

175 1172 204 1213 C
238 1162 414 1235 αὐτὴν
438 1163 540 1236 τὴν
561 1163 867 1235 ἀκρόπολιν
886 1164 1187 1239 ὀρειχάλκῳ
1207 1165 1572 1237 μαρμαρυγοὶς
1603 1173 1780 1237 ἔχοντι
1809 1186 1916 1220 πυ-

238 1245 447 1315 ρώδεις.

375 1330 457 1381 ΙΧ.
503 1324 582 1381 Τὰ
607 1326 665 1382 δὲ
690 1325 756 1396 δὴ
789 1332 884 1397 τῆς
906 1326 1259 1399 ἀκροπόλεως
1289 1325 1444 1391 ἐντὸς
1477 1332 1726 1397 βασίλεια
1758 1348 1919 1382 κατε-

237 1410 585 1478 σκευασμένα
607 1400 710 1462 οἷδ’
731 1401 817 1478 ἦν.
857 1410 917 1462 ἐν
934 1411 1079 1480 μέσῳ
1099 1408 1199 1478 μὲν
1219 1408 1371 1477 ἱερὸν
1402 1406 1562 1477 ἅγιον
1592 1404 1796 1462 αὐτόθι
1822 1412 1919 1477 τῆς

237 1511 295 1544 τε
327 1495 594 1553 Κλειτοῦς
630 1491 722 1543 καὶ
756 1495 857 1543 τοῦ
892 1493 1243 1553 Ποσειδῶνος
1280 1487 1490 1560 ἄβατον
1527 1486 1736 1558 ἀφεῖτο,
1762 1508 1919 1559 περι-

238 1570 388 1644 βόλω
408 1576 598 1644 χρυσῷ
616 1573 1099 1642 περιβεβλημένον,
1120 1566 1275 1626 τοῦτ’
1297 1572 1357 1625 ἐν
1378 1562 1423 1642 ᾦ
1446 1568 1569 1625 κατ’
1600 1566 1768 1639 ἀρχὰς
1796 1572 1919 1639 ἐφί-

238 1670 414 1707 τυσαν
433 1652 524 1707 καὶ
543 1654 846 1723 ἐγέννησαν
857 1651 917 1707 τό
938 1658 1050 1707 τῶν
1071 1655 1203 1707 δέκα
1223 1656 1554 1722 βασιλειδῶν
1572 1654 1755 1721 γένος·
1778 1655 1920 1706 ἔνθα

236 1734 328 1789 καὶ
346 1731 468 1788 κατ’
492 1732 748 1789 ε’νιαυτόν
767 1735 826 1788 ἐκ
856 1739 1050 1788 πασῶν
1070 1739 1183 1788 τῶν
1213 1735 1346 1788 δέκα
1375 1732 1586 1803 λήξεων
1615 1728 1786 1802 ὡραῖα
1816 1729 1920 1785 αὐ-

237 1813 364 1869 τόσε
385 1812 688 1870 ἀπετέλουν
706 1812 824 1885 ἱερὰ
852 1817 1080 1870 ἐκείνων
1100 1814 1323 1887 ἑκάστῳ.
1363 1820 1465 1869 τοῦ
1486 1813 1544 1869 δὲ
1570 1817 1922 1876 Ποσειδῶνος

178 1909 213 1950 D
246 1893 422 1950 αὐτοῦ
440 1893 579 1959 νεώς
598 1889 687 1966 ἧν,
723 1898 950 1950 σταδίου
980 1897 1080 1966 μὲν
1111 1902 1300 1966 μῆκος,
1332 1888 1493 1964 εὖρος
1526 1895 1586 1950 δὲ
1620 1895 1762 1964 τρισὶ
1789 1893 1919 1947 πλέ-

237 1983 416 2046 θροις,
451 1974 595 2042 ὕψος
625 1974 678 2030 δ’
709 1978 795 2032 ἐπὶ
823 1977 1042 2041 τούτοις
1063 1977 1379 2047 σύμμετρον
1407 1980 1561 2044 ἰδεῖν,
1595 1974 1737 2037 εἶδος
1773 1973 1836 2027 δέ
1868 1995 1919 2027 τι

237 2055 587 2129 βαρβαρικὸν
616 2062 862 2127 ἔχοντος·
901 2058 1080 2113 πάντα
1102 2058 1161 2113 δὲ
1191 2061 1399 2123 ἔξωθεν
1432 2055 1790 2126 περιήλειψαν
1819 2053 1918 2109 τὸν

239 2138 387 2193 νεών
417 2137 664 2212 ἀργύρῳ,
703 2138 850 2209 πλὴν
880 2146 992 2194 τῶν
1017 2136 1392 2208 ἀκρωτηρίων,
1420 2134 1486 2191 τὰ
1520 2136 1579 2191 δὲ
1607 2133 1919 2206 ἀκρωτήρια
1948 2160 1962 2174 ’-

242 2223 455 2290 χρυσῷ·
492 2216 559 2272 τὰ
581 2218 641 2273 δὲ
669 2220 839 2287 ἐντός,
869 2217 971 2288 τὴν
1006 2218 1107 2289 μὲν
1138 2215 1355 2288 ὀροφὴν
1389 2220 1753 2288 ἐλεφαντίνην
1784 2219 1920 2270 ἰδεῖν
1956 2287 1958 2289 ‚

239 2305 425 2354 πᾶσαν
453 2306 640 2373 χρυσῷ
672 2301 763 2354 καὶ
794 2297 1092 2372 ὀρειχάλκφ
1119 2301 1563 2368 πεποικιλμένην,
1597 2295 1662 2352 τὰ
1692 2296 1751 2352 δὲ
1779 2294 1919 2351 ἄλλα

242 2381 425 2435 πάντα
442 2386 555 2434 τῶν
570 2384 766 2450 τοίχων
786 2402 844 2435 τε
874 2383 965 2435 καὶ
993 2381 1201 2435 κιόνων
1228 2383 1317 2435 καὶ
1349 2381 1592 2449 ἐδάφους
1622 2376 1917 2450 ὀρειχάλκφ

244 2464 587 2533 περιέλαβον.
617 2467 794 2532 χρυσᾶ
814 2460 873 2516 δὲ
893 2459 1176 2532 ἀγάλματα
1195 2463 1508 2531 ἐνέστησαν,
1534 2457 1633 2514 τὸν
1662 2460 1762 2528 μὲν
1780 2456 1921 2512 θεὸν

184 2552 217 2594 Ε
251 2540 343 2614 ἐφ’
365 2542 607 2614 ἅρματος
628 2545 833 2599 ἑστῶτα
853 2545 908 2608 ἓξ
928 2541 1253 2613 ὑποπτέρων
1271 2546 1454 2596 ἵππων
1481 2538 1722 2610 ἡνίοχον,
1748 2537 1920 2593 αὐτὸν

246 2624 305 2680 δὲ
338 2620 446 2679 ὑπὸ
483 2626 757 2694 μεγέθους
789 2630 858 2695 τῇ
893 2630 1116 2694 κορυφῇ
1147 2630 1240 2692 τῆς
1277 2620 1488 2692 ὀροφῆς
1517 2621 1916 2691 ἐφαπτόμενον,

246 2709 514 2777 Νηρῇδας
534 2707 594 2760 δὲ
622 2708 710 2761 ἐπὶ
740 2709 1017 2775 δελφίνων
1044 2703 1236 2760 ἑκατὸν
1265 2703 1479 2777 κύκλῳ·
1517 2700 1785 2762 τοσαύτας
1812 2696 1919 2767 γάρ

244 2786 493 2855 ἐνόμιζον
514 2784 694 2852 ἀὐτὰς
723 2790 778 2843 oc
802 2786 923 2842 τότε
954 2785 1116 2842 εἶναι·
1156 2784 1331 2840 πολλὰ
1370 2783 1422 2838 δ’
1462 2782 1599 2847 ἄλλα
1634 2779 1920 2849 ἀγάλματα
