1962 3236
191 155 295 208 356
809 161 982 208 HAA
999 125 1285 211 ΤΩΝοΣ
1814 176 1873 219 38

191 297 371 394 μητρί,
391 291 452 348 τό
483 291 533 347 δ’
559 290 698 347 ὅθεν
721 296 902 361 πατρί,
922 292 1024 362 τὴν
1046 292 1105 348 δὲ
1132 293 1334 363 μεταξὺ
1353 295 1569 352 τούτων
1587 298 1762 368 φύσιν
1780 303 1871 356 ἐκ--
1947 332 1951 336 ·

190 376 360 448 γόνῳ,
389 379 593 445 νοῆσαί
606 394 679 443 τε,
703 395 777 438 ως
797 370 900 429 οὐκ
922 370 994 428 ὅὶν
1014 374 1211 443 α’λλως,
1242 377 1630 450 ἐκτυπώματος
1647 383 1874 437 ἔσεσθαι

192 459 488 527 μέλλοντος
507 457 647 510 ἰδεῖν
666 459 921 510 ποικίλου
940 454 1119 520 πάσας
1138 464 1426 556 ποικιλίας,
1450 459 1603 515 τοῦτ’
1627 460 1781 532 αὐτό,
1813 466 1874 518 ἐν

194 530 241 612 ᾦ
239 535 676 634 -e'utvwov'ffoevov
694 537 984 605 ἐνίσταται,
1014 535 1217 607 γένοιτ’
1249 534 1322 594 ἂν
1352 545 1874 641 παρεσκευασμένον

194 621 276 688 εὐ,
305 617 450 688 πλὴν
479 614 739 687 ἄμορφον
772 613 841 672 ὃν
873 619 1100 674 ἐκείνων
1131 616 1363 675 ἁπασῶν
1388 643 1500 676 των
1529 627 1710 695 ἰδεῶν,
1741 624 1874 691 ὅσας

133 715 166 754 Ε
196 701 382 770 μέλλοι
408 702 669 769 δέχεσθαί
694 707 890 754 ποθεν.
928 697 1123 770 ὅμοιον
1152 722 1259 772 γαρ
1289 697 1358 755 ὃν
1386 709 1498 757 τῶν
1517 704 1873 761 ἐπεισιόντων

104 1522 158 1565 51

189 783 295 836 τινὶ
314 779 381 835 τοὶ
400 787 496 851 τῆς
515 781 767 844 ἐναντίας
784 778 850 835 τά
881 801 939 835 τε
966 786 1061 851 τῆς
1082 778 1143 836 τὸ
1165 781 1427 852 παράπαν
1444 781 1613 855 ἄλλης
1633 785 1870 857 φύσεως,

190 859 350 918 ὁπότ’
381 866 555 931 ἔλθοι,
594 860 893 932 δεχόμενον
921 869 1104 927 κακῶς
1139 858 1212 916 ἄν
1247 860 1522 935 ἀφομοιοῖ,
1561 863 1663 936 τὴν
1699 865 1875 923 αὑτοῦ

191 955 578 1017 παρεμφαῖνον
622 943 764 1010 ὄψιν.
820 945 903 999 διὸ
940 946 1031 999 καὶ
1076 943 1303 999 πάντων
1336 946 1492 1010 ἐκτὸς
1527 951 1688 1002 εἰδῶν
1733 947 1875 1004 εἶναι

188 1024 370 1096 χρεων
388 1023 448 1080 τὸ
474 1024 540 1080 τὰ
571 1025 751 1080 πάντα
782 1025 1141 1095 ἐκδεξάμενον
1171 1027 1232 1080 ἐν
1263 1023 1415 1096 αὐτῷ
1438 1028 1587 1097 γένη,
1618 1029 1873 1099 καθάπερ

191 1105 400 1174 περὶτὰ
421 1105 740 1176 ἀλείμματα,
765 1103 943 1160 ὁπόσα
962 1104 1161 1177 εὐώδη,
1175 1110 1338 1179 τέχνῃ
1349 1114 1701 1178 μηχανῶνται
1721 1117 1875 1177 πρῶ-

192 1208 292 1241 τον
310 1184 461 1241 τοῦτ’
490 1185 624 1241 αὐτὸ
648 1184 919 1256 ὑπάρχον,
942 1192 1198 1242 ποιοῦσιν
1219 1185 1252 1242 ὅ
1278 1208 1331 1241 τι
1359 1187 1592 1257 μάλιστα
1622 1187 1775 1261 ἀω’δη
1806 1191 1872 1246 τὰ

193 1269 458 1339 δεξόμενα
477 1265 622 1338 ὑγροὶ
651 1266 748 1332 τὰς
777 1266 976 1338 demtis·
1012 1267 1134 1324 ὅσοι
1161 1289 1218 1323 τε
1249 1272 1309 1323 ἔν
1336 1285 1443 1323 τισι
1471 1276 1584 1324 τῶν
1612 1278 1875 1340 μαλακῶν

194 1350 442 1420 σχήματα
462 1348 796 1447 ἀπομάττειν
824 1351 1175 1419 ἐπιχειροῦσι,
1196 1349 1256 1404 τὸ
1281 1349 1545 1421 παράπαν
1566 1357 1743 1422 σχῆμα
1773 1353 1874 1408 οὐ-

193 1431 289 1486 δεν
308 1434 541 1500 ἔνδηλον
558 1427 824 1500 ὑπάρχειν
844 1433 990 1498 ἐῶσι,
1021 1431 1508 1500 προομαλύναντες
1528 1430 1628 1486 δὲ
1606 1431 1639 1487 ό
1659 1455 1710 1487 τι
1730 1434 1876 1488 λειό-

191 1533 358 1567 τατον
385 1509 797 1581 ἀπεργάζονται.
837 1508 1043 1567 ταύτὸν
1074 1514 1178 1567 οὐν
1206 1513 1296 1567 καὶ
1325 1518 1404 1582 τῷ
1421 1511 1486 1567 τὰ
1517 1519 1628 1568 τῶν
1647 1514 1876 1568 πάντων

193 1591 284 1647 ἀεί
317 1613 372 1646 τε
411 1590 592 1646 ὄντων
628 1613 768 1646 κατα
804 1611 916 1646 παν
954 1593 1156 1648 ἑαυτοῦ
1188 1593 1449 1657 πολλάκις
1477 1593 1876 1665 ἀφομοιώματα

195 1680 373 1738 καλῶς
411 1676 665 1744 μέλλοντι
704 1676 960 1744 δέχεσθαι
988 1674 1214 1730 πάντων
1251 1673 1404 1739 ἐκτὸς
1434 1672 1587 1749 αὐτῷ
1611 1676 1878 1747 προσήκει

194 1756 500 1824 πεφυκέναι
519 1761 632 1809 τῶν
662 1759 840 1811 εἰδῶν.
883 1755 966 1810 διὸ
991 1755 1058 1825 δὴ
1086 1754 1188 1827 τὴν
1217 1762 1318 1811 τοῦ
1347 1757 1640 1826 γεγονότος
1671 1755 1880 1827 ὁρατοῦ

190 1839 284 1893 καὶ
304 1836 524 1900 πάντως
543 1840 815 1907 αἰσθητοῦ
836 1839 1040 1909 μητέρα
1059 1840 1150 1893 καὶ
1168 1836 1451 1909 ὑποδοχὴν
1469 1840 1600 1909 μήτε
1619 1846 1725 1909 γῆν
1745 1838 1878 1909 μήτε

194 1918 328 1987 ἀέρα
348 1918 484 1989 μήτε
509 1924 621 1988 πῦρ
642 1919 775 1988 μήτε
796 1918 950 1987 ὕδωρ
980 1921 1241 1990 λέγωμεν,
1273 1919 1408 1991 μήτε
1439 1918 1545 1975 ὅσα
1575 1923 1634 1975 ἐκ
1662 1921 1875 1975 τούτων

194 2001 329 2072 μήτε
355 2002 410 2065 ἐξ
439 1992 517 2054 ὧν
541 2005 714 2054 ταῦτα
744 2002 999 2071 γέγονεν’
1042 1999 1162 2057 ἀλλ’
1207 2000 1488 2072 ἀνόρατον
1522 2000 1666 2064 εἶδός
1700 2023 1750 2055 τι
1785 2003 1877 2055 καὶ

195 2081 470 2151 ἄμορφον,
493 2083 773 2151 πανδεχές,
805 2082 1231 2152 μεταλαμβάνον
1257 2082 1315 2137 δὲ
1334 2080 1663 2152 ἀπορώτατά
1680 2102 1756 2154 πῃ
1778 2089 1877 2137 τοῦ

137 2183 169 2222 Β
199 2169 405 2233 νοητοῦ
425 2164 515 2218 καὶ
535 2163 987 2218 δυσαλωτότατον
1012 2161 1146 2217 αὐτὸ
1170 2166 1420 2232 λέγοντες
1438 2161 1507 2217 οὐ
1535 2163 1877 2232 ψευσόμεθα,

195 2243 330 2298 καθ’
354 2242 489 2297 ὅσον
511 2241 565 2296 δ’
587 2247 645 2297 ἐκ
666 2249 778 2297 τῶν
807 2248 1222 2313 προειρημένων
1255 2241 1499 2298 δυνατὸν
1529 2245 1879 2313 ἐφικνεῖσθαι

195 2330 291 2395 τῆς
311 2324 534 2394 φύσεως
559 2321 751 2390 αὐτοῦ,
772 2322 895 2394 τῇδ’
926 2324 997 2378 ἄν
1016 2346 1096 2388 τις
1127 2323 1406 2395 ὀρθότατα
1438 2326 1603 2394 λέγοι,
1634 2331 1747 2395 πῦρ
1781 2325 1882 2395 μὲν

196 2404 450 2461 ἑκάστοτε
482 2403 656 2458 αὐτοῦ
677 2401 736 2458 τὸ
761 2406 1160 2474 πεπυρωμένον
1191 2407 1354 2474 μέρος
1380 2410 1697 2475 φαίνεσθαι,
1728 2406 1788 2460 τὸ
1823 2406 1881 2460 δὲ

196 2484 485 2556 ὑγρανθὲν
505 2483 676 2554 ὕδωρ,
698 2490 804 2555 γῆν
828 2486 994 2540 δὲκαὶ
1015 2483 1167 2555 ἀέρα,
1188 2483 1326 2540 καθ’
1349 2484 1486 2540 ὅσον
1506 2482 1577 2540 ἄν
1599 2486 1880 2556 μιμήματα

195 2566 414 2622 τούτων
436 2568 658 2636 δέχεται.
690 2566 837 2639 λόγῳ
859 2567 918 2622 δὲ
939 2565 1004 2636 δὴ
1027 2573 1240 2636 μᾶλλον
1260 2565 1320 2621 τὸ
1343 2568 1560 2622 τοιόνδε
1583 2568 1883 2636 διοριζομέ-

197 2668 331 2712 νους
350 2649 474 2717 περὶ
495 2645 681 2702 αὐτῶν
702 2651 1084 2703 διασκεπτέον·
1124 2641 1213 2720 ἀρ’
1251 2653 1364 2703 ἔστι
1392 2671 1442 2703 τι
1470 2655 1583 2719 πῦρ
1622 2645 1754 2702 αὐτὸ
1787 2644 1875 2715 ἐφ’

144 2739 173 2780 C
200 2731 399 2784 ἑαυτοῦ
418 2729 510 2784 καὶ
529 2729 727 2798 πάντα,
748 2732 873 2799 περὶ
903 2722 982 2784 ὧν
1002 2728 1087 2784 ἀεὶ
1113 2731 1346 2800 λέγομεν
1376 2729 1551 2794 οὕτως
1581 2726 1720 2782 αὐτοὶ
1740 2724 1881 2781 καθ’

203 2807 339 2863 αὑτὰ
374 2809 508 2865 ὅντα
545 2812 766 2880 ἕκαστα,
803 2808 839 2881 ἦ
875 2818 1066 2880 ταῦτα,
1105 2809 1245 2880 ἅπερ
1274 2812 1364 2866 καὶ
1389 2813 1662 2881 βλέπομεν
1693 2807 1795 2863 ὅσα
1826 2830 1882 2863 τε
1915 2855 1919 2859 .
