1962 3236
180 178 250 229 20
776 177 1255 225 ΠΛΑΤῼΝΟΣ

181 313 392 379 ἕωσπερ
422 307 492 366 ἂν
520 304 558 382 ᾗ
585 309 782 380 ἑκάστη
809 306 1038 379 ἀκριβὴς
1066 306 1166 377 ὅλη
1195 305 1337 377 ἥπερ
1368 308 1507 373 ἐστί;
1543 308 1633 362 καὶ
1661 306 1852 361 σκόπει

180 394 371 465 ἐκείνῳ
407 397 483 464 τῷ
522 391 736 461 ἀκριβεῖ
772 391 945 462 λόγῳ·
982 387 1157 453 οὕτως
1183 384 1220 458 ἦ
1253 387 1432 451 ἄλλως
1469 392 1602 458 ἔχεις
1646 385 1854 455 Οὕτως,

179 480 313 545 ἔφη,
334 479 603 543 φαίνεται.
662 470 783 526 Οὐκ
815 470 949 540 ἄρα,
987 472 1060 540 ήν
1079 466 1131 524 δ’
1154 468 1289 540 ἐγω,
1320 467 1533 540 ἰατρική
1561 474 1777 541 ἰατρικῇ
1794 467 1855 523 ve>

116 566 150 609 G
179 557 461 660 ξυμφέρον
479 565 678 609 σκοπεῖ
690 550 829 607 ἀλλὰ
851 552 1076 621 σώματι.
1130 555 1272 621 Ναί,
1310 555 1429 622 ἔφη.
1484 549 1632 606 Οὐδὲ
1659 548 1854 620 ιππικὴ

180 641 374 708 ἱππικῇ
395 634 519 691 ἀλλ’
540 637 747 697 ἵπποις·
789 631 921 689 οὐδε
936 631 1074 703 άλλη
1093 633 1252 703 τέχνη
1274 631 1548 702 οὐδεμία
1522 638 1705 702 εαυτῇ,
1727 629 1855 687 οὐδὲ

179 717 285 787 γάρ
315 718 656 781 προσδεῖται,
693 711 817 769 ἀλλ’
849 715 1042 798 ἐκείνῳ
1074 706 1145 767 οὗ
1171 716 1328 784 τέχνη
1360 715 1519 768 ἐστίν.
1578 719 1854 782 Φαίνεται,

181 804 305 868 ἔφη,
328 797 520 861 ου’τως.
553 793 713 851 Ἀλλά
733 795 871 865 μήν,
904 789 948 850 ὠ
971 795 1325 866 Θρασύμαχε,
1365 794 1600 865 άρχουσί
1613 816 1674 864 γε
1693 797 1753 849 αι
1769 796 1857 848 τέ-

179 901 305 949 χναι
323 882 411 934 καὶ
431 882 732 944 κρατοῦσιν
754 881 994 946 ἐκείνου,
1036 869 1207 944 οὗπέρ
1228 881 1331 931 εἰσι
1358 879 1555 945 τέχναι.
1592 875 1856 944 Συνεχώ-

181 977 351 1030 ρησεν
383 961 629 1015 ἐνταῦθα
656 958 747 1012 καὶ
774 957 920 1027 μάλα
961 957 1130 1026 μόγις.
1193 954 1313 1011 Οὐκ
1350 955 1457 1024 ἄρα
1494 956 1758 1024 ἐπιστήμη
1795 975 1856 1024 γε

181 1038 409 1110 οὐδεμία
431 1038 491 1094 τὸ
512 1045 614 1094 τοῦ
643 1044 954 1105 κρείττονος
983 1037 1264 1106 ξυμφέρον
1285 1047 1482 1091 σκοπεῖ
1494 1034 1614 1090 οὐδ’
1642 1034 1858 1090 ἐπιτάτέ

113 1135 148 1177 D
182 1143 283 1190 τει,
320 1119 459 1177 ἀλλὰ
480 1120 541 1175 τὸ
574 1127 676 1175 τοῦ
704 1117 932 1190 ἥττονός
960 1140 1017 1173 τε
1045 1121 1137 1174 καὶ
1167 1116 1476 1189 ἀρχομένου
1504 1115 1613 1172 ὑπὸ
1645 1118 1855 1186 ἑαυτῆς.

178 1202 622 1273 Ξννωμολόγησε
640 1202 743 1272 μὲν
762 1202 851 1256 καὶ
870 1207 1041 1255 ταῦτα
1060 1207 1356 1268 τελευτῶν,
1377 1203 1636 1270 ἐπεχείρει
1656 1202 1714 1254 δὲ
1735 1219 1851 1268 περι

124 1338 126 1341 ,
180 1284 319 1341 αὐτὰ
349 1286 646 1355 μάχεσθαι·
687 1282 871 1353 ἐπειδὴ
895 1281 953 1336 δὲ
974 1279 1345 1352 ὡμολόγησεν,
1367 1280 1535 1337 ’Άλλο
1557 1304 1605 1335 τι
1625 1275 1756 1348 οὗνᾗ
1783 1275 1855 1350 ἦν

181 1366 231 1423 δ’
272 1367 409 1436 ἐγώ.
447 1363 578 1420 οὐδὲ
617 1363 800 1433 ἰατρὸς
834 1362 1044 1434 οὐδείς,
1084 1364 1219 1418 καθ’
1256 1362 1394 1419 ὅσον
1423 1365 1633 1434 ἰατρός,
1678 1363 1739 1418 τό
1779 1370 1854 1436 τῷ

182 1453 347 1518 ἰατρῷ
370 1448 652 1516 ξυμφέρον
673 1457 869 1501 σκοπεῖ
896 1443 1018 1500 οὐδ’
1054 1445 1346 1515 ἐπιτάττει,
1388 1444 1526 1501 ἀλλὰ
1555 1445 1616 1502 τὸ
1648 1451 1724 1519 τῷ
1753 1445 1857 1500 κά·-

180 1551 398 1598 μνοντιτ,
435 1526 782 1598 ὡμολόγηται
804 1524 911 1597 γὰρ
929 1524 956 1580 ὁ
978 1525 1208 1597 α’κριβὴς
1223 1525 1407 1597 ἰατρὸς
1427 1527 1698 1597 σωμάτων
1717 1524 1857 1581 εἶναι

180 1609 365 1679 ἅρχων
383 1606 506 1664 ἀλλ’
529 1607 596 1664 οὐ
615 1607 996 1679 χρηματιστής.
1028 1604 1064 1678 ἦ
1085 1605 1185 1677 οὐχ
1204 1606 1573 1678 ὡμολόγηται;
1610 1610 1852 1678 Ξυνέφη.

182 1688 412 1745 Οὐκοῦν
431 1691 520 1744 καὶ
542 1688 570 1745 ὁ
592 1688 933 1759 κυβερνήτης
963 1688 991 1743 ὁ
1022 1687 1252 1759 άκριβὴς
1269 1695 1492 1743 ναυτῶν
1513 1688 1652 1743 εἶναι
1670 1688 1856 1759 ἄρχων

116 1788 150 1828 Ε
182 1770 303 1827 ἀλλ’
345 1769 413 1825 οὐ
444 1770 677 1840 ναύτης;
709 1769 1087 1840 Ὡμολόγηται.
1137 1769 1258 1825 Οὐκ
1294 1769 1402 1839 ἄρα
1443 1769 1475 1826 ὅ
1510 1792 1572 1840 γε
1607 1776 1855 1834 τοιοῦτος

180 1851 524 1923 κυβερνήτης
558 1873 614 1906 τε
660 1852 750 1905 καὶ
786 1850 974 1920 ἅρχων
1011 1849 1072 1906 τὸ
1110 1858 1188 1924 τῷ
1223 1850 1538 1923 κυβερνήτῃ
1576 1853 1857 1922 ξυμφέρον

181 1939 439 1996 σκέψεταί
450 1955 508 1988 τε
527 1934 617 1987 καὶ
635 1933 943 2000 προστάξει,
966 1930 1105 1986 ἀλλὰ
1125 1932 1185 1987 τὸ
1209 1939 1288 2004 τῷ
1305 1934 1484 2002 ναύτῃ
1503 1953 1560 1986 τε
1580 1934 1670 1986 καὶ
1688 1931 1856 2001 άρχο-

179 2017 343 2085 μένῳ.
397 2015 688 2083 ,Ξυνέφησε
709 2013 883 2082 μόγις.
941 2011 1198 2079 Οὐκοῦν,
1229 2007 1302 2082 ἦν
1321 2010 1372 2067 δ’
1399 2012 1533 2082 ἐγώ,
1566 2006 1612 2066 ὦ
1630 2013 1856 2082 Θρασύ-

179 2115 343 2164 μαχε,
374 2092 498 2148 οὐδ’
522 2091 690 2158 άλλος
710 2092 936 2157 ουδεὶς’
910 2115 969 2148 εν
988 2092 1221 2165 οὐδεμια
1241 2091 1382 2163 ἀρχῇ
1395 2134 1408 2159 ,
1440 2091 1575 2147 καθ’
1598 2091 1732 2147 ὅσον
1752 2091 1855 2162 άρ-

177 2196 292 2245 χων
311 2171 530 2237 ἐστί,τό
553 2171 702 2247 αὐτῷ
724 2175 1006 2275 ξυμφέρον
1026 2186 1223 2229 σκοπει
1236 2171 1359 2228 οὐδ’
1381 2173 1650 2229 ἐπιτάττει
1663 2215 1677 2242 ,
1714 2171 1853 2228 ἀλλὰ

178 2253 239 2308 τό
265 2260 343 2326 τῷ
371 2250 653 2327 ἀρχομένῳ
686 2257 775 2308 καὶ
810 2256 852 2322 ςὸ
891 2250 964 2308 ἄν
1001 2252 1167 2318 αὐτὸς
1210 2258 1548 2327 δημιουργῇ,
1587 2256 1679 2311 καὶ
1718 2256 1857 2325 πρὸς

178 2337 351 2390 έκεῖνο
383 2337 605 2404 βλέπων
633 2337 724 2391 καὶ
752 2334 811 2390 τὸ
843 2338 1032 2409 ἐκείνῳ
1072 2339 1354 2406 ξυμφέρον
1387 2337 1478 2391 καὶ
1517 2338 1730 2406 πρέπον
1764 2339 1855 2392 καὶ

178 2419 322 2486 λέγει
339 2414 373 2469 ἃ
397 2418 541 2487 λέγει
563 2419 651 2472 καὶ
673 2429 821 2472 ποιεῖ
835 2415 868 2471 α’
890 2429 1039 2472 ποιεῖ
1057 2416 1288 2473 ἅπαντα.

62 2509 150 2556 343
317 2501 446 2551 XVI.
497 2495 710 2569 Ἐπειδὴ
742 2491 848 2552 οὖν
878 2501 1124 2553 ἐνταῦθα
1143 2491 1283 2569 ἦμεν
1301 2504 1403 2553 τοῦ
1421 2498 1595 2567 λόγου
1613 2499 1704 2554 καὶ
1722 2504 1856 2553 πᾶσι

178 2579 494 2645 καταφανὲς
511 2573 600 2650 ἦν,
622 2578 705 2634 ὅτι
724 2577 754 2634 ὁ
777 2587 877 2634 τοῦ
897 2584 1113 2635 δικαίου
1133 2580 1296 2649 λόγος
1315 2584 1391 2645 εἰς
1409 2577 1738 2635 τούναντίον
1756 2598 1857 2633 πε-

181 2659 499 2729 ριειστήκει.
540 2658 570 2716 ὁ
594 2661 958 2731 Θρασύμαχος
979 2659 1102 2717 ἀντὶ
1130 2667 1230 2716 τοῦ
1251 2659 1679 2731 ἀποκρίνεσθαι,
1717 2660 1859 2715 Εἰπέ

181 2762 292 2810 μοι,
313 2745 437 2810 ἔφη,
459 2735 505 2796 ὦ
525 2745 837 2812 Σώκρατες,
858 2749 1017 2814 τίτθη
1038 2760 1127 2799 σοι
1147 2748 1321 2809 ἔστιν;
1347 2748 1416 2796 Τί
1431 2743 1494 2796 δέ
1502 2765 1517 2807 3
1549 2735 1621 2811 ἦν
1641 2738 1693 2794 δ’
1718 2740 1826 2810 ἐγώ
1841 2760 1852 2771 ·

182 2819 286 2876 οὐκ
319 2819 722 2892 άποκρίνεσθαι
751 2831 890 2896 χρῆν
920 2832 1128 2895 μᾶλλον
1156 2820 1193 2894 ἦ
1223 2829 1447 2879 τοιαῦτα
1467 2824 1708 2894 ἐρωτᾷν;
1736 2819 1854 2876 Ὅτι
