1962 3236
271 136 378 190 346
884 135 1356 184 ΠΛΑΤῼΝΟΣ
1890 141 1948 186 28

273 269 332 326 τό
371 268 424 325 δ’
455 269 605 325 ἀπίοι
642 273 745 324 τοῦ
777 266 1027 336 σώματος
1066 263 1268 336 αὐτῶν,
1307 272 1528 335 πρῶτον
1554 269 1656 336 μὲν
1686 275 1948 338 αἴσθησιν

272 349 580 421 ἀναγκαῖον
599 357 681 419 εἴη
708 352 840 418 μιάν
859 353 1028 402 πᾶσιν
1049 349 1108 402 ἐκ
1127 352 1324 417 βιαίων
1353 347 1699 418 παθημάτων
1730 351 1947 419 ξύμφυ-

270 453 369 488 τον
397 437 707 501 γίγνεσθαι,
741 428 1004 497 δεύτερον
1039 429 1097 484 δὲ
1132 425 1308 500 ἡδονῇ
1335 432 1424 483 καὶ
1447 428 1596 500 λύπῃ
1614 433 1947 500 μεμιγμένον

272 518 463 583 ἔρωτα,
486 511 625 582 πρὸς
645 510 704 566 δὲ
723 509 938 575 τούτοις
957 510 1139 581 φόβον
1165 511 1255 564 καὶ
1276 509 1465 580 θυμὸν
1485 508 1590 565 ὅσα
1616 531 1674 565 τε
1707 511 1946 579 ἑπόμενα

207 609 240 651 Β
271 591 456 658 αὐτοῖς
475 595 565 648 καὶ
585 590 763 647 ὁπόσα
783 595 1042 656 ἐναντίως
1064 593 1275 660 πέφυκε
1297 591 1640 662 διεστηκότα
1683 584 1761 647 ὧν
1782 596 1832 647 εί
1847 592 1948 662 μὲν

270 675 616 747 κρατήσοιεν,
639 678 763 745 δίκῃ
783 673 1095 745 βιώσοιντο,
1127 677 1496 744 κρατηθέντες
1521 673 1579 730 δε
1606 674 1803 730 ἀδικία.
1857 675 1947 729 καὶ

271 755 300 811 6
327 757 429 827 μὲν
450 759 514 811 εὐ
534 756 632 811 τὸν
653 754 1005 826 προσήκοντα
1023 754 1228 825 χρόνον
1245 754 1420 826 βιούς,
1446 755 1614 811 πάλιν
1634 761 1709 820 εἰς
1727 754 1826 827 τὴν
1845 760 1948 811 τοῦ

270 838 551 909 ξυννόμου
581 838 877 908 πορευθεὶς
899 844 1115 906 οἴκησιν
1135 835 1360 906 ἄστρου,
1384 842 1509 908 βίον
1531 836 1830 907 εὐδαίμονα
1859 838 1950 893 καὶ

270 920 495 991 συνήθη
527 921 660 985 ε’·ξοι
700 919 927 989 σφαλεὶς
957 918 1017 972 δὲ
1044 917 1260 972 τούτων
1291 922 1365 982 είς
1393 917 1657 987 γυναικὸς
1686 920 1859 989 φύσιν
1889 922 1950 973 ἐν

267 1008 332 1074 τῇ
355 1005 582 1074 δευτέρα
605 1001 817 1071 γενέσει
836 1004 1156 1069 μεταβαλοι
1197 997 1269 1069 μὴ
1298 1000 1612 1070 παυόμενός
1640 1021 1698 1055 τε
1726 1003 1789 1055 ἐν
1816 999 1951 1054 τού-

206 1102 242 1143 c
271 1105 384 1148 τοις
412 1087 490 1138 ἔτι
520 1087 729 1153 κακίας,
766 1081 975 1149 τρόπον
1005 1077 1071 1135 ὃν
1107 1081 1422 1151 κακύνοιτο,
1451 1079 1588 1136 κατὰ
1624 1079 1726 1151 τὴν
1761 1078 1951 1150 ὁμοιό-

271 1185 405 1234 τητα
425 1168 522 1234 τῆς
540 1168 642 1218 τοῦ
661 1162 874 1233 τρόπον
885 1162 1151 1232 γενέσεως
1171 1169 1247 1226 εἴς
1266 1183 1388 1216 τινα
1409 1162 1668 1232 τοιαύτην
1682 1160 1764 1217 ἀεὶ
1783 1183 1950 1232 μετα-

268 1251 432 1315 βαλοῖ
457 1243 693 1315 θήρειον
723 1242 915 1313 φύσιν,
945 1240 1228 1297 ἀλλάττων
1264 1263 1321 1296 τε
1358 1241 1427 1296 οὐ
1455 1242 1729 1311 πρότερον
1758 1242 1950 1297 πόνων

269 1325 440 1395 λη’ξοι,
472 1328 602 1395 πρὶν
638 1331 705 1396 τῇ
738 1321 944 1379 ταύτοῦ
972 1324 1063 1377 καὶ
1092 1321 1286 1392 ὁμοίου
1324 1322 1562 1396 περιόδῳ
1600 1329 1667 1394 τῇ
1703 1326 1762 1377 ἐν
1800 1320 1950 1396 αὐτῷ

270 1405 750 1475 ξυνεπισπιόμενος
770 1402 869 1458 τὸν
882 1402 1061 1458 πολὺν
1081 1402 1246 1472 ὄχλον
1258 1403 1347 1458 καὶ
1367 1401 1605 1471 ὕστερον
1618 1404 1948 1473 προσφύντα

206 1495 239 1535 D
273 1490 331 1542 ἐκ
369 1485 546 1556 πυρὸς
581 1488 672 1541 καὶ
709 1483 910 1548 ὕδατος
947 1486 1037 1540 καὶ
1065 1481 1224 1556 ἀέρος
1260 1487 1350 1539 καὶ
1370 1492 1487 1555 γῆς,
1517 1484 1819 1555 θορυβώδη
1857 1487 1948 1540 καὶ

271 1567 479 1637 ἄλογον
505 1566 658 1636 ὄντα,
680 1567 827 1640 λόγῳ
853 1565 1129 1637 κρατήσας
1150 1570 1224 1629 εἰς
1243 1563 1302 1620 τὸ
1333 1571 1428 1636 τῆς
1455 1565 1674 1636 πρώτης
1702 1569 1793 1620 καὶ
1826 1563 1948 1636 ἀρί-

271 1667 399 1720 στης
434 1647 688 1720 ἀφίκοιτο
729 1647 871 1712 εἶδος
907 1649 1080 1713 ἕξεως.
1130 1648 1641 1718 διαθεσμοθετήσας
1677 1646 1736 1702 δὲ
1769 1647 1950 1703 πάντα

271 1729 456 1795 αὐτοῖς
475 1737 666 1800 ταῦτα,
681 1734 772 1785 ἵνα
791 1735 888 1800 τῆς
907 1733 1088 1784 ἔπειτα
1109 1736 1191 1800 εἴη
1212 1734 1403 1794 κακίας
1424 1728 1669 1784 ἑκάστων
1689 1727 1948 1799 ἀναίτιος,

273 1817 487 1882 ἔσπειρε
506 1810 637 1876 τοὺς
654 1813 754 1882 μὲν
776 1815 851 1876 εἰς
869 1818 991 1881 γῆν,
1014 1808 1144 1874 τοὺς
1173 1808 1226 1864 δ’
1250 1815 1324 1875 εἰς
1355 1811 1612 1883 σελήνην,
1636 1810 1765 1875 τοὺς
1794 1808 1845 1866 δ’
1877 1815 1952 1875 είς

270 1889 441 1950 τᾶλλα
474 1894 578 1950 ὅσα
610 1894 821 1964 ὄργανα
850 1893 1083 1965 χρόνον
1125 1892 1185 1949 τὸ
1220 1893 1279 1950 δὲ
1306 1895 1440 1965 μετὰ
1471 1893 1571 1950 τὸν
1599 1893 1812 1962 σπόρον
1840 1904 1951 1958 τοῖς

273 1979 417 2040 νέοις
435 1979 719 2046 παρέδωκε
738 1986 890 2042 θεοῖς
915 1978 1138 2048 σώματα
1158 1977 1415 2032 πλάττειν
1440 1976 1638 2045 θνητά,
1671 1975 1735 2030 τό
1754 1996 1809 2029 τε
1831 1976 1950 2029 ε’πί-

271 2064 483 2127 λοιπον,
514 2056 651 2114 ὅσον
684 2062 760 2113 ἔτι
795 2052 868 2128 ἦν
900 2066 1077 2128 ψυχῆς
1105 2057 1463 2127 ἀνθρωπίνης
1496 2058 1623 2111 δέον
1649 2057 1952 2123 προσγενέ-

214 2150 247 2190 Ε
277 2147 427 2209 σθαι,
449 2145 614 2195 τοῦτο
635 2143 726 2195 καὶ
747 2137 920 2194 πάνθ’
946 2139 1050 2194 ὅσα
1070 2137 1359 2194 ἀκόλουθα
1379 2140 1606 2200 ἐκείνοις
1636 2135 1951 2203 ἀπεργασα-

273 2223 475 2291 μένους
495 2221 701 2291 ἄρχειν,
722 2220 965 2276 καὶκατὰ
989 2220 1228 2290 δύναμιν
1247 2218 1276 2274 ὅ
1295 2241 1346 2274 τι
1365 2219 1628 2274 κάλλιστα
1646 2218 1736 2272 καὶ
1755 2215 1951 2286 ἄριστα

273 2303 334 2356 τὸ
354 2300 569 2372 θνητὸν
589 2305 963 2374 διακυβερνᾷν
985 2305 1142 2369 ζῶον,
1168 2299 1199 2355 6'
1219 2323 1270 2354 τι
1299 2298 1371 2370 μὴ
1405 2306 1595 2355 κακῶν
1618 2296 1750 2353 αὐτὸ
1773 2299 1952 2370 ἑαυτῷ

273 2389 517 2454 γίγνοιτο
542 2390 734 2438 αἴτιον.

412 2470 514 2519 XV.
552 2466 662 2520 Καὶ
682 2462 710 2519 6
733 2468 833 2534 μὲν
854 2464 919 2535 δὴ
941 2463 1157 2520 ἅπαντα
1184 2471 1357 2520 ταῦτα
1387 2463 1640 2530 διατάξας
1670 2468 1862 2533 ἔμενεν
1890 2464 1950 2516 έν

274 2552 350 2620 τῷ
372 2547 572 2602 ἑαυτοῦ
602 2545 739 2600 κατὰ
769 2546 977 2614 τρόπον
1005 2544 1159 2616 ἤθει·
1193 2547 1456 2616 μένοντος
1484 2546 1543 2600 δὲ
1572 2543 1866 2614 νοήσαντες
1898 2513 1962 2596 οἱ1

275 2631 463 2692 παῖδες
482 2627 585 2698 τὴν
605 2634 707 2683 τοῦ
734 2626 940 2696 πατρὸς
969 2627 1214 2692 διάταξιν
1234 2630 1523 2682 ἐπείθοντο
1549 2623 1704 2695 αὐτῇ,
1730 2624 1818 2678 καὶ
1849 2629 1950 2676 λα-

271 2708 465 2779 βόντες
501 2707 788 2764 ἀθάνατον
824 2706 1004 2779 ἀρχὴν
1042 2714 1259 2777 θνητοῦ
1293 2708 1451 2776 ζώου,
1487 2705 1813 2776 μιμούμενοι
1851 2701 1962 2769 τὸνΙ

273 2793 542 2859 σφέτερον
561 2788 921 2860 δημιουργόν,
944 2785 1123 2858 πυρὸς
1142 2789 1232 2844 καὶ
1251 2795 1348 2858 γῆς
1368 2785 1569 2850 ὕδατός
1595 2806 1651 2840 τε
1680 2787 1769 2839 καὶ
1789 2782 1962 2863 ἀέρος
