1962 3236
78 1513 122 1547 ,κ’

0 1558 66 1612 f

176 177 247 228 54
768 175 1242 224 ΠΛΑΤΩΝΟΣ

175 315 382 382 κριταί,
401 312 683 382 χορευταί,
705 308 1020 380 ἐργολάβοι,
1043 313 1262 363 σκευῶν
1281 329 1339 364 τε
1358 313 1729 366 παντοδαπῶν
1749 315 1847 383 δη-

117 400 148 443 G
177 399 460 465 μιουργοί,
496 396 611 447 τῶν
627 412 685 446 τε
705 389 892 446 ἄλλων
909 391 1000 445 καὶ
1018 394 1132 444 τῶν
1150 389 1274 461 περὶ
1293 386 1394 445 τὸν
1412 403 1731 461 γυναικεῖον
1748 392 1851 447 κό-

177 489 334 546 σμον.
371 474 463 530 καὶ
497 473 563 545 δὴ
593 474 685 528 καὶ
720 470 998 527 διακόνων
1031 470 1307 527 πλειόνων
1343 472 1670 545 δεησόμεθα.
1707 469 1744 545 ἢ
1782 472 1849 530 οὐ

178 561 332 613 δοκεῖ
362 556 579 628 δεήσειν
613 558 1010 625 παιδαγωγῶν,
1047 559 1282 624 τιτθῶν,
1320 562 1572 628 τροφῶν,
1623 578 1849 628 κομμω-

178 645 365 709 τριῶν,
387 639 656 709 κουρέων,
677 638 768 693 καὶ
787 630 862 692 αὖ
881 635 1166 704 ὀψοποιῶν
1184 658 1242 693 τε
1261 640 1354 694 καὶ
1371 644 1675 710 μαγείρων;
1696 643 1773 695 ἔτι
1791 641 1850 696 δὲ

178 721 269 774 καὶ
289 725 558 790 συβωτῶν
578 719 1040 791 προσδεησόμεθα
1053 740 1065 752 ·
1086 725 1250 775 τοῦτο
1270 720 1376 791 γὰρ
1395 717 1526 792 ἡμῖν
1545 723 1605 777 ἐν
1623 727 1688 793 τῇ
1709 742 1849 793 προ-

176 800 306 873 τέρα
345 798 502 856 πόλει
541 798 645 856 οὐκ
681 802 839 872 ἐνῆν·
875 804 984 857 ἔδει
1014 798 1120 872 γὰρ
1151 799 1340 857 οὐδέν·
1379 804 1440 857 ἐν
1469 802 1527 858 δὲ
1558 802 1730 876 ταύτῃ
1759 804 1850 859 καὶ

175 881 378 937 τούτου
394 882 739 954 προσδεήσει,
762 884 945 954 δεήσει
964 883 1023 939 δὲ
1043 883 1132 939 καὶ
1150 889 1262 938 τῶν
1282 882 1466 939 ἄλλων
1484 885 1850 955 βοσκημάτων

179 963 550 1035 παμπόλλων,
589 972 743 1030 εἴτις
783 962 924 1020 αὐτοὶ
963 967 1152 1020 ἔδεται.
1195 958 1232 1035 ἦ
1268 963 1404 1034 γάρ;
1453 970 1583 1030 Πῶς
1618 965 1724 1036 γὰρ
1760 964 1851 1031 οῧ;

181 1042 412 1101 Οὐκοῦν
459 1047 554 1102 καὶ
580 1050 786 1117 ἰατρῶν
826 1050 888 1102 ἐν
924 1051 1126 1117 χρείαις
1163 1046 1408 1118 ἐσόμεθα
1447 1045 1592 1103 πολὺ
1638 1054 1848 1118 μᾶλλον

180 1125 324 1182 οὕτω
344 1127 693 1199 διαιτώμενοι
714 1123 751 1199 ἢ
770 1125 843 1193 ὡς
860 1125 921 1183 τὸ
944 1128 1246 1200 πρότερονς
1282 1127 1439 1184 Πολύ
1458 1150 1533 1198 γε.

316 1212 442 1263 XIV.
477 1210 588 1265 Καὶ
606 1207 640 1280 ἡ
661 1209 813 1281 χώρα
831 1230 942 1265 που
960 1208 994 1281 ἡ
1015 1210 1136 1266 τότε
1156 1208 1317 1281 ἱκανὴ
1339 1213 1562 1282 τρέφειν
1579 1209 1710 1275 τοὺς
1728 1210 1850 1266 τότε

177 1288 377 1360 σμικροὶ
399 1289 466 1361 δὴ
487 1293 542 1357 ἐξ
564 1294 756 1362 ἱκανῆς
775 1295 948 1348 ἔσται·
977 1288 1015 1363 ἦ
1035 1298 1150 1358 πῶς
1170 1295 1431 1364 λέγομεν;
1473 1292 1691 1364 Οὕτως,
1724 1296 1844 1363 ἔφη.

182 1369 411 1427 Οὐκοῦν
428 1378 524 1444 τῆς
542 1378 655 1428 τῶν
675 1379 909 1444 πλησίον
926 1374 1106 1445 χώρας
1123 1371 1255 1447 ἡμῖν
1274 1372 1633 1446 ἀποτμητέον,
1656 1378 1705 1430 εἰ
1722 1379 1852 1445 με’λ-

147 1462 348 1524 Χλομεν
378 1452 583 1526 ἱκανὴν
608 1455 749 1520 ἕξειν
775 1458 962 1527 νέμειν
980 1478 1037 1512 τε
1065 1457 1157 1513 καὶ
1175 1454 1381 1527 ἀροῦν,
1420 1458 1510 1513 καὶ
1529 1460 1756 1520 ἐκείνοις
1775 1450 1851 1511 αὖ

175 1544 272 1609 τῆς
290 1532 591 1634 ἡμετέρας,
618 1535 717 1591 ε’ἀν
744 1539 835 1593 καὶ
853 1540 1051 1594 ἐκεῖνοι
1069 1537 1289 1610 ἀφῶσιν
1308 1536 1513 1604 αὐτούς
1534 1539 1620 1594 ἐπὶ
1639 1536 1850 1611 χρημά-

176 1641 288 1675 των
323 1621 519 1690 κτῆσιν
554 1615 814 1718 άπειρον,
861 1616 1202 1692 ὑπερβάντες
1248 1618 1350 1675 τὸν
1384 1626 1495 1675 τῶν
1531 1618 1848 1689 ἀναγκαίων

113 1714 147 1757 Ε
176 1699 336 1798 ὅρους
371 1698 559 1771 Πολλὴ
591 1698 833 1772 ἀνάγκη,
863 1705 997 1773 ἔφη,
1033 1705 1073 1757 ῶ
1094 1702 1401 1772 Σώκρατες.
1455 1700 1850 1771 Πολεμήσομεν

177 1779 238 1838 τὸ
259 1782 394 1853 μετὰ
413 1789 606 1853 τοῦτο,
646 1786 688 1839 ῶ
709 1782 1013 1851 Γλαύκων;
1052 1807 1086 1856 η
1107 1790 1222 1849 πῶς
1250 1787 1426 1850 ἔσται;
1463 1780 1683 1850 Ου’τως,
1726 1785 1845 1852 ἔφη.

176 1866 286 1919 Καὶ
304 1867 475 1936 μηδέν
493 1868 558 1935 γέ
574 1885 660 1920 πω
678 1867 952 1937 λέγωμεν,
980 1859 1053 1937 ἦν
1083 1864 1134 1920 δ’
1171 1864 1304 1937 ἐγώ,
1342 1861 1468 1936 μητ’
1502 1872 1558 1920 εἴ
1587 1885 1640 1918 τι
1674 1860 1850 1918 κακὸν

177 1945 282 2016 μήτ
290 1943 376 2001 ἐί
393 1943 656 2016 ἀγαθόν’
633 1968 659 2001 ο
685 1947 922 2017 πόλεμος
949 1947 1252 2017 ἐργάζεται,
1299 1943 1438 2002 ἀλλά
1457 1950 1726 2001 τοσοῦτον
1745 1943 1848 2014 μό-

144 2026 147 2030 ’
179 2048 308 2099 νου,
347 2025 430 2082 ότι
450 2031 693 2098 πολέμου
722 2031 794 2082 αὐ
812 2031 1031 2098 γένεσιν
1060 2026 1399 2098 εὑρήκαμεν,
1442 2029 1496 2092 ἐξ
1518 2049 1597 2081 ων
1615 2026 1850 2095 μάλιστα

177 2120 294 2174 ταῖς
321 2110 514 2165 πόλεσι
533 2111 623 2166 καὶ
641 2114 752 2184 ἰδία
772 2111 863 2166 καὶ
881 2114 1115 2184 δημοσία
1133 2107 1274 2166 κακοὶ
1302 2113 1570 2179 γίγνεται,
1610 2106 1744 2164 ὅταν
1765 2112 1851 2178 γί-

179 2212 389 2262 γνηται.
428 2192 595 2247 Πάνυ
613 2191 714 2263 μὲν
735 2186 854 2248 οὖν.
898 2191 1015 2247 ”En
1033 2192 1119 2263 δή,
1143 2214 1186 2246 ω
1167 2185 1349 2262 φίλε,
1370 2194 1614 2262 μείζονος
1632 2194 1729 2261 τῆς
1747 2189 1852 2245 πό-

61 2280 151 2330 374
182 2281 317 2339 λεως
335 2278 416 2330 δεῖ
433 2272 555 2330 οὔτι
573 2281 814 2375 σμικρῶ,
852 2271 975 2330 ἀλλ’
1006 2273 1117 2329 ὄλω
1149 2276 1527 2346 στρατοπέδω,
1569 2270 1598 2327 ὁ
1591 2272 1849 2337 ἐξελθὸν

177 2354 317 2423 ὑπερ
350 2362 447 2426 τῆς
479 2354 670 2422 οὐσίας
698 2356 911 2427 ἀπάσης
941 2358 1033 2411 καὶ
1061 2354 1200 2427 ὑπερ
1233 2378 1313 2412 ων
1342 2361 1451 2411 νῦν
1489 2352 1555 2425 δὴ
1594 2357 1852 2424 ἐλέγομεν

179 2442 516 2510 διαμαχεῖται
533 2450 646 2504 τοῖς
665 2441 928 2495 ἐπιοῦσιν.
975 2445 1044 2494 Τί
1060 2441 1144 2502 δέ;
1180 2431 1216 2508 ἦ
1242 2436 1292 2493 δ’
1318 2436 1406 2502 ὅς·
1429 2433 1587 2491 αὐτοὶ
1606 2457 1706 2506 ουχ
1726 2438 1850 2490 ἰκα-

179 2524 295 2586 νοί;
335 2517 487 2590 Ου’κ,
510 2523 560 2575 εἰ
576 2519 648 2574 σύ
667 2541 756 2592 γε,
776 2543 848 2624 ην
867 2519 919 2575 δ’
942 2520 1049 2590 ἐγώ
1063 2562 1077 2589 ,
1098 2519 1189 2575 καὶ
1206 2516 1359 2590 ἡμεῖς
1378 2515 1616 2582 άπαντες
1636 2515 1851 2587 ῶμολο-

178 2600 427 2671 γήσαμεν
458 2607 666 2672 καλῶς,
704 2599 869 2673 ἡνίκα
902 2602 1240 2672 ἐπλάττομεν
1267 2599 1371 2672 τὴν
1407 2599 1595 2656 πόλιν·
1637 2596 1852 2668 ὡμολο-

178 2702 391 2753 γουμεν
411 2684 475 2738 δέ
490 2704 617 2753 που,
640 2688 691 2740 εἰ
707 2686 1004 2755 μέμνησαι,
1028 2681 1358 2739 ἀδύνατον”’
1327 2704 1426 2738 ενα
1444 2678 1650 2743 πολλὰς
1670 2683 1850 2742 καλῶς

179 2763 725 2836 ἐργάζεσθαιτέχνας.
776 2764 978 2838 Ἀληθῆ
1013 2768 1212 2837 λέγεις,
1252 2769 1373 2836 ἔφη
1436 2768 1504 2818 Τί
1518 2783 1649 2827 ⁰v²²3
1686 2754 1759 2830 ἦν
1795 2755 1846 2813 ὃ

114 2857 150 2901 Β
179 2844 311 2916 ἐγώ·
347 2843 380 2916 ἡ
414 2847 537 2917 περὶ
564 2846 659 2902 τὸν
690 2847 933 2918 πόλεμον
961 2847 1172 2917 ἀγωνία
1192 2844 1260 2901 οὐ
1278 2841 1492 2915 τεχνικὴ
1518 2847 1672 2898 δοκεῖ
1688 2840 1852 2903 εἷναι;
