1962 3236
28 97 112 182 167
586 134 593 141 ·
685 125 831 172 KPI
851 124 987 172 TIA
997 123 1062 169 Σ.
1598 116 1703 172 425

0 283 126 335 Ξμος
152 272 265 326 τοῖς
291 258 354 316 θ’
387 257 530 332 ὑπὲρ
555 255 876 327 Ἡρακλείας
902 253 1104 326 στήλας
1131 258 1232 321 ἔξω
1263 259 1583 310 κατοικοῦσι
1613 256 1705 310 καὶ

24 355 137 408 τοῖς
154 341 310 408 ἐντὸς
327 348 521 398 πᾶσιν·
553 337 621 396 ὃν
649 342 739 394 δεῖ
760 343 870 393 νῦν
897 339 1288 406 διαπεραίνειν.
1326 340 1440 392 τῶν
1468 332 1570 406 μὲν
1600 328 1704 389 οὖν

22 423 177 496 ἦδεὴ
207 423 366 488 πόλις
397 422 608 491 ἄρξασα
632 421 724 475 καὶ
754 418 935 474 πάντα
965 416 1065 474 τὸν
1091 418 1338 489 πόλεμον
1367 414 1704 487 διαπολεμή-

23 523 168 561 σασα
188 506 420 574 ἐλέγετο,
450 510 562 559 τῶν
590 498 643 557 δ’
679 503 736 556 oc
758 504 856 570 τῆς
886 496 1228 565 Ἀτλαντίδος
1247 498 1425 570 νήσου
1443 503 1703 570 βασιλεῖς,

21 583 95 659 ἣν
114 585 181 657 δὴ
203 585 419 657 Λιβύης
436 586 527 640 καὶ
553 581 733 647 Ἀσίας
758 585 918 652 μείζω
938 587 1115 652 νῆσον
1133 575 1311 636 οὖσαν
1330 584 1544 652 ἔφαμεν
1567 577 1712 635 εἶναί

23 687 174 738 ποτε,
198 673 307 723 νῦν
327 668 385 722 δὲ
406 663 514 721 ὑπὸ
538 668 783 734 σεισμῶν
813 667 992 718 δῦσαν
1022 662 1238 731 ἄπορον
1265 659 1445 734 πηλὸν
1474 671 1587 727 τοῖς
1615 663 1706 716 ἐν·

22 751 192 806 θένδε
211 750 535 804 ἐκπλέουσιν
556 746 641 801 ε’πὶ
665 744 725 800 τὸ
760 748 933 813 πέραν
956 747 1191 815 πέλαγος
1220 741 1359 800 ὥστε
1385 746 1576 815 μηκέτι
1602 761 1707 798 πο-
1734 753 1822 802 109

0 830 290 902 ,ρεύεσθαι
310 825 566 898 κωλυτὴν
592 837 907 898 παρασχεῖν.
929 824 994 882 τὰ
1012 827 1115 897 μὲν
1135 825 1201 896 δὴ
1222 822 1397 881 πολλὰ
1415 829 1556 896 ἔθνη
1576 822 1707 895 βάρ-

20 917 186 984 βαρα,
207 912 299 967 καὶ
322 909 428 966 ὅσα
441 907 716 980 Ἑλλήνων
734 901 807 979 ἦν
825 910 956 979 γένη
977 906 1117 977 τότε,
1147 904 1280 962 καθ’
1314 907 1517 961 ἕκαστα
1546 901 1580 976 ἡ
1607 910 1709 960 τοῦ

23 993 196 1063 λόγου
215 994 455 1058 διέξοδος
468 985 588 1045 οἷον
606 988 965 1060 άνειλλομένη
986 986 1047 1043 τὸ
1071 985 1384 1059 προστυχὸν
1404 988 1710 1056 ἑκασταχοῦ

25 1075 285 1146 δηλώσει·
320 1074 381 1129 τὸ
405 1073 462 1128 δὲ
487 1070 798 1142 Ἀθηναίων
818 1092 876 1126 τε
894 1077 1007 1126 τῶν
1027 1069 1146 1126 τότε
1168 1072 1258 1125 καὶ
1275 1075 1389 1125 τῶν
1419 1070 1706 1136 ἐναντίων,

24 1151 105 1221 οἷς
136 1158 556 1225 διεπολέμησαν,
595 1152 812 1224 ἀνάγκη
851 1148 974 1207 κατ’
1015 1149 1185 1222 ἀρχὰς
1221 1154 1468 1206 διελθεῖν
1498 1154 1706 1221 πρῶτα,
1803 1205 1806 1209 ,

21 1235 126 1308 τήν
158 1258 217 1292 τε
255 1235 496 1306 δύναμιν
533 1235 808 1303 ἑκατέρων
843 1235 934 1288 καὶ
971 1231 1068 1297 τὰς
1102 1236 1389 1297 πολιτείας.
1430 1227 1618 1286 αὐτῶν
1649 1230 1708 1287 δὲ
1803 1239 1806 1242 ’

21 1317 241 1373 τούτων
259 1315 325 1371 τά
345 1319 475 1388 τῇδε
497 1321 817 1387 ἔμπροσθεν
836 1315 1202 1384 προτιμητέον
1230 1317 1417 1368 εἰπεῖν.
1455 1313 1582 1368 θεοὶ
1599 1308 1708 1382 γὰρ

22 1397 247 1454 ἅπασαν
265 1403 372 1469 γῆν
389 1398 519 1452 ποτε
540 1396 679 1451 κατὰ
697 1393 830 1459 τούς
849 1393 1056 1460 τόπους
1077 1393 1456 1464 διελάγχανον,
1490 1390 1559 1448 οὐ
1578 1389 1702 1448 κατ’
1731 1408 1765 1450 Β

0 1518 1 1529 ¹
23 1482 164 1550 ἔριν·
201 1477 270 1534 οὐ
290 1478 396 1548 γὰρ
416 1474 487 1533 ἄν
508 1475 692 1548 ὀρθὸν
711 1481 824 1547 ἔχοι
842 1475 1013 1546 λόγον
1031 1473 1205 1540 θεοὺς
1222 1472 1449 1545 ἀγνοεῖν
1475 1471 1543 1530 τὰ
1574 1474 1710 1543 πρέ-

0 1588 2 1612 :
23 1581 201 1618 ποντα
230 1561 480 1626 ἑκάστοις
501 1557 703 1628 αὑτοῖν,
725 1555 848 1613 οὐδ’
874 1550 947 1612 αὖ
975 1556 1388 1627 γιγνώσκοντας
1414 1553 1474 1610 τό
1496 1560 1710 1626 μᾶλλον

0 1672 2 1686 ν
24 1641 211 1708 ἄλλοις
229 1646 515 1713 προσῆκον
535 1646 699 1696 τοῦτο
720 1640 938 1710 ἑτέρους
958 1637 1146 1703 αὑτοῖς
1175 1635 1249 1693 δι’
1280 1639 1482 1707 ἐρίδων
1509 1638 1711 1706 ἐπιχει-

0 1752 2 1778 ι
22 1735 142 1793 ρεῖν
151 1730 408 1779 κτᾶσθαι·
430 1726 584 1794 δίκης
597 1719 664 1793 δὴ
685 1720 907 1792 κλήροις
925 1719 986 1776 τό
1004 1723 1171 1790 φίλον
1190 1718 1557 1790 λαγχάνοντες
1576 1739 1710 1773 κατ-

0 1804 222 1881 ιῴκιζον
256 1804 353 1868 τὰς
386 1803 585 1874 χώρας,
627 1802 718 1858 καὶ
755 1806 1181 1870 κατοικίσαντες,
1211 1795 1334 1855 οἷον
1370 1805 1545 1872 νομῆς
1583 1805 1710 1856 ποί-

21 1908 172 1959 μνια,
200 1884 446 1956 κτήματα
467 1885 557 1940 καὶ
576 1886 867 1954 θρέμματα
887 1882 1100 1938 ἑαυτῶν
1115 1879 1258 1953 ἡμᾶς
1288 1885 1540 1951 ἔτρεφον,
1565 1878 1710 1952 πλὴν

0 1966 91 2023 ,οὐ
110 1966 327 2036 σώμασι
350 1966 574 2036 σώματα
602 1966 934 2037 βιαζόμενοι,
964 1963 1221 2033 καθάπερ
1254 1966 1508 2034 ποιμένες
1536 1961 1708 2036 κτήνη

0 2072 3 2101 ι
21 2051 206 2120 πληγῇ
225 2050 499 2119 νέμοντες,
521 2044 644 2103 ἀλλ’
665 2041 703 2120 ᾗ
722 2047 955 2119 μάλιστα
975 2045 1291 2117 εὔστροφον
1311 2050 1471 2117 ζῶον,
1494 2047 1553 2102 ἐκ
1573 2046 1708 2114 πρύ-
1736 2065 1769 2109 c

0 2154 162 2204 ιμνης
190 2130 611 2196 άπευθύνοντες
641 2126 761 2186 οἷον
781 2138 946 2200 οἴακι,
978 2137 1172 2184 πειθοῖ
1185 2133 1364 2200 ψυχῆς
1393 2129 1710 2199 ἐφαπτόμε-

0 2233 114 2269 ινοι
130 2213 267 2268 κατὰ
298 2211 401 2284 τὴν
429 2212 616 2268 αὐτῶν
649 2213 904 2268 διάνοιαν
935 2209 1113 2276 οὕτως
1140 2206 1463 2281 ἄγοντεςτὸ
1495 2207 1711 2281 θνητὸν

0 2318 2 2327 ’
24 2298 141 2349 πᾶν
159 2295 489 2364 ἐκυβέρνων.
526 2292 683 2349 ἄλλοι
711 2293 813 2364 μὲν
841 2288 946 2349 οὖν
965 2289 1087 2349 κατ’
1109 2292 1314 2358 ἄλλους
1339 2291 1547 2356 τόπους
1575 2296 1712 2361 κλη-

0 2375 393 2446 ρουχήσαντες
411 2379 566 2430 θεῶν
586 2377 766 2430 ἐκεῖνα
796 2374 1087 2445 ἐκόσμουν,
1111 2372 1418 2444 ’Ἡφαιστος
1437 2371 1497 2428 δὲ
1515 2371 1711 2443 κοινὴν

0 2462 117 2516 ’καὶ
152 2457 361 2530 Ἀθηνᾶ
390 2459 566 2530 φύσιν
593 2463 824 2529 ἔχοντες,
857 2458 971 2529 ἅμα
997 2457 1099 2530 μὲν
1129 2454 1383 2527 ἀδελφήν
1413 2456 1472 2511 ἐκ
1502 2453 1710 2511 ταὺτοῦ

0 2541 248 2610 πατρός,
272 2539 383 2611 ἅμα
403 2541 461 2596 δὲ
483 2545 787 2613 φιλοσοφίᾳ
809 2543 1128 2611 φιλοτεχνίᾳ
1153 2560 1209 2594 τε
1230 2539 1315 2593 ἐπὶ
1345 2533 1413 2591 τά
1446 2533 1587 2591 αὐτὰ
1619 2539 1709 2592 ἐλ-

0 2624 241 2692 ιθόντες,
265 2621 412 2677 οὕτω
430 2627 562 2693 μίαν
582 2619 749 2692 ἄμφω
780 2627 937 2692 λῆξιν
966 2620 1131 2692 τήνδε
1154 2620 1254 2690 τήν
1272 2618 1460 2689 χώραν
1490 2615 1710 2688 εἰλήχα-

0 2726 119 2762 ιτον
139 2702 211 2773 ὥς
232 2709 441 2760 οἰκείαν
460 2706 548 2760 καὶ
569 2704 896 2773 πρόσφορον
916 2701 1082 2775 άρετῇ
1103 2703 1193 2757 καὶ
1225 2700 1496 2772 φρονήσει
1525 2720 1710 2771 πεφυ-

0 2798 202 2856 »κυῖαν,
225 2784 432 2855 ἄνδρας
454 2785 512 2842 δὲ
540 2784 795 2856 άγαθούς
824 2785 1216 2856 ἐμποιήσαντες
1245 2781 1595 2853 αὐτόχθονας
1622 2780 1708 2837 ἐπὶ
1748 2797 1779 2839 D
