1962 3236
21 0 65 24 V
95 0 292 17 ‚F'‹.'⁸F*
334 0 483 18 ';'‘⁴¹J
554 0 594 18 δ’)
636 0 730 23 ’κινζν
757 0 803 22 .·,.-

34 33 46 41 ι

731 140 1119 186 PRAEFATIO.
1715 152 1823 181 xxxi

37 263 121 304 nisi
149 262 266 314 quod
293 261 394 302 Tur.
426 252 542 312 ἡμῖν
579 258 1013 324 circumscripserunu
1053 255 1158 296 mihi
1189 268 1287 297 vero
1325 267 1410 296 non
1444 254 1526 295 hoc
1555 260 1715 295 tantum
1747 255 1829 295 tol-

38 320 234 368 lendum,
265 318 345 359 sed
374 318 501 358 etiam
523 327 745 370 χρωματα
772 314 1021 357 mutandum
1053 314 1195 355 visum
1225 319 1312 361 est,
1357 313 1473 364 quod
1497 324 1551 352 ne
1579 312 1672 363 quis
1707 324 1826 363 sequ.

38 370 206 427 φωνὰς
247 375 549 429 opponendum
589 380 783 422 censeat,
824 378 991 426 reputet
1030 371 1179 412 auditu
1214 368 1319 410 nihil
1358 370 1442 410 nisi
1482 381 1609 410 sonos
1649 370 1828 422 percipi,

40 435 135 475 visu
167 435 296 475 etiam
326 432 409 474 alia
438 432 569 472 multa
596 437 764 484 praeter
794 429 971 471 colores.
1002 477 1015 494 ⁹
1036 428 1137 469 Mox
1169 425 1219 467 τί
1251 422 1332 467 δαὶ
1356 427 1388 467 Ρ
1421 434 1463 466 et
1494 426 1550 476 B,
1577 421 1712 490 τίηᾶέ
1748 424 1826 466 ST.

47 514 96 522 —
127 493 173 534 P.
207 490 292 533 316
317 492 356 531 A
381 488 533 531 falsam
561 499 657 528 esse
685 486 799 540 vulg.
829 486 924 527 lect.
958 483 1128 526 ουκοῧν
1158 479 1240 525 καὶ
1266 476 1396 537 παρὰ
1422 481 1567 524 πᾶσιν
1592 494 1740 528 ουτως
1766 477 1829 530 ὥς

38 540 216 589 ἐνθάδε
257 544 512 599 νομίζεται,
552 557 678 597 quam
718 552 815 598 post
849 555 1101 597 responsum
1141 539 1221 583 ναὶ
1262 542 1432 583 demum
1474 541 1605 584 altera
1637 541 1828 592 quaestio

39 599 214 646 οὐκοῦν
239 600 319 644 καὶ
343 597 396 643 ἐν
421 599 625 655 Πέρσαις
654 601 855 653 sequitur,
877 602 970 653 jam
997 601 1174 642 internis
1203 599 1439 642 rationibus
1466 599 1638 652 assequi
1663 597 1831 647 licebat,

38 666 76 704 si
109 664 281 715 quidem
305 660 409 702 nihil
435 661 606 701 omnino
632 671 786 699 causae
809 666 887 708 est,
917 666 1177 711 quapropter
1202 669 1402 699 concesso
1428 659 1597 698 omnium
1624 667 1830 696 consensu

37 721 269 776 peculiaris
296 718 519 759 Persarum
549 717 705 758 mentio
736 722 959 768 sequatur3
993 716 1156 756 accedit
1184 728 1286 756 vero
1317 716 1444 756 etiam
1477 714 1670 755 codicum
1699 712 1831 766 pluri-

39 791 205 820 morum
234 777 484 824 auctoritas,
518 775 590 827 qui
621 785 872 827 responsum
904 767 984 812 καὶ
1014 763 1065 811 ἐν
1098 767 1321 824 Πέρσαις,
1355 773 1470 826 quod
1507 772 1681 812 alteram
1714 769 1831 810 illam

39 836 327 888 quaestionem
354 834 551 887 respicit,
579 833 774 873 omittunt
784 844 796 880 ;
826 843 906 871 neu
933 830 1026 881 quis
1053 831 1143 883 jam
1175 842 1270 870 cum
1296 829 1508 870 nonnullis
1535 824 1616 868 καὶ
1645 819 1719 868 ciel
1749 821 1832 878 δή-

40 905 134 934 που
166 905 261 934 curn
289 891 371 933 hac
400 892 635 939 continuet,
666 889 759 931 Par.
795 896 929 936 vetat,
972 889 1043 940 qui
1074 886 1188 928 clare
1216 879 1332 927 ἀλλὰ
1362 893 1522 934 tuetur3
1567 898 1676 937 quae
1702 897 1831 936 quum

38 953 97 992 ita
134 958 297 1002 essent,
323 950 526 990 turbatae
561 949 790 1001 scripturae
819 945 929 986 hanc
960 944 1171 986 medelam
1202 945 1401 995 adhibui,
1438 950 1485 984 ut
1520 935 1650 995 παρὰ
1687 939 1832 982 πᾶσιν

41 1019 240 1060 tanquam
272 1007 486 1061 glossema
523 1017 699 1058 prorsus
739 1004 1024 1052 eliminarem,
1059 1004 1235 1056 ejusque
1270 1003 1314 1042 in
1347 1002 1486 1043 locum
1525 1002 1642 1054 ipsos
1679 1001 1834 1041 Persas

41 1067 356 1113 substituerem,
390 1075 567 1116 quorum
600 1075 709 1102 nunc
737 1074 790 1102 ne
821 1061 1046 1114 peculiaris
1077 1060 1248 1112 quidem
1281 1061 1437 1100 mentio
1470 1059 1611 1112 magis
1642 1057 1831 1105 offendit,

42 1136 169 1175 quam
196 1135 294 1163 mox
320 1121 729 1174 Carthaginiensium
758 1128 799 1159 et
828 1119 1103 1172 Lycaeorum.
1128 1139 1188 1147 —
1208 1117 1255 1157 P.
1281 1117 1365 1159 317
1384 1116 1420 1157 D
1452 1117 1609 1168 νεῖμαι
1639 1116 1690 1156 ab
1721 1106 1831 1166 οἷγα-

40 1174 133 1228 θός
161 1180 348 1234 pendere
379 1186 489 1219 recte
518 1177 667 1219 Stallb.
703 1177 830 1224 vidit3
862 1176 907 1216 id
937 1177 1077 1229 ipsum
1112 1182 1253 1215 autem
1286 1188 1354 1215 me
1385 1175 1541 1223 movit,
1574 1180 1620 1214 ut
1650 1168 1731 1212 καὶ
1762 1183 1835 1211 su-

39 1247 230 1306 spectum
260 1236 364 1277 mihi
401 1247 493 1276 esse
530 1234 836 1288 significarem,
870 1245 1112 1285 quanquam
1142 1232 1258 1272 haud
1289 1233 1377 1272 scio
1409 1244 1463 1272 an
1496 1230 1759 1272 commodius
1790 1229 1831 1268 in

41 1307 104 1342 ως
134 1302 318 1335 mutetur
355 1306 479 1345 quam
512 1303 688 1346 prorsus
727 1291 986 1338 eliminetur3
1029 1290 1182 1330 certius
1220 1290 1366 1341 utique
1406 1301 1450 1342 p.
1486 1288 1571 1330 318
1602 1288 1635 1328 Β
1670 1280 1834 1338 νόμοις

40 1352 374 1405 circumscripsi,
409 1351 510 1403 quia
536 1345 800 1402 νομοθέτης
825 1340 876 1388 ἒν
906 1341 1069 1400 νόμοις
1100 1348 1349 1388 inconcinne
1378 1347 1532 1387 dicitur
1557 1346 1724 1398 ipsique
1755 1337 1834 1383 αύ-

39 1406 221 1462 λητικοὶ
255 1422 365 1450 nunc
395 1408 589 1449 homines
620 1407 762 1475 potius
794 1407 971 1447 tibicinii
996 1406 1157 1459 peritos
1192 1405 1432 1459 significare
1457 1404 1666 1446 videntur.
1694 1425 1752 1433 -—
1781 1402 1830 1442 P.

40 1467 121 1510 321
155 1466 190 1507 D
230 1478 280 1507 τε
320 1474 414 1520 post
455 1463 715 1517 νομοθετης
754 1479 791 1505 c.
834 1462 984 1507 Stallb.
1019 1476 1071 1504 ex
1110 1463 1255 1504 codice
1294 1463 1414 1503 Leid.
1457 1461 1635 1513 aliisque
1672 1460 1834 1507 addidi,

38 1527 256 1579 flagitante
286 1525 496 1565 communi
523 1523 730 1576 adjectivo
757 1513 965 1574 ἀγαθός,
999 1522 1114 1573 quod
1139 1522 1231 1561 sine
1256 1520 1336 1561 hac
1361 1520 1566 1574 particula
1596 1519 1753 1572 pariter
1781 1517 1835 1557 ad

41 1592 264 1635 utrumque
290 1582 598 1623 substantivum
625 1593 752 1635 aegre
777 1579 952 1621 referas.

159 1697 350 1739 Ceterum
382 1697 462 1737 hoc
489 1696 578 1737 loco
609 1708 691 1736 non
725 1708 899 1749 possum
937 1706 1019 1735 non
1051 1693 1194 1747 palam
1224 1694 1342 1745 queri
1374 1693 1426 1734 de
1454 1703 1617 1745 nupera
1648 1690 1836 1731 censoris

42 1756 309 1797 Monacensis
338 1754 556 1802 socordia,
599 1754 670 1804 qui
701 1754 744 1792 in
770 1753 1001 1805 judicando
1039 1753 1180 1803 primo
1211 1751 1343 1803 hujus
1380 1750 1578 1791 editionis
1605 1748 1835 1800 volumine,

43 1813 159 1865 quod
188 1821 320 1852 totum
345 1814 387 1853 in
414 1812 559 1852 codice
589 1811 725 1851 Oxon.
754 1811 921 1858 nititur,
950 1810 1122 1849 unicum
1153 1808 1269 1849 illius
1294 1814 1446 1848 testem
1478 1807 1688 1848 oculatum
1716 1805 1835 1847 Gais-

44 1870 229 1912 sordium
262 1882 344 1910 non
382 1869 506 1914 adiit,
540 1868 616 1908 sed
647 1867 738 1907 sola
767 1867 945 1907 Bekkeri
975 1867 1276 1907 commentaria
1307 1865 1530 1918 usurpavit
1559 1875 1696 1915 neque
1728 1862 1835 1903 adeo

41 1926 308 1969 Stallbaumii
325 1934 398 1967 aut
423 1925 650 1966 Heindorfii
675 1926 967 1965 annotationes
987 1924 1211 1978 diligenter
1236 1923 1436 1976 inspexit.
1467 1922 1574 1962 Hinc
1598 1922 1757 1962 factum
1775 1928 1838 1960 est

43 1993 90 2027 ut
114 1985 272 2027 Phaed.
298 1997 342 2037 p.
365 1983 417 2025 61
442 1983 476 2023 D
509 1980 669 2034 σαφῶς
700 1983 741 2021 in
773 1982 863 2022 solo
895 1980 1030 2025 Oxou.
1068 1989 1235 2022 exstare
1266 1980 1447 2028 diceret,
1476 1979 1590 2030 quod
1619 1985 1837 2032 praeterea

41 2043 376 2096 insignissimum
400 2041 581 2094 Tubing.
612 2039 905 2092 fidejussorem
931 2039 1082 2088 habet,
1116 2039 1383 2089 eundemque
1410 2050 1453 2090 p.
1479 2037 1536 2077 74
1560 2038 1598 2076 A
1623 2038 1665 2076 in
1696 2036 1837 2077 verbis

39 2097 104 2156 τῷ
131 2093 244 2151 μὲν.
267 2130 277 2140 .
301 2131 311 2140 .
329 2096 393 2154 τῷ
420 2092 471 2139 δὲ
504 2101 735 2165 ignorarem
770 2099 956 2137 omnium
988 2104 1129 2137 autem
1159 2096 1428 2148 iniquissime
1463 2107 1528 2135 me
1558 2094 1754 2134 tractavit
1785 2093 1838 2133 de

40 2170 85 2212 p.
108 2157 163 2200 50
183 2157 232 2202 Ε,
259 2158 327 2197 ubi
357 2170 424 2197 me
452 2147 657 2196 ἔκελευεν
680 2168 774 2196 cum
795 2156 979 2197 secunda
1001 2153 1134 2195 Oxou.
1158 2166 1286 2194 manu
1306 2153 1528 2194 scribendo
1561 2164 1677 2192 meas
1698 2151 1836 2204 ipsum

39 2214 158 2269 leges
190 2215 372 2255 violasse
404 2215 665 2256 criminatur.
729 2212 900 2254 Scilicet
932 2212 1150 2253 Bckkerus
1182 2218 1324 2253 notam
1354 2211 1434 2252 sed
1462 2223 1520 2252 ex
1551 2223 1626 2251 em.
1662 2222 1688 2250 a
1719 2207 1838 2249 Gais-

40 2271 180 2315 tordio
207 2272 261 2313 ad
288 2280 533 2323 sequentem
559 2271 781 2312 lectionem
811 2263 1109 2316 εἰσελθόντας
1135 2270 1363 2323 ascriptam
1393 2281 1470 2321 per
1501 2280 1686 2308 errorem
1712 2266 1839 2307 simul

41 2330 99 2372 ad
135 2330 452 2372 antecedentem
500 2330 639 2370 retulit
680 2341 813 2381 eoque
867 2329 977 2370 facto
1019 2330 1145 2370 etiam
1187 2326 1509 2368 Stallbaumium
1549 2322 1838 2371 conturbavit;

39 2388 158 2441 ipsas
187 2387 502 2442 diligentissimi
533 2387 717 2428 hominis
741 2386 943 2427 lectiones
971 2389 1007 2427 si
1037 2386 1295 2439 inspexeris,
1329 2376 1533 2424 ἐκέλευεν
1563 2385 1745 2436 primam
1772 2395 1840 2422 so-

44 2445 212 2497 lamque
243 2446 391 2498 optimi
422 2446 582 2486 codicis
610 2446 861 2514 scripturam
885 2457 978 2485 esse
1010 2445 1215 2486 invenies.
1276 2443 1435 2483 Eadem
1469 2453 1598 2482 causa
1625 2448 1687 2482 est
1712 2453 1754 2493 p.
1783 2440 1840 2482 70

47 2508 77 2543 A
97 2534 107 2550 ,
151 2502 219 2542 ubi
253 2502 379 2545 Bekk.
411 2502 633 2543 lectionem
673 2498 902 2556 αποθάνῃ
935 2503 1116 2556 margini
1156 2500 1291 2542 Oxou.
1325 2501 1551 2552 ascriptam
1583 2510 1840 2539 commemo-

43 2573 134 2601 rare
169 2559 378 2611 neglexit,
412 2572 539 2610 quam
566 2573 670 2613 ego.
704 2561 777 2611 qni
810 2561 854 2600 id
880 2560 1004 2600 modo
1038 2571 1309 2611 quaererem,
1342 2558 1487 2597 nor-isti
1519 2568 1573 2596 an
1605 2555 1840 2609 praesentis

43 2619 250 2659 vetustior
281 2618 508 2657 auctoritas
538 2624 670 2665 esset,
703 2618 798 2669 jure
834 2630 926 2658 meo
961 2625 1159 2668 tanquam
1191 2615 1420 2655 secundum
1449 2614 1611 2666 primae
1643 2613 1839 2667 opposui,

34 2689 126 2731 ¹*qna
160 2677 199 2715 in
244 2676 336 2727 ipso
369 2675 590 2714 verborum
625 2674 770 2714 ordine
800 2666 1099 2725 ἀποθνήσκει
1133 2674 1305 2725 quidem
1337 2672 1564 2725 scriptum,
1596 2671 1672 2712 sed
1704 2683 1734 2725 ῃ
1769 2683 1839 2710 su-

28 2734 204 2789 )prascri
241 2741 327 2773 tum
363 2740 446 2779 est3
487 2745 636 2772 censor
678 2739 816 2771 autem
850 2731 1022 2772 alteram
1052 2731 1165 2771 illam
1199 2731 1398 2783 ignorans
1430 2729 1532 2771 vitio
1571 2728 1674 2770 mihi
1708 2728 1840 2774 dedit,

24 2788 157 2850 'gund
182 2782 470 2842 αποθνήσκῃ
505 2791 557 2830 ad
594 2790 769 2842 primam
804 2802 972 2829 manum
1002 2788 1258 2829 retulissem.
1297 2787 1476 2828 Omnino
1508 2788 1543 2827 si
1572 2787 1666 2838 quis
1701 2787 1839 2840 ipsum

27 3165 30 3171 ·
24 3022 38 3116 .-c-‘-
