1962 3236
205 154 309 205 408
454 168 455 174 ’
731 162 1049 208 ΤΙΜΑΙΩ,
1083 164 1359 212 ΛΟΚΡῼ
1817 179 1877 228 90

203 305 314 353 σιες
333 310 445 345 των
470 292 740 362 σωμάτων
757 295 1032 374 γίγνοιντο
1052 297 1142 348 καὶ
1161 295 1233 365 μὴ
1257 295 1376 351 κατ’
1409 298 1719 372 αὐτόματον
1746 329 1874 377 τρο-

138 386 172 425 Ι)
206 369 310 435 πάς
329 374 549 442 δέχοιτο.
573 375 826 443 ἐποίησεν
852 394 932 427 ων
949 373 1112 429 τόνδε
1131 375 1229 431 τὸν
1245 378 1458 448 κόσμον
1475 384 1529 448 ἐξ
1549 380 1762 450 ἁπάσας
1779 395 1875 453 τᾶς

200 448 395 520 ὕλας,
374 451 510 520 όρον
529 451 703 508 αὐτὸν
721 454 1128 521 κατασκευάξας
1148 464 1244 521 τοῖς
1270 466 1348 514 τῶ
1358 459 1527 527 ὄντος
1556 466 1755 534 φύσιος
1783 464 1873 523 διά

197 533 258 588 τὸ
280 533 460 588 πάντα
478 527 650 590 τάλλα
676 538 736 589 έν
755 532 906 608 αὐτῷ
923 539 1185 609 περιέχεν,
1208 540 1324 610 ἕνα,
1343 551 1634 618 μονογενῆ,
1648 550 1874 618 τέλειον,

200 615 446 684 ἔμψυχόν
464 636 520 670 τε
549 617 639 671 καὶ
664 616 915 686 λογικόν·
960 622 1232 687 κρέσσονα
1261 622 1367 692 γάρ
1398 624 1527 679 τάδε
1559 625 1750 698 ἀψύχω
1783 633 1873 685 καὶ

199 694 381 765 ἀλόγω
402 695 582 751 ἐστόν·
606 699 696 753 καὶ
716 700 1059 768 σφαιροειδὲς
1077 708 1256 772 σῶμα·
1276 705 1615 774 τελειότερον
1633 730 1738 779 γαρ
1758 731 1876 765 των

196 777 380 833 ἀλλων
393 778 686 849 σχημάτων
701 774 965 851 ἦντουτο.
989 782 1339 853 δηλόμενος’
1300 806 1380 840 ων
1391 785 1616 857 άριστον
1627 791 1874 859 γένναμα

196 866 380 931 ποιῆν,
401 866 602 916 τοῦτον
619 863 774 932 ε’ποίη
792 859 933 917 θεὸν
952 865 1242 933 γεννατόν,
1267 866 1336 921 οὔ
1364 887 1507 922 ποκα
1538 872 1876 940 φθαρησού-

195 961 366 1011 μενον
383 938 484 996 ὑπ’
510 940 659 997 άλλω
686 946 838 997 αἰτίω
858 945 957 1007 ἔξω
986 949 1063 998 τῶ
1091 943 1265 1000 αὐτὸν
1292 953 1706 1019 συντεταγμένω
1734 958 1870 1020 θεῶ,

138 1041 172 1081 Ε
203 1031 258 1079 εἴ
271 1042 414 1079 ποκα
442 1024 631 1095 δήλετο
652 1022 825 1080 αὐτὸν
844 1025 1082 1080 διαλύεν.
1120 1023 1332 1082 ἀλλὀὐ
1350 1026 1458 1099 γάρ
1479 1028 1708 1100 τάγαθω
1726 1035 1874 1089 ἐστὶν

198 1102 378 1175 ὁρμᾶν
416 1107 502 1161 ἐπὶ
527 1104 757 1176 φθορὰν
783 1107 1124 1177 γεννάματος
1152 1115 1446 1164 καλλίστω·
1496 1114 1736 1182 διαμένει
1765 1112 1871 1182 ἄρα

197 1185 413 1241 τοιόσδε
434 1182 514 1241 α’)’ν
534 1184 825 1257 ἄφθαρτος
843 1190 933 1242 καὶ
961 1186 1283 1257 ἀνώλεθρος
1311 1192 1401 1245 καὶ
1424 1192 1704 1263 μακάριος.
1733 1195 1875 1262 κρά-

197 1283 375 1332 τιστος
394 1271 427 1323 ὃ
436 1266 448 1287 ’
468 1269 580 1323 ἐστὶ
598 1275 900 1339 γεννατῶν,
921 1270 1036 1324 ἐπεὶ
1055 1267 1162 1324 ὑπὸ
1184 1275 1263 1325 τῶ
1278 1276 1546 1343 κρατίστω
1578 1279 1730 1330 αἰτίω
1752 1279 1871 1346 ἐγέ-

197 1371 340 1419 νετο,
364 1346 687 1420 ἀφορῶντος
712 1348 815 1404 οὐκ
845 1354 897 1413 ἐς
925 1350 1251 1420 χειρόκματα
1284 1357 1712 1425 παραδείγματα,
1744 1354 1866 1411 ἀλλ’

194 1433 248 1496 ἐς
274 1429 378 1486 τάν
415 1433 568 1486 ἰδέαν
604 1433 695 1486 καὶ
724 1433 776 1494 ἐς
804 1430 908 1486 τάν
945 1429 1154 1486 vom-dcv
1186 1430 1401 1504 οὐσίαν,
1435 1433 1570 1489 ποθ’
1604 1435 1780 1505 ἅνπερ
1809 1434 1869 1491 τὸ

115 1533 172 1578 95
199 1511 551 1581 γεννώμενον
570 1509 964 1582 ἀπακριβωθὲν
980 1512 1274 1568 κάλλιστόν
1294 1535 1350 1569 τε
1369 1516 1459 1570 καὶ
1479 1513 1875 1588 ἀπαρεγχείρη-

197 1614 295 1648 τον
313 1597 569 1662 γίγνεται.
590 1594 792 1656 τέλειος
812 1591 863 1647 δ’
885 1592 968 1648 ἀεὶ
994 1596 1131 1649 κατὰ
1151 1593 1215 1649 τά
1239 1596 1477 1667 αἰσθητά
1496 1599 1659 1666 ἐστιν,
1682 1597 1763 1652 ὅτι
1783 1600 1873 1653 καὶ

197 1673 257 1730 τὸ
280 1673 624 1744 παράδειγμα
644 1679 778 1742 τῆνο
810 1671 960 1730 αὐτῶ
979 1677 1232 1746 περιέχον
1259 1678 1439 1732 πάντα
1467 1676 1533 1733 τὰ
1563 1677 1733 1734 νοατά
1766 1683 1873 1744 ζῶα

197 1759 257 1810 ἐν
277 1752 427 1826 αὑτῷ
442 1751 607 1810 οὐδὲν
626 1754 778 1819 ε’κτὸς
791 1754 1052 1811 ἀπέλιπεν
1072 1756 1225 1828 ἄλλο,
1248 1756 1377 1830 ὅρος
1398 1755 1476 1813 ὢν
1500 1765 1712 1815 νοατῶν
1731 1781 1877 1815 παν-

197 1836 369 1908 τελής,
402 1833 475 1901 ὡς
494 1836 590 1892 ὅδε
610 1835 639 1893 ὁ
665 1836 872 1908 κόσμος
891 1842 1188 1910 αἰσθητῶν.

336 1923 418 1973 III.
459 1918 697 1989 Στερεὸς
718 1923 776 1975 δὲ
798 1941 876 1974 ων
897 1917 1067 1985 ἁπτός
1095 1942 1152 1975 τε
1180 1923 1270 1976 και
1300 1918 1497 1991 ὁρατὸς
1514 1928 1614 1992 γοῖς
1631 1922 1874 1993 μεμόρα-

195 2022 318 2055 κται
337 2000 513 2070 πυρός
531 2022 588 2056 τε
605 2003 696 2056 και
715 2022 828 2056 των
848 2000 1048 2072 μεταξὺ
1069 2001 1229 2070 ἀέρος
1244 2006 1334 2058 καὶ
1353 2002 1567 2068 ὕδατος.
1592 2006 1650 2059 ἐκ
1671 2025 1875 2059 παντε-

135 2098 166 2137 Β
198 2083 339 2136 λέων
359 2083 418 2136 δὲ
439 2084 740 2138 συνέστακε
767 2083 1054 2153 σωματων,
1075 2085 1246 2152 τάπερ
1272 2083 1375 2139 ὅλα
1398 2087 1458 2139 ἐν
1479 2082 1630 2138 αὐτω
1647 2086 1776 2153 ἐντί,
1800 2083 1876 2149 ὠς

199 2163 272 2232 μή
295 2182 438 2217 ποκα
456 2165 621 2234 μέρος
639 2162 1060 2234 ἀπολειφθῆμεν
1080 2163 1232 2228 ἐκτὸς
1252 2163 1419 2233 αὐτῶ,
1439 2168 1530 2220 ἵνα
1548 2158 1585 2236 ᾗ
1605 2164 1875 2235 αὐταρκέ-

198 2259 399 2299 στατον
416 2241 477 2299 τὸ
508 2250 583 2298 τῶ
605 2243 809 2309 παντὸς
838 2262 1010 2315 σωμα,
1037 2243 1314 2315 ἀκήρατον
1343 2267 1456 2300 των
1485 2246 1638 2309 ἐκτὸς
1666 2252 1871 2316 κηρῶν,

199 2322 266 2378 οὐ
295 2323 401 2395 γάρ
429 2345 481 2379 τι
512 2317 584 2394 ἦν
617 2328 737 2395 δίχα
766 2328 1023 2395 τουτέων,
1044 2323 1180 2381 ἀλλά
1209 2329 1299 2381 καὶ
1327 2348 1441 2382 των
1469 2327 1636 2391 ἐντός
1674 2326 1740 2381 τὰ
1767 2347 1875 2396 γαρ

197 2404 399 2461 καττάν
444 2402 672 2477 ἀρίστοιν
720 2404 1022 2476 ἀναλογίαν
1069 2411 1407 2486 συντεθέντα
1445 2410 1506 2463 ἐν
1546 2411 1874 2478 ἰσοδυναμίᾳ

197 2485 327 2542 οὔτε
346 2498 533 2556 κρατεῖ
552 2485 855 2543 ἀλλάλων’
828 2510 888 2543 εκ
914 2492 1104 2559 μέρεος
1123 2487 1251 2544 οὔτε
1269 2492 1567 2558 κρατέεται,
1600 2498 1673 2552 ως
1690 2488 1756 2543 τὰ
1775 2509 1877 2557 μεν

199 2569 389 2640 αὕξαν,
402 2567 467 2625 τὰ
481 2573 540 2625 δὲ
556 2575 755 2640 φθίσιν
766 2570 1064 2641 λαμβάνεν,
1080 2573 1230 2648 μένει
1250 2569 1294 2625 δ’
1319 2573 1378 2626 ἐν
1391 2572 1707 2641 ξυναρμογᾷ
1727 2566 1874 2622 ἀδια·

136 2670 166 2710 C
198 2652 344 2725 λύτςο
374 2651 512 2707 κατὰ
543 2652 712 2724 λόγον
742 2651 982 2722 άριστον.
1032 2674 1203 2722 τριων
1225 2651 1332 2724 γάρ
1365 2671 1696 2706 ωντινωνων
1721 2647 1875 2717 ὅρων

199 2731 334 2788 ὅταν
355 2735 445 2788 καὶ
464 2730 529 2787 τά
551 2733 887 2805 διαστάματα
909 2732 1113 2790 καττὸν
1135 2732 1307 2788 αὐτὸν
1332 2733 1537 2801 ἐστάθη
1558 2731 1726 2799 λόγον
1746 2726 1872 2782 ποτ’

203 2811 425 2883 ἄλλαλα,
465 2813 586 2869 τότε
618 2813 684 2884 δὴ
721 2814 782 2870 τὸ
815 2816 984 2885 μέσον
1013 2817 1207 2885 ρυσμεὸ
1236 2817 1395 2868 δίκαν
1427 2810 1678 2882 ὁρήμεθα
1707 2808 1872 2865 ποττὸ
