<?xml version="1.0" encoding="UTF-8"?>
<!DOCTYPE html PUBLIC "-//W3C//DTD XHTML 1.0 Transitional//EN"
    "http://www.w3.org/TR/xhtml1/DTD/xhtml1-transitional.dtd">
<html xmlns="http://www.w3.org/1999/xhtml" xml:lang="en" lang="en">
 <head>
  <title>
</title>
<meta http-equiv="Content-Type" content="text/html;charset=utf-8" />
  <meta name='ocr-system' content='tesseract 3.04.00' />
  <meta name='ocr-capabilities' content='ocr_page ocr_carea ocr_par ocr_line ocrx_word'/>
</head>
<body>
  <div class='ocr_page' id='page_1' title='image "./dialogisecumdumt04platuoft_0208.png"; bbox 0 0 1962 3236; ppageno 0'>
   <div class='ocr_carea' id='block_1_1' title="bbox 226 147 1319 200">
    <p class='ocr_par' dir='ltr' id='par_1_1' title="bbox 226 147 1319 200">
     <span class='ocr_line' id='line_1_1' title="bbox 226 147 1319 200; baseline 0 -1"><span class='ocrx_word' id='word_1_1' title='bbox 226 147 330 200; x_wconf 78' lang='lat'><strong><em>172</em></strong></span> <span class='ocrx_word' id='word_1_2' title='bbox 839 148 1319 199; x_wconf 77' lang='grc' dir='ltr'><em>ΠΛΑΤΩΝΟΣ</em></span> 
     </span>
    </p>
   </div>
   <div class='ocr_carea' id='block_1_2' title="bbox 0 273 1962 2889">
    <p class='ocr_par' dir='ltr' id='par_1_2' title="bbox 0 273 1962 2723">
     <span class='ocr_line' id='line_1_2' title="bbox 224 273 1882 356; baseline 0.003 -19"><span class='ocrx_word' id='word_1_3' title='bbox 224 285 344 352; x_wconf 80' lang='grc' dir='ltr'><strong><em>ἔφη.</em></strong></span> <span class='ocrx_word' id='word_1_4' title='bbox 389 273 458 335; x_wconf 87' lang='grc' dir='ltr'><em>Η</em></span> <span class='ocrx_word' id='word_1_5' title='bbox 485 302 590 336; x_wconf 89' lang='grc' dir='ltr'><strong><em>ουν</em></strong></span> <span class='ocrx_word' id='word_1_6' title='bbox 628 278 963 347; x_wconf 83' lang='grc' dir='ltr'><strong><em>οἰκειότερον</em></strong></span> <span class='ocrx_word' id='word_1_7' title='bbox 996 284 1167 353; x_wconf 78' lang='grc' dir='ltr'><strong><em>σοφίᾳ</em></strong></span> <span class='ocrx_word' id='word_1_8' title='bbox 1198 301 1251 335; x_wconf 88' lang='grc' dir='ltr'><strong><em>τι</em></strong></span> <span class='ocrx_word' id='word_1_9' title='bbox 1287 278 1552 353; x_wconf 76' lang='grc' dir='ltr'><strong><em>ἀληθείας</em></strong></span> <span class='ocrx_word' id='word_1_10' title='bbox 1590 281 1663 339; x_wconf 75' lang='grc' dir='ltr'><strong><em>ἂν</em></strong></span> <span class='ocrx_word' id='word_1_11' title='bbox 1698 284 1882 356; x_wconf 79' lang='grc' dir='ltr'><strong><em>εὕροις</em></strong></span> 
     </span>
     <span class='ocr_line' id='line_1_3' title="bbox 224 355 1907 438; baseline 0.001 -18"><span class='ocrx_word' id='word_1_12' title='bbox 224 367 335 420; x_wconf 81' lang='grc' dir='ltr'><strong><em>Καὶ</em></strong></span> <span class='ocrx_word' id='word_1_13' title='bbox 355 370 498 429; x_wconf 79' lang='grc' dir='ltr'><strong><em>πῶς;</em></strong></span> <span class='ocrx_word' id='word_1_14' title='bbox 534 357 571 434; x_wconf 78' lang='grc' dir='ltr'><strong><em>ἦ</em></strong></span> <span class='ocrx_word' id='word_1_15' title='bbox 592 361 643 418; x_wconf 90' lang='grc' dir='ltr'><strong><em>δ’</em></strong></span> <span class='ocrx_word' id='word_1_16' title='bbox 667 362 741 427; x_wconf 88' lang='grc' dir='ltr'><strong><em>ός.</em></strong></span> <span class='ocrx_word' id='word_1_17' title='bbox 775 356 846 417; x_wconf 89' lang='grc' dir='ltr'><em>Ἡ</em></span> <span class='ocrx_word' id='word_1_18' title='bbox 860 355 967 417; x_wconf 77' lang='grc' dir='ltr'><strong><em>οὖν</em></strong></span> <span class='ocrx_word' id='word_1_19' title='bbox 987 361 1230 419; x_wconf 87' lang='grc' dir='ltr'><strong><em>δυνατὸν</em></strong></span> <span class='ocrx_word' id='word_1_20' title='bbox 1249 362 1390 419; x_wconf 82' lang='grc' dir='ltr'><strong><em>εἶναι</em></strong></span> <span class='ocrx_word' id='word_1_21' title='bbox 1407 364 1512 436; x_wconf 83' lang='grc' dir='ltr'><strong><em>τὴν</em></strong></span> <span class='ocrx_word' id='word_1_22' title='bbox 1531 364 1709 438; x_wconf 79' lang='grc' dir='ltr'><strong><em>αὐτὴν</em></strong></span> <span class='ocrx_word' id='word_1_23' title='bbox 1728 366 1907 438; x_wconf 79' lang='grc' dir='ltr'><strong><em>φύσιν</em></strong></span> 
     </span>
     <span class='ocr_line' id='line_1_4' title="bbox 155 443 1906 523; baseline 0.002 -22"><span class='ocrx_word' id='word_1_24' title='bbox 155 459 191 501; x_wconf 89' lang='lat' dir='ltr'>D</span> <span class='ocrx_word' id='word_1_25' title='bbox 221 445 537 516; x_wconf 87' lang='grc' dir='ltr'><strong><em>φιλόσοφόν</em></strong></span> <span class='ocrx_word' id='word_1_26' title='bbox 555 466 613 499; x_wconf 85' lang='grc' dir='ltr'><strong><em>τε</em></strong></span> <span class='ocrx_word' id='word_1_27' title='bbox 641 447 730 499; x_wconf 84' lang='grc' dir='ltr'><strong><em>καὶ</em></strong></span> <span class='ocrx_word' id='word_1_28' title='bbox 758 446 1099 514; x_wconf 82' lang='grc' dir='ltr'><strong><em>φιλοψευδῆ·</em></strong></span> <span class='ocrx_word' id='word_1_29' title='bbox 1086 485 1100 510; x_wconf 92' lang='grc'><strong><em>,</em></strong></span> <span class='ocrx_word' id='word_1_30' title='bbox 1139 443 1413 515; x_wconf 79' lang='grc' dir='ltr'><em>Οὐδαμῶς</em></span> <span class='ocrx_word' id='word_1_31' title='bbox 1443 467 1520 516; x_wconf 78' lang='grc' dir='ltr'><strong><em>γε.</em></strong></span> <span class='ocrx_word' id='word_1_32' title='bbox 1564 445 1723 502; x_wconf 75' lang='grc' dir='ltr'><strong><em>Τόν’</em></strong></span> <span class='ocrx_word' id='word_1_33' title='bbox 1698 448 1804 517; x_wconf 90' lang='grc' dir='ltr'><strong><em>άρα</em></strong></span> <span class='ocrx_word' id='word_1_34' title='bbox 1830 457 1906 523; x_wconf 76' lang='grc' dir='ltr'><strong><em>τῷ</em></strong></span> 
     </span>
     <span class='ocr_line' id='line_1_5' title="bbox 219 523 1954 600; baseline 0.002 -17"><span class='ocrx_word' id='word_1_35' title='bbox 219 527 341 584; x_wconf 83' lang='grc' dir='ltr'><strong><em>ὅντι</em></strong></span> <span class='ocrx_word' id='word_1_36' title='bbox 359 532 650 598; x_wconf 81' lang='grc' dir='ltr'><strong><em>φιλομαθῆ</em></strong></span> <span class='ocrx_word' id='word_1_37' title='bbox 668 526 848 596; x_wconf 81' lang='grc' dir='ltr'><em>πάσης</em></span> <span class='ocrx_word' id='word_1_38' title='bbox 867 523 1131 597; x_wconf 80' lang='grc' dir='ltr'><strong><em>ἀληθείας</em></strong></span> <span class='ocrx_word' id='word_1_39' title='bbox 1149 530 1236 582; x_wconf 91' lang='grc' dir='ltr'><strong><em>δεῖ</em></strong></span> <span class='ocrx_word' id='word_1_40' title='bbox 1254 525 1431 591; x_wconf 77' lang='grc' dir='ltr'><strong><em>εὐθὺς</em></strong></span> <span class='ocrx_word' id='word_1_41' title='bbox 1454 530 1515 583; x_wconf 85' lang='grc' dir='ltr'><strong><em>ἐκ</em></strong></span> <span class='ocrx_word' id='word_1_42' title='bbox 1535 531 1668 584; x_wconf 92' lang='grc' dir='ltr'><strong><em>νέου</em></strong></span> <span class='ocrx_word' id='word_1_43' title='bbox 1689 528 1722 583; x_wconf 82' lang='grc' dir='ltr'>ὅ</span> <span class='ocrx_word' id='word_1_44' title='bbox 1741 552 1791 584; x_wconf 92' lang='grc' dir='ltr'><strong><em>τι</em></strong></span> <span class='ocrx_word' id='word_1_45' title='bbox 1808 530 1906 600; x_wconf 85' lang='grc' dir='ltr'><strong><em>μά·</em></strong></span> <span class='ocrx_word' id='word_1_46' title='bbox 1952 584 1954 586; x_wconf 78' lang='grc'><strong><em>,</em></strong></span> 
     </span>
     <span class='ocr_line' id='line_1_6' title="bbox 218 606 1945 681; baseline 0.001 -17"><span class='ocrx_word' id='word_1_47' title='bbox 218 616 377 665; x_wconf 90' lang='grc' dir='ltr'><strong><em>λιστα</em></strong></span> <span class='ocrx_word' id='word_1_48' title='bbox 408 606 719 678; x_wconf 77' lang='grc' dir='ltr'><strong><em>ὀρέγεσθαι.</em></strong></span> <span class='ocrx_word' id='word_1_49' title='bbox 758 613 1056 672; x_wconf 76' lang='grc' dir='ltr'><strong><em>Παντελῶς</em></strong></span> <span class='ocrx_word' id='word_1_50' title='bbox 1075 629 1151 678; x_wconf 78' lang='grc' dir='ltr'><strong><em>γε.</em></strong></span> <span class='ocrx_word' id='word_1_51' title='bbox 1211 606 1373 663; x_wconf 83' lang='grc' dir='ltr'><strong><em>Ἀλλά</em></strong></span> <span class='ocrx_word' id='word_1_52' title='bbox 1393 609 1505 679; x_wconf 86' lang='grc' dir='ltr'><strong><em>μὴν</em></strong></span> <span class='ocrx_word' id='word_1_53' title='bbox 1528 608 1637 681; x_wconf 76' lang='grc' dir='ltr'><strong><em>ὅτῳ</em></strong></span> <span class='ocrx_word' id='word_1_54' title='bbox 1655 631 1719 679; x_wconf 76' lang='grc' dir='ltr'><strong><em>γε</em></strong></span> <span class='ocrx_word' id='word_1_55' title='bbox 1739 619 1815 675; x_wconf 83' lang='grc' dir='ltr'><strong><em>εἰς</em></strong></span> <span class='ocrx_word' id='word_1_56' title='bbox 1843 611 1898 665; x_wconf 73' lang='grc' dir='ltr'><strong><em>ἕν</em></strong></span> <span class='ocrx_word' id='word_1_57' title='bbox 1943 664 1945 673; x_wconf 38' lang='lat'><em>2</em></span> 
     </span>
     <span class='ocr_line' id='line_1_7' title="bbox 216 685 1943 787; baseline 0.001 -43"><span class='ocrx_word' id='word_1_58' title='bbox 216 711 269 744; x_wconf 88' lang='grc' dir='ltr'><strong><em>τι</em></strong></span> <span class='ocrx_word' id='word_1_59' title='bbox 296 692 358 744; x_wconf 77' lang='grc' dir='ltr'><strong><em>αἰ</em></strong></span> <span class='ocrx_word' id='word_1_60' title='bbox 377 691 666 759; x_wconf 81' lang='grc' dir='ltr'><strong><em>ἐπιθυμίαι</em></strong></span> <span class='ocrx_word' id='word_1_61' title='bbox 690 688 921 787; x_wconf 41' lang='grc' dir='ltr'><strong><em>σφόδραρ</em></strong></span> <span class='ocrx_word' id='word_1_62' title='bbox 930 690 1212 759; x_wconf 80' lang='grc' dir='ltr'><strong><em>ῥέπουσιν,</em></strong></span> <span class='ocrx_word' id='word_1_63' title='bbox 1226 696 1386 759; x_wconf 80' lang='grc' dir='ltr'><strong><em>ἴσμεν</em></strong></span> <span class='ocrx_word' id='word_1_64' title='bbox 1404 709 1515 746; x_wconf 91' lang='grc' dir='ltr'><strong><em>που</em></strong></span> <span class='ocrx_word' id='word_1_65' title='bbox 1536 687 1619 746; x_wconf 80' lang='grc' dir='ltr'><strong><em>ὅτι</em></strong></span> <span class='ocrx_word' id='word_1_66' title='bbox 1642 694 1717 755; x_wconf 83' lang='grc' dir='ltr'><strong><em>εἰς</em></strong></span> <span class='ocrx_word' id='word_1_67' title='bbox 1734 685 1904 747; x_wconf 84' lang='grc' dir='ltr'><strong><em>τάλλα</em></strong></span> <span class='ocrx_word' id='word_1_68' title='bbox 1938 685 1943 690; x_wconf 42' lang='lat'><strong>⁴</strong></span> 
     </span>
     <span class='ocr_line' id='line_1_8' title="bbox 217 769 1904 845; baseline 0.001 -19"><span class='ocrx_word' id='word_1_69' title='bbox 217 771 397 845; x_wconf 86' lang='grc' dir='ltr'><strong><em>τούτω</em></strong></span> <span class='ocrx_word' id='word_1_70' title='bbox 434 769 847 841; x_wconf 86' lang='grc' dir='ltr'><strong><em>ἀσθενέστεραι,</em></strong></span> <span class='ocrx_word' id='word_1_71' title='bbox 886 769 1070 841; x_wconf 69' lang='grc' dir='ltr'><strong><em>ὥσπερ</em></strong></span> <span class='ocrx_word' id='word_1_72' title='bbox 1097 773 1276 842; x_wconf 81' lang='grc' dir='ltr'><strong><em>ρευμα</em></strong></span> <span class='ocrx_word' id='word_1_73' title='bbox 1311 775 1484 828; x_wconf 82' lang='grc' dir='ltr'><strong><em>ἐκεῖσε</em></strong></span> <span class='ocrx_word' id='word_1_74' title='bbox 1523 770 1904 843; x_wconf 88' lang='grc' dir='ltr'><strong><em>ἀπωχετευμέ-</em></strong></span> 
     </span>
     <span class='ocr_line' id='line_1_9' title="bbox 218 845 1903 923; baseline 0.001 -15"><span class='ocrx_word' id='word_1_75' title='bbox 218 874 337 908; x_wconf 90' lang='grc' dir='ltr'><strong><em>νον.</em></strong></span> <span class='ocrx_word' id='word_1_76' title='bbox 385 857 455 908; x_wconf 91' lang='grc' dir='ltr'><strong><em>Τί</em></strong></span> <span class='ocrx_word' id='word_1_77' title='bbox 468 853 610 923; x_wconf 84' lang='grc' dir='ltr'><strong><em>μήν;</em></strong></span> <span class='ocrx_word' id='word_1_78' title='bbox 639 845 728 907; x_wconf 74' lang='grc' dir='ltr'><strong><em>Ὧι</em></strong></span> <span class='ocrx_word' id='word_1_79' title='bbox 757 851 823 923; x_wconf 82' lang='grc' dir='ltr'><strong><em>δὴ</em></strong></span> <span class='ocrx_word' id='word_1_80' title='bbox 855 851 993 923; x_wconf 82' lang='grc' dir='ltr'><strong><em>πρὸς</em></strong></span> <span class='ocrx_word' id='word_1_81' title='bbox 1015 850 1082 907; x_wconf 85' lang='grc' dir='ltr'><strong><em>τά</em></strong></span> <span class='ocrx_word' id='word_1_82' title='bbox 1113 853 1414 923; x_wconf 88' lang='grc' dir='ltr'><strong><em>μαθήματα</em></strong></span> <span class='ocrx_word' id='word_1_83' title='bbox 1437 855 1530 908; x_wconf 83' lang='grc' dir='ltr'><strong><em>καὶ</em></strong></span> <span class='ocrx_word' id='word_1_84' title='bbox 1553 860 1666 908; x_wconf 76' lang='grc' dir='ltr'><strong><em>πᾶν</em></strong></span> <span class='ocrx_word' id='word_1_85' title='bbox 1695 854 1756 910; x_wconf 86' lang='grc' dir='ltr'><strong><em>τὸ</em></strong></span> <span class='ocrx_word' id='word_1_86' title='bbox 1786 876 1903 909; x_wconf 86' lang='grc' dir='ltr'><strong><em>τοι-</em></strong></span> 
     </span>
     <span class='ocr_line' id='line_1_10' title="bbox 220 931 1903 1033; baseline 0.001 -43"><span class='ocrx_word' id='word_1_87' title='bbox 220 941 391 990; x_wconf 84' lang='grc' dir='ltr'><strong><em>οῦτον</em></strong></span> <span class='ocrx_word' id='word_1_88' title='bbox 411 934 731 1033; x_wconf 77' lang='grc' dir='ltr'><strong><em>ἐρρυήκασι,</em></strong></span> <span class='ocrx_word' id='word_1_89' title='bbox 754 935 879 1003; x_wconf 84' lang='grc' dir='ltr'><strong><em>περὶ</em></strong></span> <span class='ocrx_word' id='word_1_90' title='bbox 906 931 1009 1004; x_wconf 79' lang='grc' dir='ltr'><strong><em>τήν</em></strong></span> <span class='ocrx_word' id='word_1_91' title='bbox 1027 938 1122 1003; x_wconf 85' lang='grc' dir='ltr'><strong><em>τῆς</em></strong></span> <span class='ocrx_word' id='word_1_92' title='bbox 1147 939 1342 1003; x_wconf 86' lang='grc' dir='ltr'><strong><em>ψυχῆς,</em></strong></span> <span class='ocrx_word' id='word_1_93' title='bbox 1362 932 1530 1003; x_wconf 82' lang='grc' dir='ltr'><strong><em>οἶμαι,</em></strong></span> <span class='ocrx_word' id='word_1_94' title='bbox 1556 932 1769 1005; x_wconf 78' lang='grc' dir='ltr'><strong><em>ἡδονὴν</em></strong></span> <span class='ocrx_word' id='word_1_95' title='bbox 1797 935 1903 991; x_wconf 79' lang='grc' dir='ltr'><strong><em>αὕ-</em></strong></span> 
     </span>
     <span class='ocr_line' id='line_1_11' title="bbox 216 1012 1897 1087; baseline 0.001 -16"><span class='ocrx_word' id='word_1_96' title='bbox 216 1022 312 1087; x_wconf 85' lang='grc' dir='ltr'><strong><em>τῆς</em></strong></span> <span class='ocrx_word' id='word_1_97' title='bbox 338 1013 474 1071; x_wconf 86' lang='grc' dir='ltr'><strong><em>καθ’</em></strong></span> <span class='ocrx_word' id='word_1_98' title='bbox 503 1013 680 1085; x_wconf 80' lang='grc' dir='ltr'><strong><em>αὐτὴν</em></strong></span> <span class='ocrx_word' id='word_1_99' title='bbox 714 1013 825 1069; x_wconf 84' lang='grc' dir='ltr'><strong><em>εἶεν</em></strong></span> <span class='ocrx_word' id='word_1_100' title='bbox 861 1012 950 1083; x_wconf 91' lang='grc' dir='ltr'><strong><em>άν,</em></strong></span> <span class='ocrx_word' id='word_1_101' title='bbox 982 1012 1078 1079; x_wconf 77' lang='grc' dir='ltr'><strong><em>τὰς</em></strong></span> <span class='ocrx_word' id='word_1_102' title='bbox 1116 1016 1176 1069; x_wconf 79' lang='grc' dir='ltr'><strong><em>δὲ</em></strong></span> <span class='ocrx_word' id='word_1_103' title='bbox 1209 1013 1299 1069; x_wconf 78' lang='grc' dir='ltr'><strong><em>διὰ</em></strong></span> <span class='ocrx_word' id='word_1_104' title='bbox 1327 1021 1429 1070; x_wconf 87' lang='grc' dir='ltr'><strong><em>τοῦ</em></strong></span> <span class='ocrx_word' id='word_1_105' title='bbox 1452 1015 1702 1087; x_wconf 76' lang='grc' dir='ltr'><strong><em>σώματος</em></strong></span> <span class='ocrx_word' id='word_1_106' title='bbox 1726 1020 1897 1073; x_wconf 86' lang='grc' dir='ltr'><strong><em>ἐκλεί-</em></strong></span> 
     </span>
     <span class='ocr_line' id='line_1_12' title="bbox 157 1094 1902 1169; baseline 0 -16"><span class='ocrx_word' id='word_1_107' title='bbox 157 1119 190 1162; x_wconf 81' lang='lat' dir='ltr'>E</span> <span class='ocrx_word' id='word_1_108' title='bbox 221 1118 397 1166; x_wconf 87' lang='grc' dir='ltr'><strong><em>ποιεν,</em></strong></span> <span class='ocrx_word' id='word_1_109' title='bbox 429 1101 478 1151; x_wconf 81' lang='grc' dir='ltr'><strong><em>εἰ</em></strong></span> <span class='ocrx_word' id='word_1_110' title='bbox 512 1095 585 1167; x_wconf 80' lang='grc' dir='ltr'><strong><em>μὴ</em></strong></span> <span class='ocrx_word' id='word_1_111' title='bbox 624 1098 1021 1167; x_wconf 77' lang='grc' dir='ltr'><strong><em>πεπλασμένως</em></strong></span> <span class='ocrx_word' id='word_1_112' title='bbox 1057 1094 1181 1162; x_wconf 70' lang='grc' dir='ltr'><strong><em>ἀλλ’</em></strong></span> <span class='ocrx_word' id='word_1_113' title='bbox 1222 1094 1449 1167; x_wconf 79' lang='grc' dir='ltr'><strong><em>ἀληθῶς</em></strong></span> <span class='ocrx_word' id='word_1_114' title='bbox 1479 1098 1788 1169; x_wconf 87' lang='grc' dir='ltr'><strong><em>φιλόσοφός</em></strong></span> <span class='ocrx_word' id='word_1_115' title='bbox 1822 1121 1902 1162; x_wconf 91' lang='grc' dir='ltr'><strong><em>τις</em></strong></span> 
     </span>
     <span class='ocr_line' id='line_1_13' title="bbox 216 1177 1902 1251; baseline -0.001 -15"><span class='ocrx_word' id='word_1_116' title='bbox 216 1187 316 1251; x_wconf 78' lang='grc' dir='ltr'><strong><em>εἴη.</em></strong></span> <span class='ocrx_word' id='word_1_117' title='bbox 366 1178 603 1249; x_wconf 78' lang='grc' dir='ltr'><strong><em>Μεγάλη</em></strong></span> <span class='ocrx_word' id='word_1_118' title='bbox 632 1177 862 1248; x_wconf 77' lang='grc' dir='ltr'><strong><em>ἀνάγκη.</em></strong></span> <span class='ocrx_word' id='word_1_119' title='bbox 909 1177 1174 1248; x_wconf 69' lang='grc' dir='ltr'><strong><em>Σώφρων</em></strong></span> <span class='ocrx_word' id='word_1_120' title='bbox 1208 1178 1319 1248; x_wconf 88' lang='grc' dir='ltr'><strong><em>μὴν</em></strong></span> <span class='ocrx_word' id='word_1_121' title='bbox 1357 1178 1390 1232; x_wconf 79' lang='grc' dir='ltr'>ὅ</span> <span class='ocrx_word' id='word_1_122' title='bbox 1424 1201 1487 1249; x_wconf 73' lang='grc' dir='ltr'><strong><em>γε</em></strong></span> <span class='ocrx_word' id='word_1_123' title='bbox 1527 1187 1774 1244; x_wconf 83' lang='grc' dir='ltr'><strong><em>τοιοῦτος</em></strong></span> <span class='ocrx_word' id='word_1_124' title='bbox 1810 1182 1902 1235; x_wconf 79' lang='grc' dir='ltr'><strong><em>καὶ</em></strong></span> 
     </span>
     <span class='ocr_line' id='line_1_14' title="bbox 216 1253 1941 1334; baseline -0.001 -15"><span class='ocrx_word' id='word_1_125' title='bbox 216 1261 434 1334; x_wconf 82' lang='grc' dir='ltr'><strong><em>οὐδαμῇ</em></strong></span> <span class='ocrx_word' id='word_1_126' title='bbox 453 1260 887 1333; x_wconf 81' lang='grc' dir='ltr'><strong><em>φιλοχρήματος·</em></strong></span> <span class='ocrx_word' id='word_1_127' title='bbox 921 1253 1003 1314; x_wconf 74' lang='grc' dir='ltr'><strong><em>ὦν</em></strong></span> <span class='ocrx_word' id='word_1_128' title='bbox 1029 1258 1136 1330; x_wconf 80' lang='grc' dir='ltr'><strong><em>γὰρ</em></strong></span> <span class='ocrx_word' id='word_1_129' title='bbox 1156 1261 1320 1316; x_wconf 79' lang='grc' dir='ltr'><strong><em>ἕνεκα</em></strong></span> <span class='ocrx_word' id='word_1_130' title='bbox 1344 1262 1590 1334; x_wconf 87' lang='grc' dir='ltr'><strong><em>χρήματα</em></strong></span> <span class='ocrx_word' id='word_1_131' title='bbox 1618 1262 1752 1333; x_wconf 82' lang='grc' dir='ltr'><strong><em>μετὰ</em></strong></span> <span class='ocrx_word' id='word_1_132' title='bbox 1772 1268 1900 1317; x_wconf 89' lang='grc' dir='ltr'><strong><em>πολ·</em></strong></span> <span class='ocrx_word' id='word_1_133' title='bbox 1931 1279 1941 1318; x_wconf 74' lang='lat'>1</span> 
     </span>
     <span class='ocr_line' id='line_1_15' title="bbox 214 1340 1947 1417; baseline -0.002 -14"><span class='ocrx_word' id='word_1_134' title='bbox 214 1353 314 1417; x_wconf 84' lang='grc' dir='ltr'><strong><em>λῆς</em></strong></span> <span class='ocrx_word' id='word_1_135' title='bbox 327 1343 575 1415; x_wconf 80' lang='grc' dir='ltr'><strong><em>δαπάνης</em></strong></span> <span class='ocrx_word' id='word_1_136' title='bbox 588 1342 966 1412; x_wconf 75' lang='grc' dir='ltr'><strong><em>σπουδάζεται,</em></strong></span> <span class='ocrx_word' id='word_1_137' title='bbox 981 1340 1129 1415; x_wconf 75' lang='grc' dir='ltr'><strong><em>ἄλλω</em></strong></span> <span class='ocrx_word' id='word_1_138' title='bbox 1141 1344 1247 1398; x_wconf 85' lang='grc' dir='ltr'><strong><em>τινὶ</em></strong></span> <span class='ocrx_word' id='word_1_139' title='bbox 1265 1349 1478 1413; x_wconf 79' lang='grc' dir='ltr'><strong><em>μᾶλλον</em></strong></span> <span class='ocrx_word' id='word_1_140' title='bbox 1494 1340 1530 1414; x_wconf 81' lang='grc' dir='ltr'><em>ἢ</em></span> <span class='ocrx_word' id='word_1_141' title='bbox 1550 1344 1729 1416; x_wconf 79' lang='grc' dir='ltr'><strong><em>τούτῳ</em></strong></span> <span class='ocrx_word' id='word_1_142' title='bbox 1741 1364 1898 1414; x_wconf 86' lang='grc' dir='ltr'><strong><em>προς·</em></strong></span> <span class='ocrx_word' id='word_1_143' title='bbox 1940 1379 1947 1412; x_wconf 36' lang='lat' dir='ltr'>g</span> 
     </span>
     <span class='ocr_line' id='line_1_16' title="bbox 213 1422 1898 1499; baseline -0.003 -16"><span class='ocrx_word' id='word_1_144' title='bbox 213 1428 336 1499; x_wconf 85' lang='grc' dir='ltr'><strong><em>ήκει</em></strong></span> <span class='ocrx_word' id='word_1_145' title='bbox 363 1425 712 1491; x_wconf 75' lang='grc' dir='ltr'><strong><em>σπουδάζειν.</em></strong></span> <span class='ocrx_word' id='word_1_146' title='bbox 766 1422 975 1488; x_wconf 82' lang='grc' dir='ltr'><strong><em>Οὕτως.</em></strong></span> <span class='ocrx_word' id='word_1_147' title='bbox 1012 1427 1121 1479; x_wconf 83' lang='grc' dir='ltr'><strong><em>Καὶ</em></strong></span> <span class='ocrx_word' id='word_1_148' title='bbox 1140 1425 1253 1496; x_wconf 85' lang='grc' dir='ltr'><strong><em>μήν</em></strong></span> <span class='ocrx_word' id='word_1_149' title='bbox 1283 1443 1394 1479; x_wconf 89' lang='grc' dir='ltr'><strong><em>που</em></strong></span> <span class='ocrx_word' id='word_1_150' title='bbox 1426 1423 1655 1479; x_wconf 84' lang='grc' dir='ltr'><strong><em>καὶτόδε</em></strong></span> <span class='ocrx_word' id='word_1_151' title='bbox 1675 1427 1764 1480; x_wconf 90' lang='grc' dir='ltr'><strong><em>δεῖ</em></strong></span> <span class='ocrx_word' id='word_1_152' title='bbox 1776 1441 1898 1479; x_wconf 87' lang='grc' dir='ltr'><strong><em>σκο·</em></strong></span> 
     </span>
     <span class='ocr_line' id='line_1_17' title="bbox 98 1505 1897 1578; baseline -0.002 -15"><span class='ocrx_word' id='word_1_153' title='bbox 98 1518 186 1568; x_wconf 83' lang='lat'><strong><em>486</em></strong></span> <span class='ocrx_word' id='word_1_154' title='bbox 214 1520 355 1578; x_wconf 88' lang='grc' dir='ltr'><strong><em>πεῖν,</em></strong></span> <span class='ocrx_word' id='word_1_155' title='bbox 385 1508 519 1564; x_wconf 81' lang='grc' dir='ltr'><strong><em>ὅταν</em></strong></span> <span class='ocrx_word' id='word_1_156' title='bbox 554 1511 767 1578; x_wconf 86' lang='grc' dir='ltr'><strong><em>κρίνειν</em></strong></span> <span class='ocrx_word' id='word_1_157' title='bbox 805 1509 1004 1578; x_wconf 82' lang='grc' dir='ltr'><strong><em>μέλλῃς</em></strong></span> <span class='ocrx_word' id='word_1_158' title='bbox 1033 1506 1208 1576; x_wconf 86' lang='grc' dir='ltr'><strong><em>φύσιν</em></strong></span> <span class='ocrx_word' id='word_1_159' title='bbox 1239 1505 1555 1577; x_wconf 87' lang='grc' dir='ltr'><strong><em>φιλόσοφόν</em></strong></span> <span class='ocrx_word' id='word_1_160' title='bbox 1591 1527 1650 1562; x_wconf 87' lang='grc' dir='ltr'><strong><em>τε</em></strong></span> <span class='ocrx_word' id='word_1_161' title='bbox 1686 1509 1777 1563; x_wconf 84' lang='grc' dir='ltr'><strong><em>καὶ</em></strong></span> <span class='ocrx_word' id='word_1_162' title='bbox 1806 1506 1897 1578; x_wconf 88' lang='grc' dir='ltr'><strong><em>μή.</em></strong></span> 
     </span>
     <span class='ocr_line' id='line_1_18' title="bbox 218 1586 1896 1659; baseline -0.002 -13"><span class='ocrx_word' id='word_1_163' title='bbox 218 1589 294 1646; x_wconf 80' lang='grc' dir='ltr'><strong><em>Τὸ</em></strong></span> <span class='ocrx_word' id='word_1_164' title='bbox 324 1601 515 1655; x_wconf 70' lang='grc' dir='ltr'><strong><em>ποῖον,</em></strong></span> <span class='ocrx_word' id='word_1_165' title='bbox 550 1589 654 1659; x_wconf 92' lang='grc' dir='ltr'><strong><em>Μή</em></strong></span> <span class='ocrx_word' id='word_1_166' title='bbox 682 1605 743 1643; x_wconf 92' lang='grc' dir='ltr'><strong><em>σε</em></strong></span> <span class='ocrx_word' id='word_1_167' title='bbox 774 1587 923 1659; x_wconf 90' lang='grc' dir='ltr'><strong><em>λάθῃ</em></strong></span> <span class='ocrx_word' id='word_1_168' title='bbox 951 1589 1252 1658; x_wconf 86' lang='grc' dir='ltr'><strong><em>μετέχουσα</em></strong></span> <span class='ocrx_word' id='word_1_169' title='bbox 1273 1586 1692 1659; x_wconf 87' lang='grc' dir='ltr'><strong><em>ἀνελευθερίας·</em></strong></span> <span class='ocrx_word' id='word_1_170' title='bbox 1730 1591 1896 1644; x_wconf 88' lang='grc' dir='ltr'><strong><em>ἐναν-</em></strong></span> 
     </span>
     <span class='ocr_line' id='line_1_19' title="bbox 212 1668 1894 1742; baseline -0.002 -15"><span class='ocrx_word' id='word_1_171' title='bbox 212 1671 481 1728; x_wconf 78' lang='grc' dir='ltr'><strong><em>τιώτατον</em></strong></span> <span class='ocrx_word' id='word_1_172' title='bbox 500 1671 607 1741; x_wconf 80' lang='grc' dir='ltr'><strong><em>γάρ</em></strong></span> <span class='ocrx_word' id='word_1_173' title='bbox 630 1691 741 1726; x_wconf 92' lang='grc' dir='ltr'><strong><em>που</em></strong></span> <span class='ocrx_word' id='word_1_174' title='bbox 761 1675 1120 1741; x_wconf 83' lang='grc' dir='ltr'><strong><em>σμικρολογία</em></strong></span> <span class='ocrx_word' id='word_1_175' title='bbox 1150 1676 1299 1742; x_wconf 82' lang='grc' dir='ltr'><strong><em>ψυχῇ</em></strong></span> <span class='ocrx_word' id='word_1_176' title='bbox 1320 1670 1598 1742; x_wconf 80' lang='grc' dir='ltr'><strong><em>μελλούσῃ</em></strong></span> <span class='ocrx_word' id='word_1_177' title='bbox 1621 1675 1726 1725; x_wconf 82' lang='grc' dir='ltr'><strong><em>τοῦ</em></strong></span> <span class='ocrx_word' id='word_1_178' title='bbox 1756 1668 1894 1725; x_wconf 80' lang='grc' dir='ltr'><strong><em>ὅλου</em></strong></span> 
     </span>
     <span class='ocr_line' id='line_1_20' title="bbox 213 1750 1889 1825; baseline -0.001 -17"><span class='ocrx_word' id='word_1_179' title='bbox 213 1754 305 1808; x_wconf 79' lang='grc' dir='ltr'><strong><em>καὶ</em></strong></span> <span class='ocrx_word' id='word_1_180' title='bbox 341 1750 547 1817; x_wconf 85' lang='grc' dir='ltr'><strong><em>παντὸς</em></strong></span> <span class='ocrx_word' id='word_1_181' title='bbox 584 1750 668 1807; x_wconf 85' lang='grc' dir='ltr'><strong><em>ἀεὶ</em></strong></span> <span class='ocrx_word' id='word_1_182' title='bbox 705 1754 1063 1825; x_wconf 81' lang='grc' dir='ltr'><strong><em>ἐπορέξεσθαι</em></strong></span> <span class='ocrx_word' id='word_1_183' title='bbox 1096 1758 1261 1808; x_wconf 81' lang='grc' dir='ltr'><strong><em>θείου</em></strong></span> <span class='ocrx_word' id='word_1_184' title='bbox 1284 1774 1342 1808; x_wconf 88' lang='grc' dir='ltr'><strong><em>τε</em></strong></span> <span class='ocrx_word' id='word_1_185' title='bbox 1379 1754 1470 1809; x_wconf 76' lang='grc' dir='ltr'><strong><em>καὶ</em></strong></span> <span class='ocrx_word' id='word_1_186' title='bbox 1506 1751 1889 1823; x_wconf 79' lang='grc' dir='ltr'><strong><em>ἀνθρωπίνου.</em></strong></span> 
     </span>
     <span class='ocr_line' id='line_1_21' title="bbox 211 1829 1891 1907; baseline 0.001 -18"><span class='ocrx_word' id='word_1_187' title='bbox 211 1832 597 1905; x_wconf 83' lang='grc' dir='ltr'><strong><em>Ἀληθέστατα,</em></strong></span> <span class='ocrx_word' id='word_1_188' title='bbox 625 1839 746 1907; x_wconf 85' lang='grc' dir='ltr'><strong><em>ἔφη.</em></strong></span> <span class='ocrx_word' id='word_1_189' title='bbox 790 1829 878 1890; x_wconf 64' lang='grc' dir='ltr'><strong><em>τΗι</em></strong></span> <span class='ocrx_word' id='word_1_190' title='bbox 906 1829 1012 1891; x_wconf 78' lang='grc' dir='ltr'><strong><em>οὖν</em></strong></span> <span class='ocrx_word' id='word_1_191' title='bbox 1040 1832 1275 1907; x_wconf 81' lang='grc' dir='ltr'><strong><em>ὑπάρχει</em></strong></span> <span class='ocrx_word' id='word_1_192' title='bbox 1309 1839 1526 1907; x_wconf 78' lang='grc' dir='ltr'><strong><em>διανοίᾳ</em></strong></span> <span class='ocrx_word' id='word_1_193' title='bbox 1554 1836 1891 1905; x_wconf 78' lang='grc' dir='ltr'><strong><em>μεγαλοπρέ-</em></strong></span> 
     </span>
     <span class='ocr_line' id='line_1_22' title="bbox 213 1915 1952 1988; baseline -0.001 -16"><span class='ocrx_word' id='word_1_194' title='bbox 213 1936 340 1973; x_wconf 86' lang='grc' dir='ltr'><strong><em>πεια</em></strong></span> <span class='ocrx_word' id='word_1_195' title='bbox 371 1918 462 1973; x_wconf 83' lang='grc' dir='ltr'><strong><em>καὶ</em></strong></span> <span class='ocrx_word' id='word_1_196' title='bbox 498 1922 712 1986; x_wconf 89' lang='grc' dir='ltr'><strong><em>θεωρία</em></strong></span> <span class='ocrx_word' id='word_1_197' title='bbox 747 1918 954 1982; x_wconf 87' lang='grc' dir='ltr'><strong><em>παντὸς</em></strong></span> <span class='ocrx_word' id='word_1_198' title='bbox 988 1916 1090 1988; x_wconf 78' lang='grc' dir='ltr'><strong><em>μὲν</em></strong></span> <span class='ocrx_word' id='word_1_199' title='bbox 1124 1917 1352 1988; x_wconf 82' lang='grc' dir='ltr'><strong><em>χρόνου,</em></strong></span> <span class='ocrx_word' id='word_1_200' title='bbox 1388 1917 1567 1987; x_wconf 82' lang='grc' dir='ltr'><strong><em>πάσης</em></strong></span> <span class='ocrx_word' id='word_1_201' title='bbox 1603 1917 1663 1971; x_wconf 78' lang='grc' dir='ltr'><strong><em>δὲ</em></strong></span> <span class='ocrx_word' id='word_1_202' title='bbox 1685 1915 1893 1987; x_wconf 85' lang='grc' dir='ltr'><strong><em>οὐσίας,</em></strong></span> <span class='ocrx_word' id='word_1_203' title='bbox 1946 1931 1952 1978; x_wconf 72' lang='grc' dir='ltr'>ζ</span> 
     </span>
     <span class='ocr_line' id='line_1_23' title="bbox 214 1994 1895 2073; baseline -0.003 -18"><span class='ocrx_word' id='word_1_204' title='bbox 214 1994 337 2055; x_wconf 84' lang='grc' dir='ltr'><strong><em>οἷόν</em></strong></span> <span class='ocrx_word' id='word_1_205' title='bbox 355 2021 414 2055; x_wconf 91' lang='grc' dir='ltr'><strong><em>τε</em></strong></span> <span class='ocrx_word' id='word_1_206' title='bbox 440 2007 544 2055; x_wconf 78' lang='grc' dir='ltr'><strong><em>οἱέι</em></strong></span> <span class='ocrx_word' id='word_1_207' title='bbox 562 2000 742 2073; x_wconf 79' lang='grc' dir='ltr'><strong><em>τούτῳ</em></strong></span> <span class='ocrx_word' id='word_1_208' title='bbox 774 2002 912 2069; x_wconf 82' lang='grc' dir='ltr'><strong><em>μέγα</em></strong></span> <span class='ocrx_word' id='word_1_209' title='bbox 939 2021 990 2054; x_wconf 89' lang='grc' dir='ltr'><strong><em>τι</em></strong></span> <span class='ocrx_word' id='word_1_210' title='bbox 1015 2003 1199 2054; x_wconf 80' lang='grc' dir='ltr'><strong><em>δοκεῖν</em></strong></span> <span class='ocrx_word' id='word_1_211' title='bbox 1233 1997 1372 2053; x_wconf 85' lang='grc' dir='ltr'><strong><em>εἷναι</em></strong></span> <span class='ocrx_word' id='word_1_212' title='bbox 1401 1997 1500 2053; x_wconf 83' lang='grc' dir='ltr'><strong><em>τὸν</em></strong></span> <span class='ocrx_word' id='word_1_213' title='bbox 1529 1995 1895 2066; x_wconf 75' lang='grc' dir='ltr'><strong><em>ἀνθρώπινον</em></strong></span> 
     </span>
     <span class='ocr_line' id='line_1_24' title="bbox 156 2074 1896 2152; baseline -0.004 -14"><span class='ocrx_word' id='word_1_214' title='bbox 156 2098 188 2138; x_wconf 93' lang='grc' dir='ltr'>Β</span> <span class='ocrx_word' id='word_1_215' title='bbox 212 2085 367 2152; x_wconf 85' lang='grc' dir='ltr'><strong><em>βίον;</em></strong></span> <span class='ocrx_word' id='word_1_216' title='bbox 399 2078 721 2150; x_wconf 81' lang='grc' dir='ltr'><strong><em>Ἀδύνατον,</em></strong></span> <span class='ocrx_word' id='word_1_217' title='bbox 740 2074 778 2150; x_wconf 80' lang='grc' dir='ltr'><strong><em>ἦ</em></strong></span> <span class='ocrx_word' id='word_1_218' title='bbox 796 2078 847 2135; x_wconf 89' lang='grc' dir='ltr'><strong><em>δ’</em></strong></span> <span class='ocrx_word' id='word_1_219' title='bbox 870 2078 947 2145; x_wconf 82' lang='grc' dir='ltr'><strong><em>ὅς.</em></strong></span> <span class='ocrx_word' id='word_1_220' title='bbox 984 2077 1216 2136; x_wconf 81' lang='grc' dir='ltr'><strong><em>Οὐκοῦν</em></strong></span> <span class='ocrx_word' id='word_1_221' title='bbox 1234 2081 1325 2134; x_wconf 80' lang='grc' dir='ltr'><strong><em>καὶ</em></strong></span> <span class='ocrx_word' id='word_1_222' title='bbox 1348 2079 1602 2134; x_wconf 88' lang='grc' dir='ltr'><strong><em>θάνατον</em></strong></span> <span class='ocrx_word' id='word_1_223' title='bbox 1619 2075 1687 2132; x_wconf 80' lang='grc' dir='ltr'><strong><em>οὐ</em></strong></span> <span class='ocrx_word' id='word_1_224' title='bbox 1707 2076 1896 2132; x_wconf 89' lang='grc' dir='ltr'><strong><em>δεινόν</em></strong></span> 
     </span>
     <span class='ocr_line' id='line_1_25' title="bbox 0 2156 1945 2232; baseline -0.002 -16"><span class='ocrx_word' id='word_1_225' title='bbox 0 2164 83 2225; x_wconf 40' lang='lat' dir='ltr'>R</span> <span class='ocrx_word' id='word_1_226' title='bbox 211 2182 264 2216; x_wconf 92' lang='grc' dir='ltr'><strong><em>τι</em></strong></span> <span class='ocrx_word' id='word_1_227' title='bbox 278 2158 540 2232; x_wconf 75' lang='grc' dir='ltr'><strong><em>ἡγήσεται</em></strong></span> <span class='ocrx_word' id='word_1_228' title='bbox 561 2159 589 2215; x_wconf 90' lang='grc' dir='ltr'>ὁ</span> <span class='ocrx_word' id='word_1_229' title='bbox 611 2168 889 2227; x_wconf 83' lang='grc' dir='ltr'><strong><em>τοιοῦτος;</em></strong></span> <span class='ocrx_word' id='word_1_230' title='bbox 909 2159 1145 2216; x_wconf 58' lang='grc' dir='ltr'><strong><em>’Ἡκιστά</em></strong></span> <span class='ocrx_word' id='word_1_231' title='bbox 1165 2181 1242 2229; x_wconf 79' lang='grc' dir='ltr'><strong><em>γε.</em></strong></span> <span class='ocrx_word' id='word_1_232' title='bbox 1274 2165 1447 2231; x_wconf 80' lang='grc' dir='ltr'><strong><em>Δειλῇ</em></strong></span> <span class='ocrx_word' id='word_1_233' title='bbox 1469 2158 1535 2229; x_wconf 82' lang='grc' dir='ltr'><strong><em>δὴ</em></strong></span> <span class='ocrx_word' id='word_1_234' title='bbox 1553 2160 1644 2214; x_wconf 83' lang='grc' dir='ltr'><strong><em>καὶ</em></strong></span> <span class='ocrx_word' id='word_1_235' title='bbox 1661 2156 1893 2213; x_wconf 84' lang='grc' dir='ltr'><strong><em>ἀνελευ-</em></strong></span> <span class='ocrx_word' id='word_1_236' title='bbox 1943 2175 1945 2177; x_wconf 80' lang='grc'><strong>’</strong></span> 
     </span>
     <span class='ocr_line' id='line_1_26' title="bbox 96 2236 1948 2316; baseline 0 -21"><span class='ocrx_word' id='word_1_237' title='bbox 96 2236 156 2307; x_wconf 45' lang='grc' dir='ltr'><strong><em>Χχ</em></strong></span> <span class='ocrx_word' id='word_1_238' title='bbox 211 2245 364 2316; x_wconf 80' lang='grc' dir='ltr'><strong><em>θέρςο</em></strong></span> <span class='ocrx_word' id='word_1_239' title='bbox 414 2242 585 2313; x_wconf 83' lang='grc' dir='ltr'><strong><em>φύσει</em></strong></span> <span class='ocrx_word' id='word_1_240' title='bbox 632 2247 965 2313; x_wconf 90' lang='grc' dir='ltr'><strong><em>φιλοσοφίας</em></strong></span> <span class='ocrx_word' id='word_1_241' title='bbox 1006 2240 1295 2313; x_wconf 86' lang='grc' dir='ltr'><strong><em>ἀληθινῆς,</em></strong></span> <span class='ocrx_word' id='word_1_242' title='bbox 1335 2240 1408 2307; x_wconf 75' lang='grc' dir='ltr'><strong><em>ὦς</em></strong></span> <span class='ocrx_word' id='word_1_243' title='bbox 1443 2246 1639 2312; x_wconf 83' lang='grc' dir='ltr'><strong><em>ἔοικεν,</em></strong></span> <span class='ocrx_word' id='word_1_244' title='bbox 1683 2239 1787 2296; x_wconf 83' lang='grc' dir='ltr'><strong><em>οὐκ</em></strong></span> <span class='ocrx_word' id='word_1_245' title='bbox 1821 2237 1894 2294; x_wconf 72' lang='grc' dir='ltr'><strong><em>ἂν</em></strong></span> <span class='ocrx_word' id='word_1_246' title='bbox 1944 2239 1948 2242; x_wconf 64' lang='grc'><strong>’</strong></span> 
     </span>
     <span class='ocr_line' id='line_1_27' title="bbox 156 2311 1962 2396; baseline -0.002 -16"><span class='ocrx_word' id='word_1_247' title='bbox 156 2311 414 2396; x_wconf 46' lang='grc' dir='ltr'><strong><em>Χ&gt;χ&gt;μετείη.</em></strong></span> <span class='ocrx_word' id='word_1_248' title='bbox 451 2324 541 2380; x_wconf 78' lang='grc' dir='ltr'><strong><em>Οὔ</em></strong></span> <span class='ocrx_word' id='word_1_249' title='bbox 571 2328 667 2396; x_wconf 89' lang='grc' dir='ltr'><strong><em>μοι</em></strong></span> <span class='ocrx_word' id='word_1_250' title='bbox 697 2328 860 2380; x_wconf 87' lang='grc' dir='ltr'><strong><em>δοκεῖ.</em></strong></span> <span class='ocrx_word' id='word_1_251' title='bbox 905 2328 976 2379; x_wconf 92' lang='grc' dir='ltr'><strong><em>Τί</em></strong></span> <span class='ocrx_word' id='word_1_252' title='bbox 998 2317 1128 2390; x_wconf 80' lang='grc' dir='ltr'><strong><em>οὖν;</em></strong></span> <span class='ocrx_word' id='word_1_253' title='bbox 1169 2321 1197 2378; x_wconf 87' lang='grc' dir='ltr'>ὁ</span> <span class='ocrx_word' id='word_1_254' title='bbox 1227 2325 1455 2395; x_wconf 80' lang='grc' dir='ltr'><strong><em>κόσμιος</em></strong></span> <span class='ocrx_word' id='word_1_255' title='bbox 1493 2325 1585 2379; x_wconf 85' lang='grc' dir='ltr'><strong><em>καὶ</em></strong></span> <span class='ocrx_word' id='word_1_256' title='bbox 1623 2322 1695 2393; x_wconf 82' lang='grc' dir='ltr'><strong><em>μὴ</em></strong></span> <span class='ocrx_word' id='word_1_257' title='bbox 1730 2328 1895 2391; x_wconf 86' lang='grc' dir='ltr'><strong><em>φιλο-</em></strong></span> <span class='ocrx_word' id='word_1_258' title='bbox 1946 2319 1962 2395; x_wconf 64' lang='grc' dir='ltr'>ξ</span> 
     </span>
     <span class='ocr_line' id='line_1_28' title="bbox 210 2401 1890 2478; baseline -0.003 -17"><span class='ocrx_word' id='word_1_259' title='bbox 210 2406 484 2478; x_wconf 81' lang='grc' dir='ltr'><strong><em>χρήματος</em></strong></span> <span class='ocrx_word' id='word_1_260' title='bbox 502 2406 627 2478; x_wconf 89' lang='grc' dir='ltr'><strong><em>μηδ’</em></strong></span> <span class='ocrx_word' id='word_1_261' title='bbox 648 2404 1020 2474; x_wconf 79' lang='grc' dir='ltr'><strong><em>ἀνελεύθερος</em></strong></span> <span class='ocrx_word' id='word_1_262' title='bbox 1039 2403 1164 2476; x_wconf 82' lang='grc' dir='ltr'><strong><em>μηδ’</em></strong></span> <span class='ocrx_word' id='word_1_263' title='bbox 1191 2403 1405 2472; x_wconf 78' lang='grc' dir='ltr'><strong><em>ἀλαζών</em></strong></span> <span class='ocrx_word' id='word_1_264' title='bbox 1424 2406 1560 2477; x_wconf 76' lang='grc' dir='ltr'><strong><em>μηδὲ</em></strong></span> <span class='ocrx_word' id='word_1_265' title='bbox 1581 2402 1757 2468; x_wconf 88' lang='grc' dir='ltr'><strong><em>δειλὸς</em></strong></span> <span class='ocrx_word' id='word_1_266' title='bbox 1776 2401 1890 2457; x_wconf 78' lang='grc' dir='ltr'><strong><em>ἔσθ’</em></strong></span> 
     </span>
     <span class='ocr_line' id='line_1_29' title="bbox 213 2484 1896 2560; baseline -0.003 -17"><span class='ocrx_word' id='word_1_267' title='bbox 213 2487 325 2560; x_wconf 82' lang='grc' dir='ltr'><strong><em>ὅπῃ</em></strong></span> <span class='ocrx_word' id='word_1_268' title='bbox 344 2485 415 2544; x_wconf 76' lang='grc' dir='ltr'><strong><em>ἀν</em></strong></span> <span class='ocrx_word' id='word_1_269' title='bbox 444 2488 824 2560; x_wconf 83' lang='grc' dir='ltr'><strong><em>δυσξύμβολος</em></strong></span> <span class='ocrx_word' id='word_1_270' title='bbox 849 2484 886 2559; x_wconf 77' lang='grc' dir='ltr'><strong><em>ἦ</em></strong></span> <span class='ocrx_word' id='word_1_271' title='bbox 915 2488 1104 2552; x_wconf 74' lang='grc' dir='ltr'><strong><em>ἄδικος</em></strong></span> <span class='ocrx_word' id='word_1_272' title='bbox 1132 2488 1374 2557; x_wconf 76' lang='grc' dir='ltr'><strong><em>γένοιτο;</em></strong></span> <span class='ocrx_word' id='word_1_273' title='bbox 1415 2488 1534 2543; x_wconf 82' lang='grc' dir='ltr'><strong><em>Οὐκ</em></strong></span> <span class='ocrx_word' id='word_1_274' title='bbox 1563 2491 1726 2542; x_wconf 82' lang='grc' dir='ltr'><strong><em>ἔστιν.</em></strong></span> <span class='ocrx_word' id='word_1_275' title='bbox 1785 2487 1896 2539; x_wconf 82' lang='grc' dir='ltr'><strong><em>Καὶ</em></strong></span> 
     </span>
     <span class='ocr_line' id='line_1_30' title="bbox 212 2565 1962 2641; baseline -0.002 -17"><span class='ocrx_word' id='word_1_276' title='bbox 212 2576 378 2626; x_wconf 84' lang='grc' dir='ltr'><strong><em>τοῦτο</em></strong></span> <span class='ocrx_word' id='word_1_277' title='bbox 418 2570 483 2641; x_wconf 81' lang='grc' dir='ltr'><strong><em>δὴ</em></strong></span> <span class='ocrx_word' id='word_1_278' title='bbox 515 2569 700 2641; x_wconf 86' lang='grc' dir='ltr'><strong><em>ψυχὴν</em></strong></span> <span class='ocrx_word' id='word_1_279' title='bbox 729 2576 956 2626; x_wconf 73' lang='grc' dir='ltr'><strong><em>σκοποῦν</em></strong></span> <span class='ocrx_word' id='word_1_280' title='bbox 979 2568 1296 2640; x_wconf 89' lang='grc' dir='ltr'><strong><em>φιλόσοφον</em></strong></span> <span class='ocrx_word' id='word_1_281' title='bbox 1326 2572 1418 2624; x_wconf 85' lang='grc' dir='ltr'><strong><em>καὶ</em></strong></span> <span class='ocrx_word' id='word_1_282' title='bbox 1448 2565 1726 2640; x_wconf 83' lang='grc' dir='ltr'><strong><em>μὴ.εὐθύς</em></strong></span> <span class='ocrx_word' id='word_1_283' title='bbox 1761 2568 1893 2621; x_wconf 81' lang='grc' dir='ltr'><strong><em>νέου</em></strong></span> <span class='ocrx_word' id='word_1_284' title='bbox 1959 2634 1962 2639; x_wconf 28' lang='lat'><strong><em>⁴</em></strong></span> 
     </span>
     <span class='ocr_line' id='line_1_31' title="bbox 215 2647 1962 2723; baseline -0.003 -17"><span class='ocrx_word' id='word_1_285' title='bbox 215 2648 378 2716; x_wconf 75' lang='grc' dir='ltr'><strong><em>ὄντος</em></strong></span> <span class='ocrx_word' id='word_1_286' title='bbox 402 2653 698 2722; x_wconf 83' lang='grc' dir='ltr'><strong><em>ἐπισκέψει,</em></strong></span> <span class='ocrx_word' id='word_1_287' title='bbox 721 2657 771 2707; x_wconf 83' lang='grc' dir='ltr'><strong><em>εἰ</em></strong></span> <span class='ocrx_word' id='word_1_288' title='bbox 789 2651 896 2723; x_wconf 77' lang='grc' dir='ltr'><strong><em>ἄρα</em></strong></span> <span class='ocrx_word' id='word_1_289' title='bbox 917 2655 1099 2707; x_wconf 79' lang='grc' dir='ltr'><strong><em>δικαία</em></strong></span> <span class='ocrx_word' id='word_1_290' title='bbox 1116 2674 1174 2707; x_wconf 90' lang='grc' dir='ltr'><strong><em>τε</em></strong></span> <span class='ocrx_word' id='word_1_291' title='bbox 1193 2652 1283 2707; x_wconf 85' lang='grc' dir='ltr'><strong><em>καὶ</em></strong></span> <span class='ocrx_word' id='word_1_292' title='bbox 1301 2650 1505 2722; x_wconf 79' lang='grc' dir='ltr'><strong><em>ἥμερος</em></strong></span> <span class='ocrx_word' id='word_1_293' title='bbox 1522 2650 1559 2720; x_wconf 82' lang='grc' dir='ltr'><em>ἢ</em></span> <span class='ocrx_word' id='word_1_294' title='bbox 1581 2647 1894 2705; x_wconf 69' lang='grc' dir='ltr'><strong><em>δυσκοινώ-</em></strong></span> <span class='ocrx_word' id='word_1_295' title='bbox 1957 2648 1962 2709; x_wconf 69' lang='grc' dir='ltr'><strong><em>,ἶ</em></strong></span> 
     </span>
    </p>

    <p class='ocr_par' dir='ltr' id='par_1_3' title="bbox 217 2728 1893 2806">
     <span class='ocr_line' id='line_1_32' title="bbox 217 2728 1893 2806; baseline -0.003 -16"><span class='ocrx_word' id='word_1_296' title='bbox 217 2756 380 2806; x_wconf 90' lang='grc' dir='ltr'><strong><em>νητος</em></strong></span> <span class='ocrx_word' id='word_1_297' title='bbox 398 2736 485 2790; x_wconf 80' lang='grc' dir='ltr'><strong><em>καὶ</em></strong></span> <span class='ocrx_word' id='word_1_298' title='bbox 513 2734 693 2806; x_wconf 81' lang='grc' dir='ltr'><strong><em>ἀγρία.</em></strong></span> <span class='ocrx_word' id='word_1_299' title='bbox 733 2735 898 2790; x_wconf 91' lang='grc' dir='ltr'><strong><em>Πάνυ</em></strong></span> <span class='ocrx_word' id='word_1_300' title='bbox 917 2733 1018 2805; x_wconf 76' lang='grc' dir='ltr'><strong><em>μὲν</em></strong></span> <span class='ocrx_word' id='word_1_301' title='bbox 1037 2728 1155 2790; x_wconf 76' lang='grc' dir='ltr'><strong><em>οὖν.</em></strong></span> <span class='ocrx_word' id='word_1_302' title='bbox 1182 2732 1267 2789; x_wconf 79' lang='grc' dir='ltr'><strong><em>Οὐ</em></strong></span> <span class='ocrx_word' id='word_1_303' title='bbox 1287 2732 1399 2803; x_wconf 85' lang='grc' dir='ltr'><strong><em>μὴν</em></strong></span> <span class='ocrx_word' id='word_1_304' title='bbox 1413 2732 1544 2787; x_wconf 77' lang='grc' dir='ltr'><strong><em>οὐδὲ</em></strong></span> <span class='ocrx_word' id='word_1_305' title='bbox 1564 2732 1627 2786; x_wconf 88' lang='grc' dir='ltr'><strong><em>τό</em></strong></span> <span class='ocrx_word' id='word_1_306' title='bbox 1632 2734 1691 2785; x_wconf 91' lang='grc' dir='ltr'><strong><em>δε</em></strong></span> <span class='ocrx_word' id='word_1_307' title='bbox 1711 2750 1893 2802; x_wconf 82' lang='grc' dir='ltr'><strong><em>παρα-</em></strong></span> 
     </span>
    </p>

    <p class='ocr_par' dir='ltr' id='par_1_4' title="bbox 153 2808 1894 2889">
     <span class='ocr_line' id='line_1_33' title="bbox 153 2808 1894 2889; baseline -0.003 -18"><span class='ocrx_word' id='word_1_308' title='bbox 153 2838 185 2879; x_wconf 83' lang='lat' dir='ltr'>c</span> <span class='ocrx_word' id='word_1_309' title='bbox 213 2821 434 2885; x_wconf 83' lang='grc' dir='ltr'><strong><em>λείψεις,</em></strong></span> <span class='ocrx_word' id='word_1_310' title='bbox 458 2814 528 2880; x_wconf 79' lang='grc' dir='ltr'><strong><em>ὡς</em></strong></span> <span class='ocrx_word' id='word_1_311' title='bbox 547 2809 768 2889; x_wconf 76' lang='grc' dir='ltr'><strong><em>ἐγῷμαι.</em></strong></span> <span class='ocrx_word' id='word_1_312' title='bbox 825 2814 899 2871; x_wconf 86' lang='grc' dir='ltr'><strong><em>Τὸ</em></strong></span> <span class='ocrx_word' id='word_1_313' title='bbox 931 2827 1120 2881; x_wconf 80' lang='grc' dir='ltr'><strong><em>ποῖον;</em></strong></span> <span class='ocrx_word' id='word_1_314' title='bbox 1154 2813 1427 2885; x_wconf 79' lang='grc' dir='ltr'><strong><em>Εὐμαθὴς</em></strong></span> <span class='ocrx_word' id='word_1_315' title='bbox 1445 2812 1482 2883; x_wconf 77' lang='grc' dir='ltr'><em>ἢ</em></span> <span class='ocrx_word' id='word_1_316' title='bbox 1501 2812 1818 2882; x_wconf 87' lang='grc' dir='ltr'><strong><em>δυσμαθής·</em></strong></span> <span class='ocrx_word' id='word_1_317' title='bbox 1858 2808 1894 2881; x_wconf 82' lang='grc' dir='ltr'><em>ἢ</em></span> 
     </span>
    </p>
   </div>
   <div class='ocr_carea' id='block_1_3' title="bbox 1919 0 1962 2629">
    <p class='ocr_par' dir='ltr' id='par_1_5' title="bbox 1919 0 1962 2629">
     <span class='ocr_line' id='line_1_34' title="bbox 1919 0 1962 2629; baseline 0 0"><span class='ocrx_word' id='word_1_318' title='bbox 1919 0 1962 2629; x_wconf 95' lang='lat' dir='ltr'><strong><em> </em></strong></span> 
     </span>
    </p>
   </div>
  </div>
 </body>
</html>
