1962 3236
245 158 349 210 426
831 158 1313 207 ΠΛΑΤΩΝΟΣ
1843 167 1925 214 108

246 299 389 349 νοῦν
408 296 615 348 ἔθεσαν
631 290 733 361 τὴν
753 295 847 360 τῆς
866 295 1138 355 πολιτείας
1156 292 1338 357 τάξιν·
1379 284 1458 348 ὦν
1475 291 1541 348 τὰ
1561 293 1661 364 μὲν
1681 291 1924 365 ὀνόματα

247 377 498 443 σέσωται,
517 371 581 428 τὰ
605 371 664 428 δὲ
685 376 817 442 ἔργα
838 370 926 427 διὰ
948 373 1045 437 τὰς
1070 379 1185 429 τῶν
1204 375 1754 446 παραλαμβανόντων
1776 384 1927 447 φθο-

249 456 348 527 ρας
372 456 546 512 καὶτὰ
573 454 719 526 μήκη
738 460 851 510 τῶν
871 453 1090 525 χρόνων
1117 453 1423 527 ἠφανίσθη.
1461 458 1521 512 τὸ
1554 457 1659 528 γὰρ
1691 464 1928 530 περιλει-

247 539 495 609 πόμενον
514 535 598 592 ἀεὶ
618 537 794 606 γένος,
817 535 1002 608 ὥσπερ
1024 540 1114 593 καὶ
1141 538 1394 606 πρόσθεν
1424 537 1655 610 ἐρρήθη,
1685 543 1928 595 κατελεί-

249 640 379 676 πετο
402 618 590 688 ὄρειον
608 619 699 673 καὶ
718 617 1096 690 ἀγράμματον,
1125 626 1239 675 τῶν
1267 623 1328 675 ἐν
1357 626 1422 692 τῇ
1452 621 1604 694 χώρᾳ
1638 623 1928 676 δυναστῶν

248 700 314 756 τά
335 698 584 772 ὀνόματα
610 697 850 772 ἀκηκοὸς
878 699 1054 771 μόνον
1083 703 1174 757 καὶ
1200 705 1403 773 βραχέα
1434 701 1571 773 πρὸς
1601 700 1788 768 αὐτοῖς
1816 709 1929 757 τῶν

190 803 225 844 Ε
247 787 441 855 ἔργων.
474 781 542 837 τὰ
561 781 662 852 μὲν
692 775 798 837 οὖν
829 779 1072 853 ὀνόματα
1101 796 1212 848 τοῖς
1241 783 1487 854 ἐκγόνοις
1514 787 1760 840 ἐτίθεντο
1790 782 1928 853 άγα-

250 869 479 934 πῶντες,
517 864 613 928 τὰς
654 865 712 919 δὲ
743 862 938 933 ἀρετὰς
959 866 1050 919 καὶ
1079 865 1210 929 τοὺς
1239 865 1448 935 νόμους
1472 871 1587 921 τῶν
1611 871 1928 936 ἔμπροσθεν

250 946 355 1002 οὐκ
375 946 596 1016 εἰδότες,
619 950 669 1002 εἰ
684 944 757 1017 μὴ
780 943 1062 1011 σκοτεινάς
1082 948 1206 1017 περὶ
1227 946 1474 1002 ἑκάστων
1492 944 1644 1011 τινας
1663 943 1849 1016 ἀκοάς,
1870 949 1930 1000 ἐν

250 1026 454 1102 άπορίᾳ
486 1027 545 1083 δὲ
579 1034 693 1083 τῶν
729 1026 1045 1098 ἀναγκαίων
1077 1029 1160 1083 ἐπὶ
1195 1027 1400 1093 πολλὰς
1423 1026 1615 1098 γενεὰς
1652 1026 1808 1091 ὄντες
1840 1028 1930 1082 καὶ

252 1108 410 1166 αὐτοὶ
440 1111 532 1165 καὶ
563 1113 769 1178 παῖδες,
811 1108 949 1182 πρὸς
984 1105 1063 1174 οἷς
1099 1108 1354 1181 ἠπόρουν
1389 1109 1488 1165 τόν
1522 1115 1662 1165 νοῦν
1699 1113 1927 1179 ἔχοντες,

138 1211 224 1257 110
249 1191 465 1248 τούτων
485 1194 608 1260 πέρι
627 1190 860 1256 καὶτοὺς
880 1191 1081 1262 λόγους
1101 1192 1440 1262 ποιούμενοι,
1461 1198 1573 1246 τῶν
1592 1193 1651 1245 ἐν
1671 1201 1782 1254 τοῖς
1798 1189 1929 1259 πρό-

253 1281 394 1330 σθεν
413 1275 504 1329 καὶ
528 1273 697 1329 πάλαι
715 1273 845 1329 ποτὲ
863 1272 1177 1343 γεγονότων
1191 1271 1448 1344 ἠμέλουν.
1491 1276 1802 1342 μυθολογία
1822 1269 1929 1341 γὰρ

252 1354 575 1427 άναζήτησίς
594 1377 651 1411 τε
670 1361 782 1410 τῶν
803 1362 1052 1411 παλαιῶν
1071 1353 1203 1426 μετὰ
1226 1360 1423 1426 σχολῆς
1455 1353 1554 1425 ἅμ’
1587 1356 1672 1408 ἐπὶ
1701 1353 1797 1418 τὰς
1827 1351 1930 1407 πό-

252 1445 361 1502 λεις
382 1443 667 1508 ἔρχεσθον,
690 1436 825 1492 ὅταν
844 1436 1034 1508 ἰ’δητόν
1057 1454 1199 1491 τισιν
1220 1435 1324 1507 ἤδη
1344 1441 1446 1491 τοῦ
1475 1440 1603 1507 βίου
1629 1433 1930 1504 τάναγκαῖα

251 1521 748 1590 κατεσκευασμένα,
773 1521 904 1588 πρὶν
933 1519 992 1574 δὲ
1021 1517 1106 1574 οὕ.
1143 1519 1314 1589 ταύτῃ
1344 1518 1408 1589 δὴ
1444 1516 1509 1572 τὰ
1541 1524 1652 1572 τῶν
1681 1522 1931 1572 παλαιῶν

252 1599 497 1672 ὀνόματα
517 1600 654 1656 ἄνευ
673 1607 786 1655 τῶν
816 1605 994 1671 ἔργων
1021 1603 1360 1656 διασέσωται.
1412 1602 1551 1670 λέγω
1582 1601 1640 1654 δὲ
1669 1597 1809 1653 αὐτοὶ
1843 1619 1932 1652 τε-

250 1683 637 1755 κμαιρόμενος,
658 1681 742 1738 ὅτι
760 1682 1049 1755 Κέκροπός
1072 1705 1129 1738 τε
1149 1685 1241 1738 καὶ
1265 1680 1562 1753 Ἐρεχθέως
1579 1682 1671 1736 καὶ
1684 1679 1932 1750 Ἐριχθο-

249 1771 377 1821 νίου
397 1767 488 1820 καὶ
504 1763 893 1836 Ἐρυσίχθονος
921 1770 1035 1820 τῶν
1053 1787 1109 1820 τε
1138 1763 1324 1820 ἄλλων
1353 1763 1418 1819 τὰ
1453 1770 1692 1831 πλεῖστα,
1723 1761 1931 1829 ὅσαπερ

189 1864 221 1905 Β
253 1847 344 1902 καὶ
365 1847 587 1917 Θησέως
605 1852 720 1901 τῶν
749 1845 866 1901 ἅνω
895 1847 1019 1917 περὶ
1047 1852 1160 1902 τῶν
1189 1844 1482 1916 ὀνομάτων
1516 1845 1761 1901 ἑκάστων
1790 1841 1931 1898 ἄπο-

250 1927 672 2000 μνημονεύεται,
693 1928 911 1983 τούτων
930 1932 1175 1993 ἐκείνους
1207 1927 1272 1983 τὰ
1300 1927 1474 1984 πολλὰ
1494 1925 1929 1998 ἐπονομάζοντας

249 2007 380 2074 τοὺς
401 2011 577 2078 ἱερέας
596 2008 796 2064 Σόλων
817 2013 921 2080 ἔφη
942 2010 1042 2065 τὸν
1065 2009 1188 2065 τότε
1210 2013 1520 2080 διηγεῖσθαι
1551 2007 1808 2076 πόλεμον,
1840 2006 1930 2059 καὶ

249 2087 315 2144 τὰ
337 2097 450 2146 τῶν
467 2096 752 2160 γυναικῶν
772 2090 911 2145 κατὰ
941 2088 1007 2145 τοὶ
1039 2088 1195 2145 αὐτά.
1223 2093 1326 2145 ’καὶ
1363 2091 1427 2160 δὴ
1459 2090 1548 2143 καὶ
1577 2085 1635 2143 τὸ
1669 2093 1764 2157 τῆς
1789 2093 1931 2141 θεοῦ

252 2174 432 2240 σχῆμα
469 2170 831 2241 καὶόὶγαλμα,
869 2169 942 2234 ὡς
976 2169 1134 2225 κοινοὶ
1173 2167 1284 2224 τότ’
1318 2162 1391 2240 ἦν
1427 2167 1493 2223 τὰ
1530 2167 1931 2238 ἐπιτηδεύματα

250 2261 366 2315 ταῖς
396 2271 454 2305 τε
483 2253 704 2320 γυναιξὶ
738 2252 828 2306 καὶ
863 2262 974 2315 τοῖς
1010 2249 1245 2321 ἀνδράσι
1282 2249 1348 2305 τοὶ
1389 2252 1511 2319 περὶ
1534 2248 1635 2305 τὸν
1670 2249 1930 2318 πόλεμον,

251 2329 397 2386 οὕτω
416 2329 537 2387 κατ’
562 2335 774 2387 ἐκεῖνον
792 2331 891 2387 τὸν
919 2331 1095 2403 νόμον
1118 2330 1465 2403 ωπλισμένην
1494 2329 1596 2403 τὴν
1623 2329 1765 2386 θεὸν
1792 2328 1930 2384 άνά-

192 2421 226 2463 G
253 2420 411 2485 θημα
437 2412 577 2470 εἶναι
612 2424 725 2480 τοις
759 2415 896 2484 τότε,
928 2414 1238 2485 ἔνδειγμα
1218 2413 1302 2470 ότι
1338 2414 1516 2470 πάνθ’
1548 2414 1653 2470 όσα
1684 2414 1930 2483 ξύννομα

250 2500 358 2562 ζωα
376 2496 558 2568 θήλεα
573 2499 664 2552 καὶ
684 2496 789 2552 όσα
809 2495 1034 2569 άρρενα,
1055 2498 1158 2568 τὴν
1179 2496 1571 2569 προσήκουσαν
1590 2493 1791 2567 αρετήν
1810 2493 1928 2550 εκά-

251 2593 361 2651 στςο
380 2582 528 2649 γένει
547 2599 662 2634 παν
683 2586 846 2651 κοινῇ
866 2578 1108 2635 δυνατὸν
1128 2579 1466 2650 ἐπιτηδεύειν
1485 2580 1749 2648 πέφυκεν.

390 2665 468 2715 IV.
499 2659 675 2715 ’Ώικει
707 2658 765 2716 δὲ
796 2659 862 2732 δὴ
893 2660 1007 2716 τότ’
1045 2664 1105 2716 ἐν
1133 2665 1260 2732 τῇδε
1288 2668 1354 2733 τῇ
1381 2660 1538 2733 χιόρᾳ
1566 2658 1631 2714 τα
1662 2661 1762 2729 μὲν
1789 2655 1927 2711 ἄλλα

249 2745 387 2812 ἔθνη
411 2748 524 2797 τῶν
546 2749 788 2798 πολιτῶν
807 2745 931 2811 περὶ
951 2743 1048 2807 τοὶς
1069 2746 1429 2814 δημιουργίας
1461 2741 1593 2796 ὅντα
1620 2741 1710 2794 καὶ
1737 2734 1839 2807 τὴν
1865 2738 1926 2791 ἐκ

247 2829 342 2892 τῆς
373 2830 474 2893 γῆς
510 2825 743 2896 τροφήν,
772 2823 833 2880 τὸ
865 2814 923 2880 δε
951 2826 1189 2895 μάχιμον
1219 2821 1316 2879 ὑπ’
1350 2823 1572 2890 άνδριόν
1601 2824 1775 2875 θείων
1801 2814 1921 2873 κατ’
