1962 3236
584 127 1070 177 ΠΟΛΙΤΕΙΑΣ
1096 119 1155 174 α’.
1689 126 1724 178 3

39 266 214 328 ποίει,
251 258 391 316 ἄλλα
426 262 612 315 τοτσδέ
641 279 701 314 τε
735 269 850 322 τοῖς
887 261 1132 320 νεανίαις
1169 256 1395 321 ξύνισθι
1423 259 1516 314 καὶ
1555 262 1722 329 δεῦρο

39 340 171 411 παρ’
200 338 343 412 ἡμᾶς
372 347 537 411 φοίτα
567 338 643 405 ὡς
676 338 826 407 παρὰ
863 345 1062 410 φίλους
1089 359 1147 393 τε
1171 340 1262 394 καὶ
1287 340 1440 394 πάνυ
1468 345 1719 406 οἰκείους.

39 427 147 480 Καὶ
177 424 317 494 μήν,
350 417 423 494 ἦν
452 420 506 478 δ’
538 421 674 491 ἐγώ,
710 416 755 476 ὦ
774 424 1025 491 Κέφαλε,
1049 427 1222 492 χαίρω
1251 443 1314 491 γε
1334 425 1726 493 διαλεγόμενος

42 521 151 571 τοῖς
178 507 397 578 σφόδρα
426 504 761 576 πρεσβύταις
802 509 957 560 δοκεῖ
987 506 1095 574 γάρ
1124 526 1218 576 μοι
1235 511 1434 576 χρῆναι
1459 505 1594 575 παρ’
1619 504 1724 561 αὐ-
1749 522 1784 563 Ε

39 595 154 642 των
172 587 569 643 πυνθάνεσθαι
583 627 599 655 ,
625 584 810 653 ὥσπερ
836 584 961 640 τινὰ
983 583 1120 640 ὁδὸν
1140 586 1631 657 προεληλυθότων,
1653 584 1725 657 ἣν

39 671 132 724 καὶ
156 666 296 739 ἡμᾶς
314 675 446 732 ἴσως
474 667 655 737 δεήσει
678 668 1052 737 πορεύεσθαι,
1080 674 1211 723 ποιά
1236 674 1316 733 τίς
1335 671 1476 738 ἐστι,
1503 681 1725 739 τραχεῖα

39 751 132 806 καὶ
147 748 382 819 χαλεπή,
411 744 448 819 ἢ
477 750 640 821 ῥᾳδία
667 749 758 804 καὶ
792 746 1055 818 εὔπορος·
1094 751 1186 804 καὶ
1217 747 1283 819 δὴ
1314 751 1403 805 καὶ
1428 757 1533 804 σοῦ
1552 749 1725 820 ἡδέως

38 827 113 885 ἂν
147 835 462 900 πυθοίμην,
488 828 531 900 ὅ,
557 835 613 884 τί
627 846 714 884 σοι
742 836 998 899 φαίνεται
1025 835 1218 898 τοῦτο,
1254 829 1439 900 ἐπειδὴ
1477 835 1725 885 ἐνταῦθα
1798 897 1799 903 1

38 908 146 981 ἤδη
173 910 222 966 εἷ
245 917 339 981 τῆς
367 909 608 981 ἡλικίας,
636 910 669 967 ὃ
693 909 759 982 δὴ
780 913 866 966 ἐπὶ
885 911 1094 982 γήραος
1123 909 1273 985 οὐδῷ
1300 913 1473 981 φασὶν
1504 910 1643 966 εἶναι
1673 914 1728 966 oc
1799 920 1801 923 ’

40 997 287 1062 ποιηταί,
306 992 547 1061 πότερον
564 991 806 1063 χαλεπὸν
835 998 936 1048 τοῦ
965 998 1093 1063 βίου
1111 988 1148 1063 ἢ
1173 999 1289 1056 πῶς
1315 989 1387 1046 σύ
1406 990 1542 1047 αὐτὸ
1566 996 1725 1064 ἐξαγ-

38 1076 262 1143 γέλλεις.

183 1158 267 1209 ΙΙΙ.
300 1152 439 1225 Ἐγω’
456 1170 572 1223 σοι,
613 1157 748 1223 ἔφη,
786 1151 855 1222 νὴ
888 1151 989 1208 τὸν
1016 1158 1128 1208 Διά
1162 1156 1298 1224 ἐρῶ,
1331 1149 1377 1210 ὦ
1406 1155 1720 1226 Σώκρατες,

40 1234 163 1294 οἷόν
190 1241 259 1308 γέ
283 1260 375 1308 μοι
411 1242 679 1307 φαίνεται.
734 1236 999 1300 πολλάκις
1027 1237 1133 1305 γὰρ
1164 1237 1550 1306 συνερχόμεθά
1574 1260 1718 1303 τινες
1735 1255 1822 1301 329

43 1325 120 1385 εἰς
143 1318 313 1375 ταύτὸ
334 1325 723 1389 παραπλησίαν
741 1316 964 1390 ἡλικίαν
984 1323 1196 1388 ἔχοντες
1209 1362 1224 1388 ,
1247 1322 1604 1386 διασώζοντες
1622 1319 1724 1391 τὴν

41 1400 283 1457 παλαιὰν
315 1406 632 1471 παροιμίαν.
677 1405 733 1456 οἰ
758 1394 864 1456 οὖν
894 1407 1136 1456 πλεῖστοι
1166 1397 1326 1471 ἡμῶν
1345 1399 1724 1473 ὀλοφύρονται

42 1484 350 1554 ξυνιόντες,
371 1483 466 1548 τὰς
489 1486 552 1539 ἐν
581 1489 646 1555 τῇ
676 1483 892 1554 νεότητι
911 1480 1119 1554 ἡδονὰς
1140 1491 1453 1549 ποθοῦντες
1472 1488 1562 1541 καὶ
1583 1484 1725 1540 ἀνα-

40 1565 479 1638 μιμνησκόμενοι
506 1571 637 1634 περί
659 1587 716 1621 τε
750 1563 1079 1635 τάφροδίσια
1109 1567 1200 1622 καὶ
1238 1568 1363 1634 περὶ
1399 1568 1604 1631 πότους
1630 1569 1721 1622 καὶ

0 1649 1 1702 ἐ
42 1645 271 1717 εὐωχίας
295 1649 385 1703 καὶ
410 1645 533 1703 ἄλλ’
570 1646 703 1702 ἅττα
734 1646 769 1702 ἃ
798 1655 911 1703 τῶν
934 1648 1204 1703 τοιούτων
1227 1653 1427 1719 ἔχεται,
1457 1653 1547 1706 καὶ
1584 1648 1724 1720 ἄγα-

40 1734 343 1784 νακτοῦσιν
361 1726 435 1793 ὡς
453 1730 710 1799 μεγάλων
728 1737 901 1785 τινῶν
920 1728 1347 1800 ἀπεστερημένοι
1369 1734 1457 1786 καὶ
1477 1731 1599 1787 τότε
1619 1733 1722 1801 μὲν

43 1804 110 1867 εὖ
140 1815 362 1876 ζῶντες,
394 1817 503 1864 νῦν
529 1810 587 1866 δὲ
612 1810 743 1866 οὐδὲ
771 1817 993 1878 ζῶντες·
1020 1816 1159 1866 ἔνιοι
1186 1813 1244 1866 δὲ
1271 1814 1360 1866 καὶ
1379 1814 1475 1876 τὰς
1503 1819 1616 1867 τῶν
1637 1817 1721 1868 ol-
1747 1823 1780 1863 Β

42 1899 210 1950 κείων
242 1898 673 1963 προπηλακίσεις
694 1900 796 1947 τοῦ
814 1894 998 1964 γήρως
1020 1890 1347 1962 ὀδύρονται,
1377 1895 1466 1948 καὶ
1485 1895 1571 1949 ἐπὶ
1590 1893 1722 1948 τού-

41 1995 119 2046 τῳ
157 1972 225 2044 δὴ
264 1971 326 2028 τὸ
363 1979 536 2043 γῆρας
570 1971 849 2045 ὑμνοῦσιν
885 1973 1036 2029 ὅσων
1071 1981 1260 2029 κακῶν
1298 1980 1491 2043 σφίσιν
1528 1983 1720 2029 αἴτιον.

41 2057 159 2126 ἐμοὶ
191 2055 249 2110 δὲ
283 2057 576 2123 δοκοῦσιν,
618 2049 663 2109 ὦ
690 2056 1010 2123 Σώκρατες,
1050 2048 1203 2109 οὗτοι
1233 2052 1302 2109 οὐ
1334 2053 1396 2109 τό
1430 2063 1610 2110 αἴτιον
1636 2059 1723 2109 αἰ-

40 2142 283 2192 τιᾶσθαι.
324 2142 374 2193 εἰ
398 2136 506 2207 γάρ
525 2132 595 2208 ἦν
614 2136 765 2193 τοῦτ’
789 2147 994 2206 αἴτιον,
1030 2133 1138 2191 κᾶν
1165 2134 1270 2206 ἐγω
1297 2134 1361 2191 τὰ
1388 2134 1528 2190 αὐτὰ
1551 2142 1723 2191 ταῦτα

41 2218 327 2289 ἐπεπόνθη
358 2219 521 2274 ἕνεκα
547 2242 608 2289 γε
632 2220 816 2290 γήρως
846 2221 935 2274 καὶ
973 2221 1029 2273 οἰ
1056 2218 1212 2274 ἄλλοι
1248 2218 1451 2281 πάντες
1478 2215 1600 2272 ὅσοι
1632 2219 1725 2272 έν-

41 2306 228 2355 ταῦθα
256 2294 438 2370 ἦλθον
462 2298 690 2372 ἡλικίας.
739 2306 849 2356 νῦν
870 2299 923 2355 δ’
958 2305 1126 2371 ἔγωγε
1147 2299 1251 2372 ἤδη
1275 2299 1602 2370 ἐντετύχηκα
1622 2297 1725 2369 οὐχ

44 2381 222 2446 οὕτως
259 2387 442 2452 ἔχουσι
472 2386 561 2439 καὶ
590 2382 778 2447 ἄλλοις
816 2384 906 2438 καὶ
945 2382 1010 2454 δὴ
1039 2384 1135 2438 καὶ
1164 2388 1452 2453 Σοφοκλεῖ
1486 2383 1615 2435 ποτὲ
1646 2385 1723 2453 τῷ

44 2468 243 2532 ποιητῇ
280 2466 667 2535 παρεγενόμην
697 2467 1031 2538 ἐρωτωμένῳ
1073 2462 1184 2519 ὑπό
1221 2486 1370 2527 τινος
1406 2468 1560 2530 Πῶς,
1597 2467 1721 2531 ἔφη,

45 2539 88 2599 ὦ
109 2545 449 2612 Σοφόκλεις,
489 2552 625 2615 ἔχεις
652 2547 787 2613 πρὸς
818 2546 1175 2615 τᾶφροδίσιας
1213 2550 1288 2601 ἔτι
1309 2541 1421 2607 οἷός
1456 2565 1513 2598 τε
1540 2541 1585 2596 εἷ
1619 2564 1726 2612 γυ-
1750 2547 1783 2590 0

46 2630 188 2684 ναικῖ
212 2634 640 2697 συγγι’γνεσθαι;
671 2631 757 2683 καὶ
779 2628 839 2691 ὅς
855 2670 870 2694 ,
903 2628 1181 2698 Εὐφήμει,
1208 2632 1343 2696 ἔφη,
1367 2619 1409 2679 ὦ
1428 2624 1723 2693 ἄνθρωπε·

44 2709 415 2781 ἆσμεναίτατα
446 2713 634 2779 μέντοι
665 2708 799 2764 αὐτὸ
836 2707 1159 2777 ἀπέφυγον,
1210 2708 1394 2775 ὥσπερ
1441 2704 1724 2763 λυττῶντά

44 2813 169 2848 τινα
199 2793 289 2849 καὶ
326 2791 525 2862 ἄγριον
561 2792 836 2862 δεσπότην
867 2790 1195 2861 ἀποφυγών.
1253 2782 1318 2844 εὖ
1353 2782 1460 2845 οὖν
1497 2811 1591 2861 μοι
1633 2791 1724 2846 καὶ

1408 2867 1465 2917 1.*
