1962 3236
12 125 21 130 ’
60 170 119 212 55
726 154 1105 203 ΤΙΜΑΙοΣ.
1635 146 1741 202 373

57 303 137 366 θη
156 291 291 350 καθ’
314 289 524 363 ἡμέραν
543 284 834 360 ξυμφυὲς’
806 307 967 357 ημων
982 290 1291 355 γίγνεσθαι.
1327 283 1502 356 ταύτῃ
1519 305 1626 355 γαρ
1646 306 1743 339 το-

60 378 156 448 μαὶ
184 375 288 446 μὲν
314 376 405 429 καὶ
433 371 656 436 καύσεις
679 370 771 425 καὶ
801 366 905 423 ὅσα
934 366 1072 422 ἄλλα
1093 367 1286 436 πάσχει
1306 365 1483 430 λύπας
1513 363 1616 421 οὐκ
1645 367 1814 435 ε’μ-Ε

62 464 337 526 ποιοῦσιν,
359 454 489 510 οὐδὲ
505 450 715 525 ἡδονὰς
740 450 910 504 πάλιν
934 450 1020 504 ἐπὶ
1043 445 1250 504 ταύτόν
1278 445 1552 517 ἀπιούσης
1581 445 1741 516 εἶδος,

59 541 306 610 μέγισται
327 536 388 592 δὲ
406 534 693 604 αἰσθήσεις
710 533 800 586 καὶ
821 531 1156 598 σαφέσταται
1174 527 1374 584 καθότι
1402 525 1451 584 τ’
1485 524 1557 582 ὅὶν
1586 527 1745 599 παθῃ

59 618 204 675 καὶ“
170 635 322 674 οσων
347 639 420 671 αν
448 613 588 684 αὐτή
614 634 689 685 πῃ
718 617 1116 683 προσβαλοῦσα
1145 611 1479 681 ἐφάπτηται·
1516 613 1609 681 βία
1636 630 1743 679 γαρ

59 705 121 758 τὸ
142 701 372 771 πάμπαν
393 694 496 752 οὐκ
518 699 600 752 ἔνι
631 700 700 766 τῇ
731 697 1000 762 διακρίσει
1029 713 1087 747 τε
1114 690 1283 763 αὐτῆς
1319 693 1409 747 καὶ
1443 696 1742 761 συγκρίσει.

59 782 127 839 τὰ
140 780 193 838 δ’
214 784 275 837 ἐκ
291 779 558 851 μειζόνων
571 797 760 847 μερων
778 776 1004 845 σώματα
1022 773 1181 845 μόγις
1194 781 1414 830 εἴκοντα
1432 795 1507 846 τῳ
1489 777 1743 842 δρῶντι,

61 866 376 921 διαδιδοντα
397 858 457 916 δὲ
475 864 550 924 εἰς
568 858 706 915 ὅλον
725 856 821 923 τοὶς
842 855 1099 928 κινήσεις,
1122 853 1327 927 ἡδονὰς
1356 864 1493 926 ἴσχει
1521 857 1611 911 καὶ
1640 853 1742 911 λύ-

62 966 183 1015 πας,
225 941 660 1011 ἄλλοτριούμενα
695 938 797 1010 μὲν
836 938 1029 1006 λύπας,
1069 937 1450 1008 καθιστάμενα
1487 935 1548 991 δὲ
1575 941 1652 1002 εἰς
1678 934 1739 991 τὸ
1765 949 1823 995 66

64 1026 200 1083 αὐτὸ
224 1026 394 1082 πάλιν
412 1021 634 1095 ἡδονάς.
674 1019 779 1077 ὅσα
809 1020 869 1078 δὲ
891 1019 1030 1075 κατὰ
1059 1017 1296 1090 σμικρὸν
1322 1016 1420 1083 τὰς
1448 1015 1742 1089 ἀποχωρή-

62 1126 174 1173 σεις
218 1109 433 1163 ἑαυτῶν
475 1105 567 1159 καὶ
615 1102 874 1166 κενώσεις
921 1108 1138 1172 εἴληφε,
1183 1101 1282 1165 τὰς
1330 1099 1391 1155 δὲ
1437 1096 1744 1170 πληρώσεις

61 1187 276 1257 ἀθρόας
297 1187 387 1241 καὶ
406 1183 543 1240 κατὰ
563 1182 790 1255 μεγάλα,
813 1181 1098 1247 κενώσεως
1118 1182 1220 1252 μὲν
1238 1180 1568 1252 ἀναίσθητα,
1601 1186 1742 1251 πλη-

61 1268 283 1337 ρώσεως
312 1266 370 1323 δὲ
400 1262 695 1336 αἰσθητικά
727 1263 1046 1334 γιγνόμενα,
1078 1263 1255 1327 λύπας
1290 1264 1394 1334 μὲν
1422 1260 1492 1317 οὐ
1522 1264 1744 1332 παρέχει

60 1357 136 1423 τῷ
162 1357 355 1422 θνητῷ
371 1354 468 1420 τῆς
489 1355 679 1419 ψυχῆς,
705 1354 960 1419 μεγίστας
977 1346 1036 1403 δὲ
1055 1347 1285 1419 ἡδονάς·
1326 1351 1439 1403 ἔστι
1460 1347 1518 1402 δὲ
1540 1350 1742 1416 ἔνδηλα

62 1434 187 1502 περὶ
223 1428 320 1496 τὰς
357 1430 604 1495 εὐωδίας.
662 1428 767 1484 ὅσα
807 1429 866 1485 δὲ
902 1427 1366 1499 ἀπαλλοτριοῦται
1402 1428 1504 1500 μὲν
1538 1426 1742 1498 ἀθρόα,

62 1513 199 1569 κατὰ
222 1512 424 1584 σμικρὰ
444 1511 503 1568 δὲ
521 1511 682 1582 μόγις
699 1532 757 1566 τε
777 1514 851 1575 εἰς
869 1509 1035 1566 ταύτό
1061 1511 1228 1566 πάλιν
1247 1512 1461 1574 ἑαυτοῖς
1480 1515 1741 1565 καθίστα·
1771 1529 1803 1570 Β

61 1617 167 1662 ται,
187 1592 516 1650 τούναντίον
534 1603 646 1657 τοῖς
664 1596 980 1663 ἔμπροσθεν
1000 1591 1180 1648 πάντα
1199 1591 1526 1648 ἀποδίδωσι·
1567 1597 1743 1647 ταῦτα

63 1675 116 1730 δ’
140 1669 214 1730 αὖ
230 1676 352 1743 περὶ
371 1671 468 1739 τὰς
491 1674 716 1738 καύσεις
734 1675 824 1729 καὶ
849 1671 1019 1744 τομὰς
1037 1680 1141 1729 τοῦ
1160 1673 1411 1745 σώματος
1439 1672 1744 1744 γιγνόμενά

62 1760 173 1811 ἐστι
202 1756 495 1826 κατάδηλα.

203 1840 422 1893 xxvm.
469 1838 576 1891 Καὶ
604 1835 669 1891 τὰ
699 1836 804 1907 μὲν
835 1835 903 1907 δὴ
935 1836 1095 1892 κοινὰ
1123 1842 1225 1892 τοῦ
1255 1835 1507 1906 σώματος
1536 1832 1743 1900 παντὸς

61 1917 381 1989 παθήματα,
403 1924 518 1972 τών
535 1915 587 1972 τ’
605 1919 939 1988 έπωνυμιῶν
958 1916 1085 1972 ὅσαι
1104 1930 1218 1983 τοῖς
1240 1920 1449 1986 δρῶσιν
1478 1914 1618 1972 αὐτὰ
1646 1936 1743 1987 γε-

60 1998 275 2071 γόνασι,
295 1999 494 2069 σχεδὸν
512 2007 720 2069 εἴρηται
735 2021 746 2032 ·
784 1997 850 2054 τὰ
871 1995 922 2054 δ’
945 2001 1005 2055 ἐν
1034 2002 1191 2063 ἰδίοις
1217 2003 1439 2069 μέρεσιν
1463 1995 1624 2070 ἡμῶν
1654 2019 1744 2068 γι-

59 2082 325 2153 γνόμενα,
347 2080 415 2136 τά
434 2102 490 2136 τε
510 2080 666 2152 πάθη
685 2080 891 2146 καὶτὰς
909 2085 1082 2145 αἰτίας
1101 2075 1175 2135 αὖ
1194 2087 1308 2136 τῶν
1330 2078 1611 2151 δρώντων,
1632 2099 1742 2135 πει-

61 2169 257 2234 ρατέον
287 2166 473 2229 εἰπεῖν,
505 2161 575 2217 ἄν
610 2182 686 2235 πῃ
722 2162 1039 2234 δυνώμεθα.
1087 2170 1310 2231 πρῶτον
1347 2155 1454 2217 οὖν
1485 2160 1591 2217 ὅσα
1626 2167 1739 2217 τῶν
1769 2176 1803 2221 c

63 2249 255 2314 χυμῶν
282 2243 405 2313 πέρι
434 2245 684 2314 λέγοντες
712 2247 773 2299 ἐν
808 2255 920 2308 τοῖς
948 2244 1201 2314 πρόσθεν
1238 2241 1595 2314 ἀπελίπομεν,
1632 2245 1745 2300 ἴδια

66 2324 201 2381 ὄντα
219 2324 520 2395 παθήματα
539 2328 662 2393 περὶ
683 2322 788 2396 τὴν
815 2332 1082 2396 γλῶτταν,
1108 2329 1475 2397 ἐμφανιστέον
1502 2318 1539 2397 ᾗ
1570 2328 1746 2381 δυνα-

64 2405 179 2462 τόν.
216 2411 470 2476 φαίνεται
489 2410 546 2462 δὲ
566 2408 656 2462 καὶ
675 2413 866 2477 ταῦτα,
886 2406 1069 2476 ὥσπερ
1092 2402 1200 2463 οὖν
1219 2408 1310 2463 καὶ
1339 2404 1407 2462 τὰ
1428 2406 1622 2475 πολλά,
1651 2403 1742 2462 διὰ

67 2487 413 2559 συγκρίσεών
431 2491 492 2544 τέ
507 2510 676 2544 τινων
696 2490 786 2544 καὶ
819 2493 1147 2558 διακρίσεων
1173 2497 1483 2560 γίγνεσθαι,
1515 2487 1655 2555 πρὸς
1684 2488 1745 2544 δὲ

64 2571 254 2635 αὐταῖς
272 2576 572 2640 κεχρῆσθαι
591 2569 802 2639 μᾶλλόν
825 2592 877 2625 τι
904 2577 1016 2626 τῶν
1035 2569 1219 2626 ἄλλων
1247 2569 1546 2640 τραχύτησί
1567 2589 1626 2624 τε
1653 2567 1746 2624 καὶ

64 2654 350 2722 λειότησιν.
389 2649 491 2706 ὅσα
527 2652 628 2722 μὲν
664 2650 770 2722 γὰρ
808 2652 1046 2709 εἰσιόντα
1085 2654 1210 2722 περὶ
1243 2650 1308 2707 τὰ
1347 2654 1563 2723 φλέβια,
1593 2644 1746 2706 οἷόν-

65 2752 166 2799 περ
187 2736 405 2803 δοκίμια
426 2738 523 2803 τῆς
542 2731 782 2804 γλώττης
801 2737 1064 2804 τεταμένα
1081 2735 1167 2790 ἐπὶ
1186 2733 1287 2805 τὴν
1307 2736 1561 2803 καρδίαν,
1587 2737 1662 2798 εἰς
1677 2726 1744 2787 τά
1778 2742 1815 2786 D

66 2814 262 2883 νοτερὰ
286 2820 381 2886 τῆς
402 2813 604 2881 σαρκὸς
626 2817 714 2870 καὶ
735 2814 919 2871 ἁπαλὰ
943 2820 1280 2886 ἐμπίπτοντα
1300 2814 1464 2887 γήϊνα
1487 2818 1624 2886 μέρη
1644 2837 1746 2870 κα-
