1962 3236
2 11 3 15 ,
96 0 180 21 Ῥῶ*
229 0 242 7 “
300 2 323 10 ν

99 43 119 67 ς

17 0 45 150 ξ.

14 150 41 201 ᾖ

652 163 1143 212 ΠΟΛΙΤΕΙΑΣ
1168 154 1227 225 y'.
1621 131 1623 133 ’
1699 158 1770 209 99

12 308 39 364 i
83 304 235 357 παισὶ
262 302 351 355 καὶ
382 303 691 361 νεανίσκοις
726 298 817 351 καὶ
850 298 910 350 έν
938 294 1175 366 ἀνδράσι
1201 293 1640 364 βασανιζόμενον
1676 296 1770 348 καὶ

22 374 43 442 ἶ
83 382 363 453 ακήρατον
391 383 716 449 ἐκβαίνοντα
749 378 1120 432 καταστατέον
1158 395 1398 445 αρχοντα
1429 380 1527 444 τῆς
1555 373 1769 440 πόλεως
1797 372 1889 421 4¹4

16 458 34 523 ζ’
83 466 174 520 καὶ
196 463 435 533 φύλακα,
458 462 549 516 καὶ
566 481 725 529 τιμας
745 459 937 514 δοτέον
957 458 1048 512 καὶ
1069 460 1231 523 ζωντι
1254 458 1344 511 καὶ
1364 454 1770 526 τελευτήσαντι,

19 598 22 602 .
83 545 278 615 τάφων
298 566 356 600 τε
379 545 467 598 καὶ
487 547 601 600 τῶν
621 538 809 594 αλλων
840 545 1123 635 μνημείων
1150 544 1378 609 μέγιστα
1405 541 1541 607 γέρα
1569 537 1774 607 λαγχά-

84 649 280 682 νοντα·
320 624 421 680 τόν
440 622 499 678 δὲ
527 622 601 692 μὴ
628 627 889 676 τοιοῦτον
918 618 1263 689 ἀποκριτέον.
1314 619 1542 691 τοιαύτη
1571 641 1668 687 τις,
1700 622 1768 689 ἠν

86 709 138 764 δ’
161 707 287 778 ἐγώ,
307 710 462 762 δοκεῖ
485 725 597 774 μοι,
630 725 672 757 ω
692 700 985 770 Γλαύκων,
1018 699 1049 771 ἡ
1080 700 1278 771 ἐκλογὴ
1311 701 1452 757 εἶναι
1477 703 1570 757 καὶ
1600 699 1773 756 κατά-

85 807 273 853 στασις
289 794 402 843 ταῖν
419 784 708 856 ἀρχόντων
727 804 786 838 τε
813 784 903 837 καὶ
924 782 1216 852 φυλάκων,
1241 780 1312 846 ὡς
1331 785 1393 838 ἐν
1411 783 1587 855 τύπῳ,
1609 783 1682 853 μή
1706 780 1770 836 δι’

85 869 382 941 ἀκριβείας,
405 872 676 938 εἰρῆσθαι.
712 867 822 920 Καὶ
843 866 975 935 ἐμοί,
994 857 1032 935 ἦ
1054 861 1106 919 δ’
1129 862 1208 932 ὅς,
1230 862 1378 919 οὕτω
1399 884 1476 935 πῃ
1497 869 1770 934 φαίνεται.

77 946 199 1020 'Ap’
219 944 326 1006 οὖν
350 943 424 1014 οῗς
443 947 668 1019 ἀληθῶς
694 944 1010 1015 ὀρθότατον
1038 953 1226 1002 καλεῖν
1254 945 1489 1011 τούτους
1515 946 1618 1017 μὲν
1653 944 1770 1015 φύ-
1799 955 1835 998 Β

86 1042 258 1097 λακας
288 1038 573 1095 παντελεῖς·
598 1035 711 1084 τῶν
741 1049 797 1083 τε
828 1030 1040 1092 ἔξωθεν
1080 1033 1358 1098 πολεμίων
1381 1034 1495 1082 τῶν
1524 1048 1583 1082 τε
1619 1025 1775 1090 ἐντὸς

90 1121 309 1185 φιλίων,
331 1111 482 1177 ὅπως
504 1113 676 1182 οἱμὲν
695 1109 767 1181 μὴ
791 1108 1176 1181 βουλήσονται,
1199 1113 1256 1165 οἰ
1268 1111 1327 1164 δὲ
1344 1109 1417 1180 μὴ
1435 1113 1773 1180 δυνήσονται

85 1206 438 1265 κακουργεῖν,
458 1191 588 1257 τοὺς
607 1192 666 1248 δὲ
685 1195 862 1260 νέους,
884 1188 984 1255 οὓς
1011 1197 1120 1246 νῦν
1151 1189 1219 1261 δὴ
1250 1191 1507 1260 φύλακας
1536 1193 1774 1245 ἐκαλοῦ-

85 1298 205 1349 μεν,
235 1273 568 1343 ἐπικούρους
596 1269 654 1327 τε
684 1274 775 1327 καὶ
795 1269 1047 1343 βοηθοὺς
1064 1283 1176 1336 τοῖς
1194 1277 1308 1326 τῶν
1326 1270 1615 1341 ἀρχόντων
1636 1270 1773 1340 δόγ-

87 1375 281 1430 μασιν;
302 1356 522 1428 Ἔμοιγε
542 1359 710 1422 δοκεῖ,
732 1358 853 1424 ἔφη.

231 1442 360 1494 ΧΧΙ.
404 1443 498 1502 Τίς
527 1459 599 1491 αν
629 1458 736 1491 ουν
765 1434 915 1507 ἡμῖν,
954 1428 1027 1505 ἦν
1068 1432 1119 1489 δ’
1159 1433 1284 1504 ἐγώ,
1292 1455 1529 1532 rmmmm
1558 1434 1773 1502 γένοιτο

88 1543 201 1576 των
226 1523 449 1585 ψευδων
469 1541 582 1574 των
600 1520 662 1574 έν
682 1520 862 1573 δέοντι
881 1520 1248 1587 γιγνομένων,
1270 1537 1349 1570 ων
1369 1514 1434 1586 δὴ
1459 1521 1568 1570 νῦν
1588 1517 1775 1585 ἐλέγο-

88 1624 208 1673 μεν,
228 1600 491 1672 γενναῖόν
508 1623 560 1655 τι
590 1602 651 1655 ἓν
671 1602 1050 1670 ψευδομένους
1078 1610 1260 1654 πεῖσαι
1287 1598 1523 1669 μαλιστα
1551 1597 1655 1668 μὲν
1681 1597 1776 1652 καὶ
1805 1600 1838 1644 0

90 1681 295 1747 αὐτοὺς
311 1682 444 1748 τούς
461 1681 748 1751 ἄρχοντας,
778 1686 828 1736 εἰ
850 1681 909 1736 δὲ
934 1681 1028 1751 μή,
1046 1679 1149 1752 τὴν
1166 1680 1346 1751 ἄλλην
1369 1680 1561 1746 πόλιν;
1598 1677 1776 1734 Ποῖόν

90 1788 170 1831 τι;
200 1769 324 1834 ἔφη.
379 1765 582 1834 Μηδὲν
599 1761 814 1831 καινόν,
845 1755 917 1832 ἦν
948 1759 1002 1815 δ’
1033 1761 1160 1831 ἐγώ,
1191 1759 1331 1816 ἀλλὰ
1353 1760 1678 1816 Φοινικικόν
1705 1782 1774 1828 τι,

92 1847 368 1915 πρότερον
384 1847 487 1916 μὲν
504 1844 611 1916 ἤδη
636 1850 916 1914 πολλαχοῦ
935 1843 1183 1913 γεγονός,
1216 1841 1291 1907 ὥς
1319 1861 1494 1915 φασιν
1525 1845 1584 1898 οἰ
1611 1861 1775 1913 ποιη-

92 1930 179 1984 ταὶ
198 1929 287 1982 καὶ
306 1932 645 1996 πεπείκασιν,
680 1923 771 1996 ἐφ’
804 1923 964 1996 ἡμῶν
991 1925 1050 1980 δὲ
1079 1923 1149 1981 οὐ
1169 1924 1400 1995 γεγονὸς
1417 1921 1544 1980 οὐδ’
1578 1922 1701 1979 οἶδα
1726 1926 1778 1979 εἰ

91 2011 399 2083 γενόμενον
416 2009 504 2076 ἄν,
527 2021 710 2066 πεῖσαι
729 2009 788 2065 δὲ
808 2016 1013 2081 συχνῆς
1031 2015 1281 2073 πειθοῦς.
1318 2006 1411 2072 Ὡς
1429 2013 1626 2076 ἔοικας,
1648 2012 1774 2078 ἔφη,
1862 2009 1865 2021 ’

93 2094 354 2151 ὀκνοῦντι
371 2093 566 2164 λέγειν.
601 2091 765 2157 Δόξω
785 2093 849 2147 δέ
869 2109 973 2158 σοι,
1002 2086 1076 2163 ἦν
1109 2089 1164 2146 δ’
1198 2090 1325 2159 ἐγώ,
1354 2090 1446 2145 καὶ
1465 2086 1597 2159 μάλ’
1626 2087 1776 2143 εἰκό-

94 2200 200 2241 τως
221 2175 423 2245 ὀκνεῖν,
443 2174 668 2232 έπειδὰυ
686 2183 837 2233 εἴπω.
875 2171 1029 2245 Λέγ’,
1051 2179 1175 2244 ἔφη,
1196 2174 1287 2227 καὶ
1305 2169 1380 2242 μὴ
1392 2175 1593 2241 φοβοῦ.
1613 2170 1775 2240 Λέγω

98 2258 190 2328 δή·
222 2255 512 2312 καίτοιούκ
532 2256 653 2312 οἶδα
674 2254 837 2328 ὁποίᾳ
856 2255 1028 2327 τόλμῃ
1046 2250 1082 2325 ἢ
1101 2259 1278 2317 ποίοις
1296 2251 1479 2323 λόγοις
1496 2250 1779 2322 χρώμενος
1802 2267 1839 2309 1>

99 2344 231 2408 ἐρῶ·
269 2340 361 2394 καὶ
389 2339 709 2410 ἐπιχειρήσω
739 2344 962 2408 πρῶτον
988 2337 1090 2407 μὲν
1120 2333 1325 2400 αὐτοὺς
1350 2332 1481 2397 τοὺς
1508 2331 1779 2401 ἄρχοντας

100 2427 319 2476 πείθειν
336 2421 425 2475 καὶ
443 2420 573 2485 τοὺς
593 2420 940 2489 στρατιώτας,
960 2424 1143 2475 ἔπειτα
1165 2418 1332 2474 δὲκαὶ
1353 2414 1455 2486 τὴν
1476 2414 1652 2484 ἄλλην
1671 2412 1779 2468 πό·-

101 2510 205 2565 λιν,
228 2500 300 2565 ὥς
316 2499 406 2568 ἄρ’
439 2498 475 2555 ἃ
493 2498 644 2570 ἡμεῖς
662 2500 868 2566 αὐτοὺς
888 2502 1191 2571 ἐτρέφομέν
1205 2521 1263 2555 τε
1283 2499 1375 2554 καὶ
1393 2494 1776 2565 ἐπαιδεύομεν,

102 2582 287 2649 ὥσπερ
326 2579 580 2649 ὀνείρατα
623 2582 859 2638 ἐδόκουν
895 2589 1067 2637 ταῦτα
1105 2582 1286 2636 πάντα
1326 2580 1557 2648 πάσχειν
1592 2598 1651 2631 τε
1688 2578 1779 2631 καὶ

102 2670 392 2734 γίγνεσθαι
413 2665 535 2730 περὶ
554 2661 779 2732 αὐτούς,
810 2657 955 2732 ἦσαν
981 2665 1039 2717 δὲ
1063 2662 1185 2716 τότε
1206 2667 1270 2733 τῇ
1291 2658 1526 2729 ἀληθείᾳ
1545 2654 1654 2712 ὑπὸ
1679 2661 1780 2727 γῆς

103 2741 256 2807 ἐντὸς
276 2743 639 2813 πλαττόμενοι
661 2746 750 2799 καὶ
774 2744 1104 2813 τρεφόμενοι
1123 2745 1212 2797 καὶ
1242 2740 1399 2796 αὐτοὶ
1422 2742 1511 2795 καὶ
1542 2736 1609 2794 τὰ
1634 2735 1779 2793 ὅπλα

104 2823 289 2881 αὐτῶν
308 2826 396 2880 καὶ
423 2824 455 2896 ἡ
476 2825 611 2897 ἄλλη
633 2827 803 2896 σκευὴ
825 2827 1319 2896 δημιουργουμένη,
1346 2820 1529 2891 ἐπειδὴ
1560 2820 1618 2876 δὲ
1638 2841 1781 2876 παν-
1812 2837 1845 2877 Ε

1461 2902 1485 2950 ⁷
1501 2899 1522 2922 ῃ
