1962 3236
215 178 318 229 110
830 179 1311 227 ΠΛΑΤΩΝΟΣ

215 311 320 368 οὐκ
339 334 411 365 αν
428 316 505 366 ἔτι
523 309 588 365 τὰ
611 317 835 364 τοιαῦτα
856 310 1254 380 ἐπιχειρήσαιμι
1277 321 1617 381 νομοθετεῖν
1650 317 1893 383 Εἰκότως

196 391 270 464 γ’
276 436 290 462 ,
321 399 442 463 ἔφη.
503 398 571 447 Τί
598 395 672 457 δέ,
707 385 752 445 ῶ
783 390 919 462 πρὸς
945 398 1115 457 θεῶν,
1149 397 1308 462 ἔφην,
1338 394 1404 447 τά
1426 391 1656 462 άγοραῖα
1685 399 1892 467 ξυμβο-

214 481 388 530 λαίων
406 496 463 529 τε
485 477 606 541 πέρι
626 472 744 527 κατ’
770 470 983 541 ἀγορὰν
1001 474 1218 528 ἕκαστοι
1239 472 1274 527 ὁὶ
1293 473 1431 541 πρὸς
1463 474 1734 545 ἀλλήλους
1755 482 1890 549 ξυμ-

146 554 182 595 Ῑ)
212 557 534 628 βάλλουσιν,
568 560 618 609 εἰ
644 554 702 608 δὲ
733 554 939 623 βούλει,
971 555 1059 608 καὶ
1088 563 1503 625 χειροτεχνικῶν
1532 559 1656 627 περὶ
1686 563 1891 630 ξυμβο-

213 645 385 694 λαίων
405 641 495 693 καὶ
515 641 812 705 λοιδοριῶν
837 639 926 691 καὶ
948 642 1124 702 αἰκίας
1153 641 1242 694 καὶ
1275 644 1445 694 δικῶν
1474 640 1652 710 λήξεις
1677 645 1766 697 καὶ
1804 647 1886 698 δι-
1955 667 1962 694 τ

212 725 433 774 καστῶν
454 718 822 787 καταστάσεις,
840 719 929 772 καὶ
950 726 1004 773 εἰ
1028 740 1140 773 που
1169 726 1344 774 τελῶν
1372 723 1514 784 τινὲς
1540 717 1576 790 ἦ
1606 721 1881 790 πράξεις
1855 747 1888 822 η

212 804 395 864 θέσεις
414 797 704 869 ἀναγκαῖοι
697 798 908 854 ἐἰσιν
881 800 918 870 η’
937 798 1058 854 κατ’
1083 800 1287 869 ἀγορὰς
1315 797 1352 871 ἦ
1379 806 1616 873 λιμένας,
1643 800 1680 874 ἦ
1707 807 1796 860 καὶ
1825 806 1885 861 τὸ
1958 829 1962 837 ·

212 882 480 950 παράπαν
511 879 892 951 άγορανομικα
925 881 1058 935 ἄττα
1086 878 1122 951 ἦ
1148 879 1487 951 ἀστυνομικὰ
1517 880 1552 953 ἢ
1579 885 1890 955 ἐλλιμενικὰ
1959 911 1962 913 ·

209 958 247 1034 η’
266 961 371 1018 ὅσα
390 961 528 1017 άλλα
561 969 803 1027 τοιαῦτα,
836 959 1049 1014 τούτων
1080 962 1429 1031 τολμήσομέν
1456 986 1506 1016 τι
1534 974 1889 1034 νομοθετεῐν;

205 1042 348 1100 Ἀλλ’
388 1043 492 1099 οὐκ
521 1043 695 1112 ἄξιον,
727 1049 852 1113 ἔφη,
884 1041 1122 1113 ἀνδράσι
1151 1051 1337 1109 καλοῖς
1365 1044 1635 1115 κάγαθοῖς
1671 1048 1889 1103 ἐπιτάτ-
1961 1116 1962 1119 ¹

209 1146 348 1181 τειν·
394 1125 460 1180 τὰ
497 1124 672 1180 πολλοὶ
709 1124 816 1195 γὰρ
866 1123 1070 1194 αὐτῶν,
1116 1122 1220 1179 ὅσα
1269 1130 1355 1180 δεῖ
1381 1129 1888 1199 νομοθετήσασθαι,
1957 1121 1962 1171 Ῠ

144 1224 178 1263 E
211 1210 414 1280 ῥᾳδίως
433 1226 544 1261 που
565 1203 919 1276 εὑρήσουσιν.
957 1212 1088 1275 Ναί,
1109 1199 1154 1260 οἷ
1179 1211 1323 1276 φίλε,
1351 1205 1525 1275 εἷπον,
1556 1209 1654 1264 ἐάν
1673 1232 1735 1279 γε
1756 1209 1888 1275 θεὸς

209 1286 396 1352 αὐτοῖς
415 1292 548 1358 διδῶ
569 1293 845 1358 σωτηρίαν
875 1295 987 1343 τῶν
1006 1287 1197 1357 νόμων
1215 1282 1295 1342 ῶν
1316 1292 1634 1358 ἔμπροσθεν
1655 1290 1887 1361 διήλθο-
1954 1281 1962 1358 Ἰξ

207 1393 326 1441 μεν.
382 1375 456 1426 Εἰ
483 1369 542 1425 δὲ
570 1369 646 1440 μή
674 1392 754 1440 γε,
781 1363 819 1440 ἦ
851 1367 906 1424 δ’
943 1369 1022 1435 ὅς,
1055 1367 1231 1424 πολλοὶ
1252 1377 1476 1425 τοιαῦτα
1503 1374 1783 1441 τιθέμενοι
1803 1371 1887 1428 ἀεὶ
1955 1393 1962 1446 ⁴³

207 1453 298 1507 καὶ
334 1452 820 1522 ἐπανορθούμενοι
860 1450 959 1506 τὸν
1004 1456 1129 1522 βίον
1166 1453 1592 1519 διατελέσουσιν,
1643 1453 1888 1523 οἰόμενοι
1955 1462 1962 1512 ³]

207 1532 577 1603 ἐπιλήψεσθαι
613 1538 1045 1603 τοῦμβελτίστου.
1119 1535 1330 1601 Λέγεις,
1361 1536 1502 1602 ἔφην
1533 1533 1659 1602 ἐγώ,
1688 1533 1887 1604 βιωσε-
1958 1520 1962 1539 ¹

209 1623 344 1670 σθαι
371 1612 504 1678 τοὺς
540 1614 826 1679 τοιούτους
858 1613 1043 1683 ὥσπερ
1073 1612 1204 1679 τούς
1234 1615 1548 1684 κάμνοντάς
1577 1637 1633 1670 τε
1662 1619 1751 1671 καὶ
1783 1614 1885 1671 οὐκ

206 1693 553 1759 ἐθέλοντας’
521 1693 631 1751 υπὸ
654 1694 950 1760 ἀκολασίας
969 1699 1196 1766 ἐκβῆναι
1216 1716 1461 1765 πονηρας
1480 1699 1699 1767 διαίτης.
1717 1697 1884 1752 Πάνυ

87 1793 177 1839 426
205 1779 307 1847 μὲν
319 1799 440 1832 ουν.
462 1778 571 1832 Και
582 1799 694 1847 μην
707 1782 867 1832 ουτοι
879 1799 940 1846 γε
953 1781 1246 1847 χαριέντως
1258 1781 1615 1832 διατελοῦσιν.
1638 1778 1883 1846 ίατρευό-
1949 1783 1962 1850 ’,

205 1880 365 1929 μενοι
401 1880 509 1928 γαρ
546 1856 714 1914 οὐδεν
749 1869 1089 1930 περαίνουσι,
1126 1861 1275 1930 πλήν
1310 1880 1372 1928 γε
1403 1859 1762 1929 ποικιλώτερα
1792 1861 1885 1915 καὶ

205 1945 368 2012 μείζω
406 1947 628 1995 ποιουσι
659 1963 726 1995 τα
758 1943 1057 2012 νοσήματα,
1090 1943 1180 1996 καὶ
1208 1939 1291 1995 ἀεὶ
1319 1943 1641 2010 ἐλπίζοντες,
1679 1941 1777 1995 ἐάν
1804 1963 1884 2004 τις
1954 1956 1962 1985 ³2

206 2023 505 2093 φάρμακον
546 2023 950 2094 ξυμβουλεύσῃ,
1000 2021 1111 2076 ὑπὸ
1163 2022 1367 2076 τούτου
1417 2026 1643 2076 ἔσεσθαι
1696 2019 1879 2089 ὑγιεῖς,

205 2105 372 2160 Πάνυ
390 2105 515 2173 γάρ,
533 2109 657 2175 ἔφη,
678 2111 792 2159 τῶν
823 2102 968 2159 οὕτω
998 2104 1326 2174 καμνόντων
1354 2100 1420 2157 τὰ
1449 2108 1674 2157 τοιαῦτα
1705 2102 1878 2173 πάθη.

209 2189 279 2240 Τί
293 2187 356 2240 δέ
364 2208 379 2250 ;
397 2178 472 2254 ἦν
491 2182 542 2239 δ’
567 2183 674 2254 ἐγώ
690 2208 700 2217 ·
738 2185 864 2239 τόδε
884 2182 1071 2239 αὐτῶν
1089 2183 1156 2239 οὐ
1175 2189 1380 2255 χαρίεν,
1400 2181 1459 2238 τὰ
1486 2182 1710 2237 πάντων
1728 2187 1879 2253 ἔχθι-

205 2282 339 2321 στον
372 2264 631 2337 ἡγεῖσθαι
659 2265 759 2320 τὸν
786 2264 1002 2336 τάληθῆ
1034 2268 1279 2336 λέγοντα,
1313 2264 1397 2320 ὅτι
1416 2266 1546 2331 πρὶν
1560 2260 1631 2319 ἂν
1649 2264 1881 2334 μεθύων
1952 2308 1962 2350 4

204 2349 296 2404 καὶ
315 2348 719 2418 ἐμπιπλάμενος
738 2349 829 2408 καὶ
843 2345 1253 2416 ἀφροδισιάζων
1270 2349 1359 2401 καὶ
1380 2343 1567 2416 ἀργῶν
1585 2346 1879 2416 παύσηται,

144 2446 177 2486 Β
205 2428 334 2485 οὔτε
363 2428 629 2499 φάρμακα
664 2428 794 2483 οὔτε
824 2429 1045 2493 καύσεις
1080 2428 1208 2483 οὔτε
1233 2430 1393 2498 τομαὶ
1421 2424 1545 2482 οὐδ’
1577 2421 1649 2481 αὖ
1676 2429 1881 2499 ἐπῳδαὶ
1950 2425 1962 2454 ·“

205 2509 380 2566 αὐτὸν
416 2508 547 2566 οὐδὲ
587 2516 856 2580 περίαπτα
895 2509 1026 2565 οὐδὲ
1063 2509 1198 2566 ἄλλο
1244 2516 1357 2565 τῶν
1401 2508 1670 2564 τοιούτων
1715 2508 1880 2563 οὐδὲν
1946 2517 1962 2579 ξ

204 2591 421 2663 ὀνήσει;
473 2590 558 2647 Οὐ
598 2591 747 2646 πάνυ
784 2599 989 2661 χαρίεν,
1030 2597 1158 2663 ἔφη·
1210 2592 1270 2647 τὸ
1308 2591 1416 2662 γὰρ
1455 2599 1532 2664 τῷ
1567 2585 1631 2646 εὖ
1666 2595 1878 2659 λέγοντι

202 2680 551 2744 χαλεπαίνειν
570 2672 674 2729 οὐκ
700 2679 806 2744 ἔχει
824 2674 999 2745 χάριν.
1042 2671 1161 2728 Ούκ
1190 2676 1473 2743 ἐπαινέτης
1503 2671 1566 2739 εἷ,
1588 2677 1730 2740 ἔφην
1751 2670 1874 2739 ἐγώ,
1949 2670 1962 2725 ²}

206 2751 277 2818 ῶς
300 2760 494 2822 ἔοικας,
516 2763 628 2810 τῶν
648 2757 918 2810 τοιούτων
940 2753 1176 2823 ἀνδρῶν.
1234 2752 1318 2810 Οὐ
1338 2759 1524 2824 μέντοι
1543 2749 1617 2821 μὰ
1638 2757 1763 2805 Δία.
1951 2808 1962 2830 ὲ

344 2841 400 2889 V.
463 2836 600 2891 Οὐδ’
639 2834 710 2890 ἂν
738 2835 771 2907 ἦ
804 2839 963 2901 πόλις
991 2837 1115 2906 ἄρα,
1151 2835 1289 2904 ὅπερ
1319 2835 1440 2903 ἄρτι
1469 2836 1743 2901 ἐλέγομεν,
1777 2830 1876 2901 ὅλη
