1962 3236
163 860 220 902 44

242 144 348 196 348
857 145 1335 193 ΠΛΑΤΩΝΟΣ
1858 156 1918 200 30

246 276 385 333 ὥστε
420 276 536 348 μετ’
582 276 836 346 ἀλλήλων
880 275 1039 346 μόγις
1084 279 1447 347 ξυνεχομένας
1489 281 1759 347 φέρεσθαι
1796 282 1915 351 μέν,

247 356 459 428 ἀλόγως
482 357 540 413 δὲ
561 361 848 427 φέρεσθαι,
868 358 990 411 τοτὲ
1012 358 1113 426 μὲν
1140 355 1346 427 ἀντίας,
1374 356 1568 413 ἄλλοτε
1594 360 1651 415 δὲ
1670 365 1916 429 πλαγίας,

245 439 363 495 τοτὲ
384 442 442 493 δὲ
459 437 677 502 ὑπτίας·
716 433 836 493 οἷον
854 437 989 492 ὅταν
1013 460 1092 502 τις
1110 436 1304 501 ὕπτιος
1323 438 1531 506 ἐρείσας
1551 439 1652 510 τήν
1671 443 1918 511 κεφαλὴν

244 523 344 591 μὲν
363 523 447 575 ε’πὶ
466 526 584 590 γῆς,
605 518 736 584 τοὺς
757 517 815 573 δὲ
843 517 1015 583 πόδας
1033 519 1149 574 ἄνω
1170 518 1504 591 προσβαλῶν
1523 524 1615 592 ἔχῃ
1632 521 1770 590 πρός
1793 544 1917 591 τινι,

243 600 364 655 τότε
385 603 443 655 έν
460 606 636 671 τούτῳ
655 605 730 673 τςό
753 599 924 654 πάθει
941 604 1045 654 τοῦ
1062 622 1120 655 τε
1150 600 1451 670 πάσχοντος
1480 604 1570 656 καὶ
1599 607 1711 657 τῶν
1740 600 1921 673 ὁρῶν-

246 702 357 735 των
374 680 440 734 τά
466 702 524 735 τε
545 678 693 745 δεξιοὶ
718 679 979 751 ἀριστερὰ
999 683 1088 735 καὶ
1116 678 1182 735 τοὶ
1204 679 1462 752 ἀριστερὰ
1485 680 1629 748 δεξιοὶ
1651 683 1922 753 ἑκατέροις

248 762 311 818 τὰ
347 763 617 835 ἑκατέρων
654 764 993 834 φαντάζεται.
1031 762 1238 819 ταύτὸν
1269 764 1334 835 δὴ
1367 771 1531 820 τοῦτο
1570 768 1661 819 καὶ
1695 773 1921 820 τοιαῦτα

250 845 406 912 ἕτερα
428 847 489 900 αἱ
503 848 798 915 περιφοραὶ
819 845 1127 914 πάσχουσαι
1159 848 1432 915 σφοδρῶς,
1465 843 1600 900 ὅταν
1629 849 1688 899 τέ
1713 867 1787 918 τω
1808 851 1922 900 τῶν

248 931 458 992 ἔξωθεν
491 930 594 982 τοῦ
617 924 825 981 ταύτοῦ
860 930 1057 996 γένους
1087 922 1124 996 ἢ
1159 933 1260 981 τοῦ
1292 928 1536 996 θατέρου
1574 928 1920 996 περιτύχωσι,

248 1009 370 1065 τότε
400 1007 607 1063 ταύτόν
634 1029 708 1081 τῳ
738 1009 827 1062 καὶ
859 1005 1103 1077 θάτερόν
1131 1028 1231 1061 του
1259 1005 1520 1084 τ’άναντία
1547 1014 1660 1062 τῶν
1687 1005 1920 1078 ἀληθῶν

249 1089 766 1162 προσαγορεύουσαι
791 1092 1011 1155 ψευδεῖς
1036 1090 1127 1143 καὶ
1155 1087 1384 1158 ἀνόητοι
1413 1088 1726 1158 γεγόνασιν,
1759 1087 1921 1143 οὐδε-

250 1178 346 1242 μία
375 1193 438 1226 >τε
478 1174 540 1227 ἐν
577 1171 767 1235 αὐταῖς
805 1169 927 1225 τότε
964 1172 1216 1240 περίοδος
1256 1169 1501 1240 ἄρχουσα
1540 1167 1661 1224 οὐδ’
1699 1168 1921 1240 ἡγεμών

251 1256 423 1308 ἐστιν·
466 1248 549 1316 αἷς
579 1250 632 1307 δ’
665 1248 735 1306 όὶν
770 1255 979 1316 ἔξωθεν
1016 1251 1298 1321 αἰσθήσεις
1327 1250 1468 1315 τινὲς
1505 1251 1804 1322 φερόμεναι
1832 1254 1922 1307 καὶ

253 1342 666 1407 προσπεσοῦσαι
697 1334 1208 1399 ξυνεπισπάσωνται
1237 1336 1327 1389 καὶ
1354 1335 1416 1388 τό
1449 1339 1545 1404 τῆς
1573 1339 1747 1403 ψυχῆς
1772 1332 1924 1389 ἅπαν

251 1416 432 1486 κύτος,
452 1413 580 1472 τόθ’
603 1409 765 1470 αὗται
785 1416 1154 1486 κρατούμεναι
1182 1427 1401 1485 κρατεῖν
1432 1419 1682 1470 δοκοῦσι·
1720 1417 1809 1471 καὶ
1835 1414 1925 1470 διὰ

254 1496 318 1568 δὴ
350 1502 523 1552 ταῦτα
552 1496 730 1551 πάντα
760 1494 826 1551 τοὶ
856 1496 1155 1567 παθήματα
1182 1503 1289 1551 νῦν
1318 1494 1438 1551 κατ’
1475 1494 1642 1565 ἀρχάς
1670 1517 1727 1550 τε
1756 1494 1924 1560 ἄνους

197 1596 226 1634 Β
253 1577 400 1649 ψυχὴ
420 1583 662 1649 γίγνεται
680 1577 741 1633 τὸ
764 1583 1003 1648 πρῶτον,
1030 1577 1166 1633 ὅταν
1186 1583 1260 1643 είς
1289 1583 1445 1648 σῶμα
1463 1581 1667 1651 ένδεθῇ
1694 1578 1922 1648 θνητόν.

254 1659 390 1715 ὅταν
415 1661 472 1714 δὲ
493 1660 553 1714 τὸ
574 1664 670 1730 τῆς
690 1658 855 1730 αὔξης
873 1662 963 1715 καὶ
981 1665 1188 1730 τροφῆς
1208 1663 1431 1715 ἔλαττον
1455 1662 1577 1731 ἐπίῃ
1598 1662 1789 1730 ῥεῦμα,
1817 1659 1924 1714 πά-

255 1750 341 1798 λιν
379 1744 437 1797 δὲ
475 1745 535 1796 αἱ
568 1745 815 1811 περίοδοι
851 1743 1266 1812 λαμβανόμεναι
1303 1742 1543 1812 γαλήνης
1574 1741 1675 1811 τὴν
1713 1741 1926 1796 ἑαυτῶν

254 1821 390 1879 ὁδὸν
417 1830 541 1878 ἴωσι
560 1826 650 1878 καὶ
670 1828 1046 1878 καθιστῶνται
1064 1830 1275 1893 μᾶλλον
1295 1823 1543 1887 ἐπιόντος
1571 1827 1671 1878 τοῦ
1700 1822 1923 1892 χρόνου,

254 1906 376 1960 τότε
395 1904 498 1975 ἤδη
519 1903 656 1974 πρὸς
674 1903 734 1960 τὸ
758 1904 896 1960 κατὰ
927 1907 1102 1975 φύσιν
1131 1906 1333 1961 ἰόντων
1358 1912 1532 1975 σχῆμα
1553 1903 1794 1959 ἑκάστων
1814 1908 1926 1957 τῶν

251 1987 475 2044 κύκλων
494 1990 554 2042 αἰ
572 1990 866 2058 περιφοραὶ
883 1989 1383 2058 κατευθυνόμεναι,
1415 1987 1478 2041 τό
1501 2007 1559 2040 τε
1578 1985 1819 2052 θάτερον
1837 1986 1926 2039 καὶ

252 2069 311 2124 τὸ
351 2065 560 2123 ταύτὸν
597 2069 1113 2138 προσαγορεύουσαι
1150 2067 1271 2124 κατ’
1313 2066 1511 2138 ὀρθόν,
1547 2070 1796 2136 ἔμφρονα
1827 2063 1926 2120 τὸν

253 2155 443 2219 ἔχοντα
481 2147 653 2213 αὐτὰς
690 2148 1022 2219 γιγνόμενον
1057 2147 1447 2204 ἀποτελοῦσιν·
1496 2144 1565 2201 ἂν
1594 2148 1695 2217 μὲν
1726 2139 1829 2201 οὖν
1860 2145 1925 2217 δὴ

253 2232 344 2284 καὶ
365 2230 906 2300 ξυνεπιλαμβάνηταί
927 2251 1008 2293 τις
1038 2228 1181 2300 ὀρθὴ
1211 2227 1388 2300 τροφὴ
1416 2228 1769 2297 παιδεύσεως,
1799 2226 1929 2282 ὁλό-

253 2318 453 2381 κληρος
472 2308 629 2381 ὑγιής
658 2331 716 2365 τε
745 2316 1043 2380 παντελῶς,
1074 2310 1177 2382 τὴν
1202 2316 1462 2381 μεγίστην
1492 2309 1800 2379 ἀποφυγών
1833 2308 1929 2363 νό-

252 2410 371 2463 σον,
393 2398 654 2463 γίγνεται,
676 2394 1055 2463 καταμελήσας
1076 2395 1151 2464 δέ,
1172 2392 1356 2463 χωλὴν
1375 2399 1474 2448 τοῦ
1495 2398 1622 2463 βίου
1643 2396 1927 2459 διαπορευ-

254 2476 374 2537 θεὶς
394 2474 554 2544 ζωήν,
576 2472 770 2544 άτελης
798 2477 891 2529 καὶ
918 2472 1150 2545 οἷνόητος
1181 2479 1255 2539 εἰς
1278 2473 1470 2528 “Ἁιδου
1507 2473 1675 2528 πάλιν
1705 2476 1926 2541 ἔρχεται.

255 2561 427 2610 ταῦτα
447 2557 547 2625 μὲν
577 2549 683 2610 οὖν
712 2555 918 2623 ὕστερά
957 2576 1087 2612 ποτε
1125 2561 1392 2626 γίγνεται·
1434 2558 1558 2624 περὶ
1590 2556 1649 2609 δὲ
1676 2558 1788 2608 τῶν
1820 2555 1929 2604 νῦν

256 2638 644 2709 προτεθέντων
666 2641 753 2692 δεῖ
776 2641 1019 2692 διελθεῖν
1050 2636 1455 2708 ἀκριβέστερον,
1487 2634 1553 2691 τοὶ
1585 2637 1643 2690 δὲ
1670 2631 1774 2699 πρὸ
1798 2630 1930 2685 τού-

257 2740 371 2773 των
417 2720 542 2787 περὶ
581 2718 851 2790 σωμάτων
897 2719 1033 2774 κατὰ
1076 2721 1213 2789 μέρη
1249 2724 1345 2788 τῆς
1382 2720 1645 2788 γενέσεως
1682 2715 1768 2768 καὶ
1807 2712 1930 2781 περὶ

260 2804 458 2868 ψυχῆς,
491 2797 564 2853 δι’
598 2799 663 2864 ἅς
693 2821 750 2854 τε
788 2803 961 2864 αἰτίας
989 2802 1079 2855 καὶ
1114 2805 1377 2871 προνοίας
1408 2802 1602 2868 γέγονε
1628 2799 1802 2863 θεῶν,
1823 2798 1931 2847 ’τοῦ
