1962 3236
71 0 102 18 :-
123 6 128 11 .

0 0 33 152 *7-

0 166 3 239 1
596 167 1072 216 ΠΟΛΙΤΕΙΑΣ
1102 159 1159 215 6‘.
1605 169 1704 222 111

2 308 281 359 ιτοιοῦτον
298 309 447 374 ποιῇ,
475 298 580 356 οὐκ
599 303 887 355 ἐπαινέσει.
924 298 963 370 ἦ
981 298 1051 355 οὐ
1082 304 1381 371 φαίνονταί
1394 317 1482 358 σοι
1500 303 1706 360 ταύτὸν

3 417 5 433 ι
25 383 354 454 ἐργάζεσθαι
373 382 590 447 τούτοις
607 389 721 437 τῶν
739 382 958 437 πόλεων
976 379 1103 437 ὅσαι
1133 389 1315 447 κακῶς
1344 385 1706 457 πολιτευόμε-

2 495 6 515 ι
23 488 118 521 ναι
138 463 583 535 προαγορεύουσι
602 473 713 526 τοῖς
732 467 976 527 πολίταις
993 460 1095 533 τὴν
1113 465 1214 532 μὲν
1243 464 1581 521 κατάστασιν
1611 474 1707 538 τῆς
1735 479 1764 520 C

0 546 236 611 μπόλεως
253 544 391 617 ὅλην
412 544 486 615 μὴ
506 554 697 611 κινεῖν,
727 539 800 607 ὥς
820 541 1338 614 ἀποθανουμένους,
1369 543 1431 612 ὂς
1450 542 1522 602 ἂν
1540 554 1705 603 τοῦτο

25 632 156 700 ὁρᾷι
196 624 256 692 ὃς
278 625 328 682 δ’
360 622 432 680 ἂν
461 630 609 694 σφᾶς
637 624 784 678 οὕτω
815 628 1274 695 πολιτευομένους
1303 625 1498 697 ἥδιστα
1529 636 1706 702 θερα-

25 710 167 781 πεύῃ
200 711 290 764 καὶ
332 711 608 778 χαρίζηται
644 703 966 775 ὑποτρέχων
1002 710 1092 761 καὶ
1137 710 1573 779 προγιγνώσκων
1609 712 1706 777 τὰς

24 794 293 861 σφετέρας
326 789 618 859 βουλήσεις
663 788 754 843 καὶ
788 786 990 851 ταύτας
1028 787 1211 853 δεινὸς
1248 786 1285 861 ᾖ
1322 788 1704 863 ἀποπληροῦν,

23 864 186 935 οὗτος
207 870 315 940 ἄρα
330 867 546 939 ἀγαθός
564 890 621 924 τε
642 873 790 924 ἔσται
811 865 955 939 ἀνὴρ
981 871 1072 924 καὶ
1091 869 1268 940 σοφὸς
1294 871 1361 926 τὰ
1386 872 1597 943 μεγάλα
1615 876 1705 930 καὶ

22 951 303 1023 τιμήσεται
324 948 433 1006 ὑπὸ
466 956 654 1020 σφῶν;
699 947 919 1004 Ταύτόν
950 948 1052 1020 μὲν
1080 945 1202 1022 οὖν,
1235 956 1358 1024 ἔφη,
1390 959 1573 1025 ἔμοιγε
1607 959 1706 1011 δο-

23 1041 187 1089 κοῦσι
211 1036 371 1106 δρᾷν,
394 1033 483 1087 καὶ
510 1029 632 1086 οὐδ’
664 1028 978 1087 ὁπωστιοῦν
996 1034 1217 1088 ἐπαινῶ.
1297 1041 1366 1090 Τι’
1386 1034 1442 1090 δ’
1471 1030 1544 1091 αὖ
1573 1035 1704 1101 τούς
1733 1039 1768 1079 D

22 1118 293 1179 θέλοντας
311 1112 651 1183 θεραπεύειν
668 1111 765 1177 τὰς
782 1112 1040 1178 τοιαύτας
1059 1115 1243 1180 πόλεις
1261 1118 1352 1172 καὶ
1371 1125 1707 1189 προθυμου-

21 1201 224 1269 μένους
242 1195 345 1250 οὐκ
364 1194 566 1263 ἄγασαι
585 1199 680 1265 τῆς
699 1191 958 1265 ἀνδρείας
976 1218 1033 1252 τε
1054 1199 1145 1251 καὶ
1155 1194 1456 1268 εὐχερείας;
1481 1199 1704 1272 ’Έγωγ’,

22 1284 148 1350 ἔφη,
167 1276 312 1348 πλήν
331 1275 387 1346 γ’
409 1273 531 1331 ὅσοι
553 1276 914 1347 ἐξηπάτηνται
934 1275 1037 1357 ὑπ’.
1061 1277 1250 1334 αὐτῶν
1279 1281 1370 1334 καὶ
1407 1289 1618 1337 οἴονται
1641 1290 1707 1356 τῇ

23 1359 258 1431 ἀληθείᾳ
289 1361 557 1414 πολιτικοὶ
587 1357 743 1429 εἶναι,
779 1357 864 1414 ὅτι
893 1363 1250 1415 ἐπαινοῦνται
1283 1359 1392 1416 ὑπὸ
1425 1369 1539 1418 τῶν
1568 1371 1708 1418 πολ-

23 1448 153 1498 λῶν.
209 1446 339 1505 Πῶς
357 1443 557 1510 λέγεις;
597 1440 671 1495 οὐ.
686 1441 1138 1513 συγγιγνώσκεις,
1156 1436 1228 1514 ἦν
1248 1441 1301 1499 δ’
1324 1445 1451 1515 ἐγώ,
1472 1457 1583 1509 τοῖς
1603 1443 1707 1501 ἆν-

22 1524 250 1593 δράσιν;
287 1519 323 1593 ἦ
343 1529 443 1577 οἴει
464 1517 583 1578 οἶόν
601 1521 651 1577 τ’
676 1522 815 1579 εἶναι
835 1521 996 1595 ἀνδρὶ
1015 1522 1088 1595 μὴ
1112 1527 1453 1598 ἐπισταμένῳ
1467 1539 1703 1598 μετρεῖν,

21 1607 225 1673 ἑτέρων
243 1603 514 1659 τοιούτων
532 1611 755 1660 πολλῶν
773 1606 1054 1675 λεγόντων
1073 1605 1159 1662 ὅτι
1178 1607 1519 1679 τετράπηχύς
1538 1612 1701 1678 ἐστιν,

22 1684 197 1741 αὐτὸν
211 1692 384 1741 ταῦτα
403 1684 477 1756 μὴ
493 1683 751 1757 ἡγεῖσθαι
770 1689 895 1756 περὶ
914 1685 1091 1743 αὑτοῦ
1101 1714 1116 1756 ;
1138 1686 1260 1744 Οὐκ
1281 1683 1372 1758 αὖ,
1394 1694 1516 1762 ἔφη,
1537 1692 1704 1747 τοῦτο’
1731 1700 1765 1741 Ε

21 1789 100 1839 γε.
133 1767 232 1838 Μὴ
253 1771 447 1822 τοίνυν
464 1771 777 1838 χαλέπαινε·
796 1772 887 1825 καὶ
907 1768 1015 1840 γάρ
1029 1772 1140 1826 πού
1163 1776 1265 1827 εἰσι
1278 1771 1507 1827 πάντων
1524 1777 1705 1844 χαριέ-

23 1867 211 1906 στατοι
231 1853 289 1904 οἱ
301 1856 562 1919 τοιοῦτοι,
584 1854 1023 1921 νομοθετοῦντές
1041 1874 1099 1907 τε
1130 1848 1217 1907 οἷα
1248 1852 1373 1924 ἄρτι
1402 1854 1707 1924 διήλθομεν

21 1935 113 1989 καὶ
137 1934 587 2001 ἐπανορθοῦντες
617 1929 702 1988 ἀεὶ
732 1932 983 2004 οἰόμενοί
1014 1956 1065 1989 τι
1094 1937 1263 2003 πέρας
1294 1931 1555 2006 εὑρήσειν
1582 1937 1709 2006 περὶ

0 2013 88 2070 στὰ
110 2016 171 2069 ἐν
189 2026 302 2078 τοῖς
321 2018 675 2085 ξυμβολαίοις
695 2014 1125 2086 κακουργήματα
1154 2018 1246 2071 καὶ
1277 2019 1401 2085 περὶ
1429 2014 1463 2072 ἃ
1493 2022 1603 2072 νῦν
1639 2014 1706 2088 δὴ

21 2095 130 2167 ἐγώ
149 2100 358 2166 ἔλεγον,
378 2093 714 2165 ἀγνοοῦντες
733 2095 819 2152 ὅτι
838 2104 918 2171 τῷ
939 2095 1061 2154 ὄντι
1082 2095 1267 2167 ὥσπερ
1280 2097 1461 2170 ὕδραν
1472 2102 1708 2170 τέμνου-

24 2193 132 2232 σιν.
169 2179 279 2232 Kal
315 2177 443 2248 μήν,
480 2181 605 2248 ἔφη,
645 2175 750 2233 ούκ
787 2177 922 2234 ἄλλο
951 2185 1009 2234 τί
1030 2200 1094 2249 γε
1127 2186 1401 2235 ποιοῦσιν.
1442 2178 1576 2250 Ἐγώ
1606 2180 1708 2250 μὲν
1735 2190 1822 2238 427

26 2264 238 2324 τοίνυν,
258 2251 331 2329 ἦν
350 2254 400 2314 δ’
423 2259 550 2329 ἐγώ,
568 2258 631 2315 τό
652 2267 910 2317 τοιοῦτον
931 2259 1075 2327 εἶδος
1103 2262 1296 2333 νόμων
1325 2264 1450 2332 πέρι
1481 2263 1573 2318 καὶ
1603 2281 1707 2316 πο-

25 2343 224 2404 λιτείας
240 2336 361 2393 οὔτ’
382 2340 444 2394 ἐν
462 2347 644 2406 κακῶς
655 2338 777 2396 οὔτ’
797 2344 859 2397 ἐν
880 2336 945 2397 εὖ
964 2346 1365 2414 πολιτευομένῃ
1375 2343 1534 2398 πόλει
1551 2340 1708 2417 ᾤμην

25 2416 99 2475 ἄν
119 2422 235 2475 δεῖν
256 2417 355 2473 τὸν
372 2417 649 2490 ἀληθινὸν
668 2427 982 2495 νομοθέτην
1011 2424 1520 2495 πραγματεύεσθαι,
1552 2426 1613 2478 ἐν
1641 2429 1710 2494 τῇ

25 2502 130 2572 μὲν
150 2499 235 2555 ὅτι
255 2498 517 2571 ἀνωφελῆ
535 2505 626 2557 καὶ
645 2506 813 2559 πλέον
831 2504 1016 2574 οὐδέν,
1038 2507 1099 2561 ἐν
1119 2506 1178 2562 δὲ
1190 2512 1274 2579 τῇ,
1291 2503 1376 2561 ὅτι
1393 2503 1459 2560 τοὶ
1479 2504 1580 2575 μὲν
1601 2502 1707 2558 αὐ-

0 2589 143 2660 (τῶν
176 2578 283 2636 κᾶν
309 2579 572 2638 ὁστισοῦν
600 2582 772 2652 εὕροι,
801 2585 867 2639 τά
901 2588 957 2642 δὲ
990 2585 1075 2641 ὅτι
1103 2586 1386 2657 αὐτόματα
1408 2591 1618 2641 ἔπεισιν
1645 2587 1704 2641 ἐκ

26 2670 140 2722 τῶν
159 2670 478 2735 ἔμπροσθεν
497 2666 956 2736 ἐπιτηδευμάτων.
1013 2673 1084 2723 Τί
1098 2661 1221 2737 οὖν,
1242 2673 1368 2738 ἔφη,
1388 2671 1465 2722 ἔτι
1484 2662 1557 2721 ἄν
1573 2663 1706 2739 ἡμῖν
1736 2689 1768 2729 B

26 2744 225 2804 λοιπὸν
252 2753 348 2816 τῆς
366 2753 701 2816 νομοθεσίας
731 2755 844 2819 εἴης
880 2750 971 2804 καὶ
996 2748 1102 2818 ἐγώ
1135 2747 1291 2804 εἶπον
1320 2747 1405 2803 ὅτι
1425 2743 1585 2818 Ἡμῖν
1608 2745 1710 2818 μὲν

79 2826 93 2844 ἱ

0 2838 10 2866 ’·
26 2831 213 2895 ουόέν,
234 2834 308 2902 τῷ
329 2831 516 2898 μέντοι
531 2827 834 2885 Ἀπόλλωνι
852 2837 931 2902 τῷ
949 2833 1012 2886 ἐν
1032 2837 1275 2900 Δελφοῖς
1300 2829 1368 2884 τα’
1398 2850 1456 2884 τε
1486 2830 1709 2899 μέγιστα

0 2870 11 3048 1¹

0 3085 22 3236 f

29 3103 52 3124 Α,

42 3138 58 3175 Y.

32 3197 54 3231 t
