<?xml version="1.0" encoding="UTF-8"?>
<!DOCTYPE html PUBLIC "-//W3C//DTD XHTML 1.0 Transitional//EN"
    "http://www.w3.org/TR/xhtml1/DTD/xhtml1-transitional.dtd">
<html xmlns="http://www.w3.org/1999/xhtml" xml:lang="en" lang="en">
 <head>
  <title>
</title>
<meta http-equiv="Content-Type" content="text/html;charset=utf-8" />
  <meta name='ocr-system' content='tesseract 3.04.00' />
  <meta name='ocr-capabilities' content='ocr_page ocr_carea ocr_par ocr_line ocrx_word'/>
</head>
<body>
  <div class='ocr_page' id='page_1' title='image "./dialogisecumdumt04platuoft_0115.png"; bbox 0 0 1962 3236; ppageno 0'>
   <div class='ocr_carea' id='block_1_1' title="bbox 0 0 1053 82">
    <p class='ocr_par' dir='ltr' id='par_1_1' title="bbox 0 0 1053 82">
     <span class='ocr_line' id='line_1_1' title="bbox 0 0 1053 52; baseline -0.008 -3"><span class='ocrx_word' id='word_1_1' title='bbox 0 0 954 52; x_wconf 37' lang='lat' dir='ltr'><strong><em>Wfflvssfflswffiffiffl&#39;</em></strong></span> <span class='ocrx_word' id='word_1_2' title='bbox 965 0 982 13; x_wconf 82' lang='lat'><strong><em>¹‘</em></strong></span> <span class='ocrx_word' id='word_1_3' title='bbox 997 0 1053 18; x_wconf 68' lang='lat'><strong><em>&#39;&#39;¹“</em></strong></span> 
     </span>
     <span class='ocr_line' id='line_1_2' title="bbox 54 42 966 82; baseline 0.001 -28"><span class='ocrx_word' id='word_1_4' title='bbox 54 46 100 82; x_wconf 37' lang='lat' dir='ltr'><strong><em>x*</em></strong></span> <span class='ocrx_word' id='word_1_5' title='bbox 173 43 322 69; x_wconf 21' lang='lat' dir='ltr'><strong><em>-*⁴A⁷</em></strong></span> <span class='ocrx_word' id='word_1_6' title='bbox 411 42 423 48; x_wconf 75' lang='grc'><em>·</em></span> <span class='ocrx_word' id='word_1_7' title='bbox 477 46 542 78; x_wconf 37' lang='grc' dir='ltr'><strong><em>ο-Ϊ-</em></strong></span> <span class='ocrx_word' id='word_1_8' title='bbox 605 43 615 50; x_wconf 58' lang='lat'><em>³</em></span> <span class='ocrx_word' id='word_1_9' title='bbox 734 47 794 57; x_wconf 87' lang='lat'><strong><em>.-.</em></strong></span> <span class='ocrx_word' id='word_1_10' title='bbox 918 43 966 54; x_wconf 62' lang='lat'><strong><em>.⁴</em></strong></span> 
     </span>
    </p>
   </div>
   <div class='ocr_carea' id='block_1_2' title="bbox 577 190 1695 262">
    <p class='ocr_par' dir='ltr' id='par_1_2' title="bbox 577 190 1695 262">
     <span class='ocr_line' id='line_1_3' title="bbox 577 190 1695 262; baseline 0.002 -15"><span class='ocrx_word' id='word_1_11' title='bbox 577 198 1058 247; x_wconf 76' lang='grc' dir='ltr'><em>ΠΟΛΙΤΕῙΑΣ</em></span> <span class='ocrx_word' id='word_1_12' title='bbox 1087 190 1147 262; x_wconf 68' lang='grc' dir='ltr'><strong><em>γ’.</em></strong></span> <span class='ocrx_word' id='word_1_13' title='bbox 1626 195 1695 249; x_wconf 84' lang='grc'><strong><em>79</em></strong></span> 
     </span>
    </p>
   </div>
   <div class='ocr_carea' id='block_1_3' title="bbox 13 327 1807 2923">
    <p class='ocr_par' dir='ltr' id='par_1_3' title="bbox 13 327 1807 2923">
     <span class='ocr_line' id='line_1_4' title="bbox 153 327 1692 402; baseline 0 -16"><span class='ocrx_word' id='word_1_14' title='bbox 153 335 234 386; x_wconf 70' lang='lat' dir='ltr'><strong><em>lx</em></strong></span> <span class='ocrx_word' id='word_1_15' title='bbox 313 328 543 387; x_wconf 73' lang='grc' dir='ltr'><strong><em>Οὐκοῦν</em></strong></span> <span class='ocrx_word' id='word_1_16' title='bbox 576 330 822 401; x_wconf 75' lang='grc' dir='ltr'><em>διηγήσει</em></span> <span class='ocrx_word' id='word_1_17' title='bbox 866 329 1126 402; x_wconf 80' lang='grc' dir='ltr'><strong><em>χρήσεται</em></strong></span> <span class='ocrx_word' id='word_1_18' title='bbox 1173 332 1262 401; x_wconf 76' lang='grc' dir='ltr'><strong><em>οἵᾳ</em></strong></span> <span class='ocrx_word' id='word_1_19' title='bbox 1303 327 1458 400; x_wconf 80' lang='grc' dir='ltr'><em>ἡμεῖς</em></span> <span class='ocrx_word' id='word_1_20' title='bbox 1502 328 1692 400; x_wconf 80' lang='grc' dir='ltr'><strong><em>ὀλίγον</em></strong></span> 
     </span>
     <span class='ocr_line' id='line_1_5' title="bbox 14 408 1692 484; baseline 0.001 -19"><span class='ocrx_word' id='word_1_21' title='bbox 14 412 288 483; x_wconf 85' lang='grc' dir='ltr'><strong><em>πρότερον</em></strong></span> <span class='ocrx_word' id='word_1_22' title='bbox 307 413 611 484; x_wconf 78' lang='grc' dir='ltr'><strong><em>διήλθομεν</em></strong></span> <span class='ocrx_word' id='word_1_23' title='bbox 630 413 757 481; x_wconf 79' lang='grc' dir='ltr'><strong><em>περὶ</em></strong></span> <span class='ocrx_word' id='word_1_24' title='bbox 782 408 851 466; x_wconf 83' lang='grc' dir='ltr'><strong><em>τά</em></strong></span> <span class='ocrx_word' id='word_1_25' title='bbox 868 416 971 466; x_wconf 87' lang='grc' dir='ltr'><strong><em>τοῦ</em></strong></span> <span class='ocrx_word' id='word_1_26' title='bbox 984 408 1224 483; x_wconf 85' lang='grc' dir='ltr'><strong><em>Ὁμήρου</em></strong></span> <span class='ocrx_word' id='word_1_27' title='bbox 1249 414 1380 482; x_wconf 81' lang='grc' dir='ltr'><strong><em>ἔπη,</em></strong></span> <span class='ocrx_word' id='word_1_28' title='bbox 1417 412 1509 466; x_wconf 87' lang='grc' dir='ltr'><strong><em>καὶ</em></strong></span> <span class='ocrx_word' id='word_1_29' title='bbox 1541 415 1692 467; x_wconf 83' lang='grc' dir='ltr'><strong><em>ἔσται</em></strong></span> 
     </span>
     <span class='ocr_line' id='line_1_6' title="bbox 13 490 1692 564; baseline 0.001 -17"><span class='ocrx_word' id='word_1_30' title='bbox 13 491 190 548; x_wconf 83' lang='grc' dir='ltr'><strong><em>αὐτοῦ</em></strong></span> <span class='ocrx_word' id='word_1_31' title='bbox 208 492 242 564; x_wconf 86' lang='grc' dir='ltr'><strong><em>ἡ</em></strong></span> <span class='ocrx_word' id='word_1_32' title='bbox 263 495 400 560; x_wconf 80' lang='grc' dir='ltr'><strong><em>λέξις</em></strong></span> <span class='ocrx_word' id='word_1_33' title='bbox 417 495 715 563; x_wconf 78' lang='grc' dir='ltr'><strong><em>μετέχουσα</em></strong></span> <span class='ocrx_word' id='word_1_34' title='bbox 733 492 835 561; x_wconf 75' lang='grc' dir='ltr'><strong><em>μὲν</em></strong></span> <span class='ocrx_word' id='word_1_35' title='bbox 854 490 1211 563; x_wconf 87' lang='grc' dir='ltr'><strong><em>ἀμφοτέρων,</em></strong></span> <span class='ocrx_word' id='word_1_36' title='bbox 1228 491 1504 563; x_wconf 83' lang='grc' dir='ltr'><strong><em>μιμήσεῶς</em></strong></span> <span class='ocrx_word' id='word_1_37' title='bbox 1521 513 1580 547; x_wconf 91' lang='grc' dir='ltr'><strong><em>τε</em></strong></span> <span class='ocrx_word' id='word_1_38' title='bbox 1598 494 1692 548; x_wconf 83' lang='grc' dir='ltr'><strong><em>καὶ</em></strong></span> 
     </span>
     <span class='ocr_line' id='line_1_7' title="bbox 14 571 1691 649; baseline 0 -21"><span class='ocrx_word' id='word_1_39' title='bbox 14 582 109 644; x_wconf 86' lang='grc' dir='ltr'><strong><em>τῆς</em></strong></span> <span class='ocrx_word' id='word_1_40' title='bbox 127 574 295 646; x_wconf 76' lang='grc' dir='ltr'><strong><em>ἄλλης</em></strong></span> <span class='ocrx_word' id='word_1_41' title='bbox 312 573 639 645; x_wconf 74' lang='grc' dir='ltr'><strong><em>διηγήσεως,</em></strong></span> <span class='ocrx_word' id='word_1_42' title='bbox 659 571 895 642; x_wconf 83' lang='grc' dir='ltr'><strong><em>σμικρὸν</em></strong></span> <span class='ocrx_word' id='word_1_43' title='bbox 915 575 980 630; x_wconf 90' lang='grc' dir='ltr'><strong><em>δέ</em></strong></span> <span class='ocrx_word' id='word_1_44' title='bbox 991 595 1044 629; x_wconf 89' lang='grc' dir='ltr'><strong><em>τι</em></strong></span> <span class='ocrx_word' id='word_1_45' title='bbox 1061 575 1226 645; x_wconf 80' lang='grc' dir='ltr'><strong><em>μέρος</em></strong></span> <span class='ocrx_word' id='word_1_46' title='bbox 1245 575 1308 630; x_wconf 85' lang='grc' dir='ltr'><strong><em>έν</em></strong></span> <span class='ocrx_word' id='word_1_47' title='bbox 1335 579 1526 647; x_wconf 73' lang='grc' dir='ltr'><strong><em>πολλῷ</em></strong></span> <span class='ocrx_word' id='word_1_48' title='bbox 1541 572 1691 649; x_wconf 73' lang='grc' dir='ltr'><strong><em>λόγῳ</em></strong></span> 
     </span>
     <span class='ocr_line' id='line_1_8' title="bbox 16 649 1692 726; baseline 0.001 -17"><span class='ocrx_word' id='word_1_49' title='bbox 16 663 111 725; x_wconf 84' lang='grc' dir='ltr'><strong><em>τῆς</em></strong></span> <span class='ocrx_word' id='word_1_50' title='bbox 140 655 440 726; x_wconf 89' lang='grc' dir='ltr'><strong><em>μιμήσεως·</em></strong></span> <span class='ocrx_word' id='word_1_51' title='bbox 479 649 517 724; x_wconf 83' lang='grc' dir='ltr'><strong><em>ἦ</em></strong></span> <span class='ocrx_word' id='word_1_52' title='bbox 551 651 721 709; x_wconf 78' lang='grc' dir='ltr'><strong><em>οὐδὲν</em></strong></span> <span class='ocrx_word' id='word_1_53' title='bbox 747 657 917 723; x_wconf 86' lang='grc' dir='ltr'><strong><em>λέγω;</em></strong></span> <span class='ocrx_word' id='word_1_54' title='bbox 948 657 1057 711; x_wconf 86' lang='grc' dir='ltr'><strong><em>Καὶ</em></strong></span> <span class='ocrx_word' id='word_1_55' title='bbox 1093 654 1265 726; x_wconf 83' lang='grc' dir='ltr'><strong><em>μάλα,</em></strong></span> <span class='ocrx_word' id='word_1_56' title='bbox 1302 658 1436 726; x_wconf 84' lang='grc' dir='ltr'><strong><em>ἔφη,</em></strong></span> <span class='ocrx_word' id='word_1_57' title='bbox 1475 649 1598 710; x_wconf 84' lang='grc' dir='ltr'><strong><em>οἷόν</em></strong></span> <span class='ocrx_word' id='word_1_58' title='bbox 1627 676 1692 725; x_wconf 86' lang='grc' dir='ltr'><strong><em>γε</em></strong></span> 
     </span>
     <span class='ocr_line' id='line_1_9' title="bbox 15 732 1691 807; baseline 0 -16"><span class='ocrx_word' id='word_1_59' title='bbox 15 735 233 806; x_wconf 91' lang='grc' dir='ltr'><strong><em>ἀνάγκη</em></strong></span> <span class='ocrx_word' id='word_1_60' title='bbox 252 734 352 791; x_wconf 84' lang='grc' dir='ltr'><strong><em>τὸν</em></strong></span> <span class='ocrx_word' id='word_1_61' title='bbox 372 735 551 790; x_wconf 84' lang='grc' dir='ltr'><strong><em>τύπον</em></strong></span> <span class='ocrx_word' id='word_1_62' title='bbox 569 732 710 790; x_wconf 85' lang='grc' dir='ltr'><strong><em>εἶναι</em></strong></span> <span class='ocrx_word' id='word_1_63' title='bbox 737 741 839 790; x_wconf 88' lang='grc' dir='ltr'><strong><em>τοῦ</em></strong></span> <span class='ocrx_word' id='word_1_64' title='bbox 858 737 1117 791; x_wconf 86' lang='grc' dir='ltr'><strong><em>τοιούτου</em></strong></span> <span class='ocrx_word' id='word_1_65' title='bbox 1134 736 1380 807; x_wconf 77' lang='grc' dir='ltr'><strong><em>ῥήτορος.</em></strong></span> <span class='ocrx_word' id='word_1_66' title='bbox 1444 733 1691 804; x_wconf 77' lang='grc' dir='ltr'><strong><em>Οὐκοῦν,</em></strong></span> 
     </span>
     <span class='ocr_line' id='line_1_10' title="bbox 14 808 1807 889; baseline 0 -18"><span class='ocrx_word' id='word_1_67' title='bbox 14 811 86 887; x_wconf 85' lang='grc' dir='ltr'><strong><em>ἦν</em></strong></span> <span class='ocrx_word' id='word_1_68' title='bbox 105 814 275 886; x_wconf 78' lang='grc' dir='ltr'><strong><em>δ’έγῶ</em></strong></span> <span class='ocrx_word' id='word_1_69' title='bbox 287 857 302 884; x_wconf 92' lang='grc'><strong><em>,</em></strong></span> <span class='ocrx_word' id='word_1_70' title='bbox 324 810 440 885; x_wconf 83' lang='grc' dir='ltr'><strong><em>ὁμὴ</em></strong></span> <span class='ocrx_word' id='word_1_71' title='bbox 464 820 712 879; x_wconf 84' lang='grc' dir='ltr'><strong><em>τοιοῦτος</em></strong></span> <span class='ocrx_word' id='word_1_72' title='bbox 729 808 830 885; x_wconf 83' lang='grc' dir='ltr'><strong><em>αὖ,</em></strong></span> <span class='ocrx_word' id='word_1_73' title='bbox 850 813 964 889; x_wconf 78' lang='grc' dir='ltr'><strong><em>ὅσω</em></strong></span> <span class='ocrx_word' id='word_1_74' title='bbox 986 810 1059 869; x_wconf 75' lang='grc' dir='ltr'><strong><em>ἀν</em></strong></span> <span class='ocrx_word' id='word_1_75' title='bbox 1076 815 1420 885; x_wconf 83' lang='grc' dir='ltr'><strong><em>φαυλότερος</em></strong></span> <span class='ocrx_word' id='word_1_76' title='bbox 1435 810 1490 888; x_wconf 80' lang='grc' dir='ltr'><strong><em>ᾖ,</em></strong></span> <span class='ocrx_word' id='word_1_77' title='bbox 1511 816 1693 871; x_wconf 82' lang='grc' dir='ltr'><strong><em>πάντα</em></strong></span> <span class='ocrx_word' id='word_1_78' title='bbox 1719 833 1807 880; x_wconf 82' lang='grc'><strong><em>397</em></strong></span> 
     </span>
     <span class='ocr_line' id='line_1_11' title="bbox 14 895 1694 970; baseline 0 -16"><span class='ocrx_word' id='word_1_79' title='bbox 14 920 71 954; x_wconf 88' lang='grc' dir='ltr'><strong><em>τε</em></strong></span> <span class='ocrx_word' id='word_1_80' title='bbox 90 903 303 969; x_wconf 82' lang='grc' dir='ltr'><strong><em>μᾶλλον</em></strong></span> <span class='ocrx_word' id='word_1_81' title='bbox 331 895 619 968; x_wconf 84' lang='grc' dir='ltr'><strong><em>μιμήσεται</em></strong></span> <span class='ocrx_word' id='word_1_82' title='bbox 650 899 741 953; x_wconf 82' lang='grc' dir='ltr'><strong><em>καὶ</em></strong></span> <span class='ocrx_word' id='word_1_83' title='bbox 774 895 942 954; x_wconf 75' lang='grc' dir='ltr'><strong><em>οὐδὲν</em></strong></span> <span class='ocrx_word' id='word_1_84' title='bbox 972 899 1175 954; x_wconf 81' lang='grc' dir='ltr'><strong><em>ἑαυτοῦ</em></strong></span> <span class='ocrx_word' id='word_1_85' title='bbox 1198 897 1428 964; x_wconf 84' lang='grc' dir='ltr'><strong><em>ἀνάξιον</em></strong></span> <span class='ocrx_word' id='word_1_86' title='bbox 1454 898 1694 970; x_wconf 82' lang='grc' dir='ltr'><strong><em>οἰήσεται</em></strong></span> 
     </span>
     <span class='ocr_line' id='line_1_12' title="bbox 16 977 1692 1051; baseline 0 -17"><span class='ocrx_word' id='word_1_87' title='bbox 16 978 184 1046; x_wconf 83' lang='grc' dir='ltr'><strong><em>εἶναι,</em></strong></span> <span class='ocrx_word' id='word_1_88' title='bbox 222 977 362 1033; x_wconf 82' lang='grc' dir='ltr'><strong><em>ῶστε</em></strong></span> <span class='ocrx_word' id='word_1_89' title='bbox 390 977 568 1033; x_wconf 82' lang='grc' dir='ltr'><strong><em>πάντα</em></strong></span> <span class='ocrx_word' id='word_1_90' title='bbox 596 978 920 1051; x_wconf 80' lang='grc' dir='ltr'><strong><em>ἐπιχειρήσει</em></strong></span> <span class='ocrx_word' id='word_1_91' title='bbox 947 986 1232 1050; x_wconf 81' lang='grc' dir='ltr'><strong><em>μιμεῖσθαι</em></strong></span> <span class='ocrx_word' id='word_1_92' title='bbox 1258 982 1476 1051; x_wconf 85' lang='grc' dir='ltr'><strong><em>σπουδῇ</em></strong></span> <span class='ocrx_word' id='word_1_93' title='bbox 1508 1000 1567 1035; x_wconf 87' lang='grc' dir='ltr'><strong><em>τε</em></strong></span> <span class='ocrx_word' id='word_1_94' title='bbox 1599 981 1692 1035; x_wconf 80' lang='grc' dir='ltr'><strong><em>καὶ</em></strong></span> 
     </span>
     <span class='ocr_line' id='line_1_13' title="bbox 15 1057 1693 1131; baseline 0 -16"><span class='ocrx_word' id='word_1_95' title='bbox 15 1063 268 1115; x_wconf 81' lang='grc' dir='ltr'><strong><em>ἐναντίον</em></strong></span> <span class='ocrx_word' id='word_1_96' title='bbox 287 1063 536 1127; x_wconf 88' lang='grc' dir='ltr'><strong><em>πολλῶν,</em></strong></span> <span class='ocrx_word' id='word_1_97' title='bbox 567 1061 659 1114; x_wconf 87' lang='grc' dir='ltr'><strong><em>καὶ</em></strong></span> <span class='ocrx_word' id='word_1_98' title='bbox 681 1057 717 1113; x_wconf 75' lang='grc' dir='ltr'><em>ἃ</em></span> <span class='ocrx_word' id='word_1_99' title='bbox 744 1065 854 1114; x_wconf 88' lang='grc' dir='ltr'><strong><em>νῦν</em></strong></span> <span class='ocrx_word' id='word_1_100' title='bbox 873 1057 939 1130; x_wconf 86' lang='grc' dir='ltr'><strong><em>δὴ</em></strong></span> <span class='ocrx_word' id='word_1_101' title='bbox 959 1061 1244 1131; x_wconf 83' lang='grc' dir='ltr'><strong><em>ἐλέγομεν,</em></strong></span> <span class='ocrx_word' id='word_1_102' title='bbox 1264 1059 1506 1131; x_wconf 86' lang='grc' dir='ltr'><strong><em>βροντάς</em></strong></span> <span class='ocrx_word' id='word_1_103' title='bbox 1521 1081 1579 1115; x_wconf 90' lang='grc' dir='ltr'><strong><em>τε</em></strong></span> <span class='ocrx_word' id='word_1_104' title='bbox 1599 1059 1693 1115; x_wconf 84' lang='grc' dir='ltr'><strong><em>καὶ</em></strong></span> 
     </span>
     <span class='ocr_line' id='line_1_14' title="bbox 17 1136 1694 1216; baseline -0.001 -21"><span class='ocrx_word' id='word_1_105' title='bbox 17 1141 238 1210; x_wconf 78' lang='grc' dir='ltr'><strong><em>ψόφους</em></strong></span> <span class='ocrx_word' id='word_1_106' title='bbox 257 1136 477 1209; x_wconf 86' lang='grc' dir='ltr'><strong><em>ἀνέμων</em></strong></span> <span class='ocrx_word' id='word_1_107' title='bbox 495 1160 552 1194; x_wconf 91' lang='grc' dir='ltr'><strong><em>τε</em></strong></span> <span class='ocrx_word' id='word_1_108' title='bbox 571 1141 663 1216; x_wconf 73' lang='grc' dir='ltr'><strong><em>καὶ</em></strong></span> <span class='ocrx_word' id='word_1_109' title='bbox 680 1144 928 1210; x_wconf 83' lang='grc' dir='ltr'><strong><em>χαλαζῶν</em></strong></span> <span class='ocrx_word' id='word_1_110' title='bbox 946 1141 1036 1196; x_wconf 85' lang='grc' dir='ltr'><strong><em>καὶ</em></strong></span> <span class='ocrx_word' id='word_1_111' title='bbox 1054 1138 1272 1206; x_wconf 80' lang='grc' dir='ltr'><strong><em>ἀξόνων</em></strong></span> <span class='ocrx_word' id='word_1_112' title='bbox 1290 1142 1382 1196; x_wconf 87' lang='grc' dir='ltr'><strong><em>καὶ</em></strong></span> <span class='ocrx_word' id='word_1_113' title='bbox 1400 1145 1694 1212; x_wconf 81' lang='grc' dir='ltr'><strong><em>τροχιλίων</em></strong></span> 
     </span>
     <span class='ocr_line' id='line_1_15' title="bbox 16 1217 1694 1291; baseline 0.001 -15"><span class='ocrx_word' id='word_1_114' title='bbox 16 1223 109 1277; x_wconf 80' lang='grc' dir='ltr'><strong><em>καὶ</em></strong></span> <span class='ocrx_word' id='word_1_115' title='bbox 127 1226 446 1289; x_wconf 76' lang='grc' dir='ltr'><strong><em>σαλπίγγων</em></strong></span> <span class='ocrx_word' id='word_1_116' title='bbox 473 1221 565 1275; x_wconf 80' lang='grc' dir='ltr'><strong><em>καὶ</em></strong></span> <span class='ocrx_word' id='word_1_117' title='bbox 593 1218 782 1276; x_wconf 79' lang='grc' dir='ltr'><strong><em>αὐλῶν</em></strong></span> <span class='ocrx_word' id='word_1_118' title='bbox 809 1223 899 1276; x_wconf 82' lang='grc' dir='ltr'><strong><em>καὶ</em></strong></span> <span class='ocrx_word' id='word_1_119' title='bbox 919 1227 1199 1291; x_wconf 85' lang='grc' dir='ltr'><strong><em>συρίγγων</em></strong></span> <span class='ocrx_word' id='word_1_120' title='bbox 1217 1223 1310 1277; x_wconf 87' lang='grc' dir='ltr'><strong><em>καὶ</em></strong></span> <span class='ocrx_word' id='word_1_121' title='bbox 1336 1221 1564 1277; x_wconf 83' lang='grc' dir='ltr'><strong><em>πάντων</em></strong></span> <span class='ocrx_word' id='word_1_122' title='bbox 1592 1217 1694 1291; x_wconf 89' lang='grc' dir='ltr'><strong><em>ὀρ·-</em></strong></span> 
     </span>
     <span class='ocr_line' id='line_1_16' title="bbox 16 1301 1692 1374; baseline -0.001 -17"><span class='ocrx_word' id='word_1_123' title='bbox 16 1302 205 1374; x_wconf 83' lang='grc' dir='ltr'><strong><em>γάνων</em></strong></span> <span class='ocrx_word' id='word_1_124' title='bbox 221 1301 438 1371; x_wconf 86' lang='grc' dir='ltr'><strong><em>φωνάς,</em></strong></span> <span class='ocrx_word' id='word_1_125' title='bbox 479 1303 570 1356; x_wconf 87' lang='grc' dir='ltr'><strong><em>καὶ</em></strong></span> <span class='ocrx_word' id='word_1_126' title='bbox 598 1306 677 1357; x_wconf 79' lang='grc' dir='ltr'><strong><em>ἔτι</em></strong></span> <span class='ocrx_word' id='word_1_127' title='bbox 703 1307 895 1357; x_wconf 89' lang='grc' dir='ltr'><strong><em>κυνῶν</em></strong></span> <span class='ocrx_word' id='word_1_128' title='bbox 923 1303 1012 1357; x_wconf 86' lang='grc' dir='ltr'><strong><em>καὶ</em></strong></span> <span class='ocrx_word' id='word_1_129' title='bbox 1040 1301 1338 1373; x_wconf 81' lang='grc' dir='ltr'><strong><em>προβάτων</em></strong></span> <span class='ocrx_word' id='word_1_130' title='bbox 1354 1304 1446 1358; x_wconf 86' lang='grc' dir='ltr'><strong><em>καὶ</em></strong></span> <span class='ocrx_word' id='word_1_131' title='bbox 1477 1301 1692 1374; x_wconf 83' lang='grc' dir='ltr'><strong><em>ὀρνέων</em></strong></span> 
     </span>
     <span class='ocr_line' id='line_1_17' title="bbox 19 1381 1756 1455; baseline -0.001 -16"><span class='ocrx_word' id='word_1_132' title='bbox 19 1384 328 1455; x_wconf 82' lang='grc' dir='ltr'><strong><em>φθόγγους·</em></strong></span> <span class='ocrx_word' id='word_1_133' title='bbox 367 1385 457 1438; x_wconf 82' lang='grc' dir='ltr'><strong><em>καὶ</em></strong></span> <span class='ocrx_word' id='word_1_134' title='bbox 478 1386 627 1438; x_wconf 83' lang='grc' dir='ltr'><strong><em>ἔσται</em></strong></span> <span class='ocrx_word' id='word_1_135' title='bbox 648 1383 715 1454; x_wconf 80' lang='grc' dir='ltr'><strong><em>δὴ</em></strong></span> <span class='ocrx_word' id='word_1_136' title='bbox 736 1381 769 1454; x_wconf 87' lang='grc' dir='ltr'><em>ἡ</em></span> <span class='ocrx_word' id='word_1_137' title='bbox 790 1383 992 1438; x_wconf 84' lang='grc' dir='ltr'><strong><em>τούτου</em></strong></span> <span class='ocrx_word' id='word_1_138' title='bbox 1020 1385 1158 1448; x_wconf 84' lang='grc' dir='ltr'><strong><em>λέξις</em></strong></span> <span class='ocrx_word' id='word_1_139' title='bbox 1184 1382 1370 1438; x_wconf 78' lang='grc' dir='ltr'><strong><em>ἅπασα</em></strong></span> <span class='ocrx_word' id='word_1_140' title='bbox 1404 1381 1495 1438; x_wconf 82' lang='grc' dir='ltr'><strong><em>διά</em></strong></span> <span class='ocrx_word' id='word_1_141' title='bbox 1524 1382 1694 1453; x_wconf 84' lang='grc' dir='ltr'><strong><em>μιμή-</em></strong></span> <span class='ocrx_word' id='word_1_142' title='bbox 1721 1394 1756 1437; x_wconf 93' lang='grc' dir='ltr'>Β</span> 
     </span>
     <span class='ocr_line' id='line_1_18' title="bbox 19 1462 1694 1536; baseline 0 -17"><span class='ocrx_word' id='word_1_143' title='bbox 19 1484 156 1528; x_wconf 88' lang='grc' dir='ltr'><strong><em>σεως</em></strong></span> <span class='ocrx_word' id='word_1_144' title='bbox 192 1475 402 1535; x_wconf 76' lang='grc' dir='ltr'><strong><em>φωναῖς</em></strong></span> <span class='ocrx_word' id='word_1_145' title='bbox 438 1486 496 1520; x_wconf 88' lang='grc' dir='ltr'><strong><em>τε</em></strong></span> <span class='ocrx_word' id='word_1_146' title='bbox 524 1466 615 1520; x_wconf 83' lang='grc' dir='ltr'><strong><em>καὶ</em></strong></span> <span class='ocrx_word' id='word_1_147' title='bbox 644 1464 940 1536; x_wconf 82' lang='grc' dir='ltr'><strong><em>σχήμασιν,</em></strong></span> <span class='ocrx_word' id='word_1_148' title='bbox 974 1462 1012 1535; x_wconf 80' lang='grc' dir='ltr'><strong><em>ἦ</em></strong></span> <span class='ocrx_word' id='word_1_149' title='bbox 1046 1464 1282 1536; x_wconf 88' lang='grc' dir='ltr'><strong><em>σμικρόν</em></strong></span> <span class='ocrx_word' id='word_1_150' title='bbox 1310 1486 1362 1520; x_wconf 90' lang='grc' dir='ltr'><strong><em>τι</em></strong></span> <span class='ocrx_word' id='word_1_151' title='bbox 1391 1464 1694 1536; x_wconf 78' lang='grc' dir='ltr'><strong><em>διηγήσεως</em></strong></span> 
     </span>
     <span class='ocr_line' id='line_1_19' title="bbox 20 1538 1691 1617; baseline 0 -17"><span class='ocrx_word' id='word_1_152' title='bbox 20 1550 246 1615; x_wconf 77' lang='grc' dir='ltr'><strong><em>ἔχουσα;</em></strong></span> <span class='ocrx_word' id='word_1_153' title='bbox 277 1543 511 1616; x_wconf 82' lang='grc' dir='ltr'><strong><em>Ἀνάγκη</em></strong></span> <span class='ocrx_word' id='word_1_154' title='bbox 525 1587 539 1615; x_wconf 91' lang='grc'><strong><em>,</em></strong></span> <span class='ocrx_word' id='word_1_155' title='bbox 561 1548 692 1617; x_wconf 81' lang='grc' dir='ltr'><strong><em>ἔφη,</em></strong></span> <span class='ocrx_word' id='word_1_156' title='bbox 714 1547 804 1602; x_wconf 85' lang='grc' dir='ltr'><strong><em>καὶ</em></strong></span> <span class='ocrx_word' id='word_1_157' title='bbox 825 1551 1006 1602; x_wconf 86' lang='grc' dir='ltr'><strong><em>τοῦτο.</em></strong></span> <span class='ocrx_word' id='word_1_158' title='bbox 1085 1550 1272 1601; x_wconf 88' lang='grc' dir='ltr'><strong><em>Ταῦτα</em></strong></span> <span class='ocrx_word' id='word_1_159' title='bbox 1291 1550 1512 1616; x_wconf 89' lang='grc' dir='ltr'><strong><em>τοίνυν,</em></strong></span> <span class='ocrx_word' id='word_1_160' title='bbox 1546 1538 1619 1616; x_wconf 86' lang='grc' dir='ltr'><strong><em>ἦν</em></strong></span> <span class='ocrx_word' id='word_1_161' title='bbox 1638 1545 1691 1600; x_wconf 86' lang='grc' dir='ltr'><strong><em>δ’</em></strong></span> 
     </span>
     <span class='ocr_line' id='line_1_20' title="bbox 20 1623 1692 1698; baseline 0.001 -17"><span class='ocrx_word' id='word_1_162' title='bbox 20 1625 128 1694; x_wconf 75' lang='grc' dir='ltr'><strong><em>ἐγώ</em></strong></span> <span class='ocrx_word' id='word_1_163' title='bbox 140 1667 156 1695; x_wconf 86' lang='grc'><strong><em>,</em></strong></span> <span class='ocrx_word' id='word_1_164' title='bbox 181 1629 372 1694; x_wconf 82' lang='grc' dir='ltr'><strong><em>ἔλεγον</em></strong></span> <span class='ocrx_word' id='word_1_165' title='bbox 387 1623 454 1680; x_wconf 87' lang='grc' dir='ltr'><strong><em>τά</em></strong></span> <span class='ocrx_word' id='word_1_166' title='bbox 475 1625 579 1681; x_wconf 82' lang='grc' dir='ltr'><strong><em>δύο</em></strong></span> <span class='ocrx_word' id='word_1_167' title='bbox 598 1629 714 1698; x_wconf 76' lang='grc' dir='ltr'><strong><em>εἴδη</em></strong></span> <span class='ocrx_word' id='word_1_168' title='bbox 732 1632 827 1697; x_wconf 85' lang='grc' dir='ltr'><strong><em>τῆς</em></strong></span> <span class='ocrx_word' id='word_1_169' title='bbox 848 1628 1054 1693; x_wconf 85' lang='grc' dir='ltr'><strong><em>λέξεως.</em></strong></span> <span class='ocrx_word' id='word_1_170' title='bbox 1118 1627 1228 1682; x_wconf 86' lang='grc' dir='ltr'><strong><em>Καὶ</em></strong></span> <span class='ocrx_word' id='word_1_171' title='bbox 1245 1624 1354 1697; x_wconf 77' lang='grc' dir='ltr'><strong><em>γὰρ</em></strong></span> <span class='ocrx_word' id='word_1_172' title='bbox 1373 1630 1548 1697; x_wconf 84' lang='grc' dir='ltr'><strong><em>ἔστιν,</em></strong></span> <span class='ocrx_word' id='word_1_173' title='bbox 1569 1630 1692 1697; x_wconf 85' lang='grc' dir='ltr'><strong><em>ἔφη.</em></strong></span> 
     </span>
     <span class='ocr_line' id='line_1_21' title="bbox 22 1705 1697 1781; baseline 0.001 -18"><span class='ocrx_word' id='word_1_174' title='bbox 22 1705 250 1764; x_wconf 75' lang='grc' dir='ltr'><strong><em>Οὐκοῦν</em></strong></span> <span class='ocrx_word' id='word_1_175' title='bbox 269 1705 460 1763; x_wconf 78' lang='grc' dir='ltr'><strong><em>αὐτοῖν</em></strong></span> <span class='ocrx_word' id='word_1_176' title='bbox 489 1705 549 1763; x_wconf 83' lang='grc' dir='ltr'><strong><em>τὸ</em></strong></span> <span class='ocrx_word' id='word_1_177' title='bbox 580 1708 684 1779; x_wconf 72' lang='grc' dir='ltr'><strong><em>μὲν</em></strong></span> <span class='ocrx_word' id='word_1_178' title='bbox 713 1707 947 1780; x_wconf 75' lang='grc' dir='ltr'><strong><em>σμικρὰς</em></strong></span> <span class='ocrx_word' id='word_1_179' title='bbox 974 1708 1070 1773; x_wconf 78' lang='grc' dir='ltr'><strong><em>τὰς</em></strong></span> <span class='ocrx_word' id='word_1_180' title='bbox 1096 1707 1405 1781; x_wconf 77' lang='grc' dir='ltr'><strong><em>μεταβολὰς</em></strong></span> <span class='ocrx_word' id='word_1_181' title='bbox 1433 1712 1565 1780; x_wconf 82' lang='grc' dir='ltr'><strong><em>ἔχει,</em></strong></span> <span class='ocrx_word' id='word_1_182' title='bbox 1605 1710 1697 1764; x_wconf 86' lang='grc' dir='ltr'><strong><em>καὶ</em></strong></span> 
     </span>
     <span class='ocr_line' id='line_1_22' title="bbox 21 1789 1694 1864; baseline -0.001 -18"><span class='ocrx_word' id='word_1_183' title='bbox 21 1792 122 1847; x_wconf 76' lang='grc' dir='ltr'><strong><em>ἐάν</em></strong></span> <span class='ocrx_word' id='word_1_184' title='bbox 140 1813 219 1856; x_wconf 85' lang='grc' dir='ltr'><strong><em>τις</em></strong></span> <span class='ocrx_word' id='word_1_185' title='bbox 237 1789 485 1864; x_wconf 76' lang='grc' dir='ltr'><strong><em>ἀποδιδῷ</em></strong></span> <span class='ocrx_word' id='word_1_186' title='bbox 494 1791 816 1861; x_wconf 86' lang='grc' dir='ltr'><strong><em>πρέπουσαν</em></strong></span> <span class='ocrx_word' id='word_1_187' title='bbox 835 1790 1106 1863; x_wconf 77' lang='grc' dir='ltr'><strong><em>ἁρμονίαν</em></strong></span> <span class='ocrx_word' id='word_1_188' title='bbox 1120 1794 1211 1846; x_wconf 84' lang='grc' dir='ltr'><strong><em>καὶ</em></strong></span> <span class='ocrx_word' id='word_1_189' title='bbox 1223 1789 1448 1862; x_wconf 77' lang='grc' dir='ltr'><strong><em>ῥυθμὸν</em></strong></span> <span class='ocrx_word' id='word_1_190' title='bbox 1457 1797 1523 1863; x_wconf 86' lang='grc' dir='ltr'><strong><em>τῇ</em></strong></span> <span class='ocrx_word' id='word_1_191' title='bbox 1539 1792 1694 1861; x_wconf 87' lang='grc' dir='ltr'><strong><em>λέξει,</em></strong></span> 
     </span>
     <span class='ocr_line' id='line_1_23' title="bbox 22 1869 1697 1944; baseline -0.001 -17"><span class='ocrx_word' id='word_1_192' title='bbox 22 1871 216 1941; x_wconf 87' lang='grc' dir='ltr'><strong><em>ὀλίγον</em></strong></span> <span class='ocrx_word' id='word_1_193' title='bbox 236 1870 374 1939; x_wconf 85' lang='grc' dir='ltr'><strong><em>πρὸς</em></strong></span> <span class='ocrx_word' id='word_1_194' title='bbox 392 1870 495 1941; x_wconf 86' lang='grc' dir='ltr'><strong><em>τὴν</em></strong></span> <span class='ocrx_word' id='word_1_195' title='bbox 514 1869 690 1942; x_wconf 82' lang='grc' dir='ltr'><strong><em>αὐτὴν</em></strong></span> <span class='ocrx_word' id='word_1_196' title='bbox 709 1877 952 1942; x_wconf 89' lang='grc' dir='ltr'><strong><em>γίγνεται</em></strong></span> <span class='ocrx_word' id='word_1_197' title='bbox 971 1876 1151 1942; x_wconf 86' lang='grc' dir='ltr'><strong><em>λέγειν</em></strong></span> <span class='ocrx_word' id='word_1_198' title='bbox 1179 1877 1256 1944; x_wconf 76' lang='grc' dir='ltr'><strong><em>τῷ</em></strong></span> <span class='ocrx_word' id='word_1_199' title='bbox 1276 1869 1462 1944; x_wconf 82' lang='grc' dir='ltr'><strong><em>ὀρθῶς</em></strong></span> <span class='ocrx_word' id='word_1_200' title='bbox 1479 1874 1697 1940; x_wconf 71' lang='grc' dir='ltr'><strong><em>λέγοντι</em></strong></span> 
     </span>
     <span class='ocr_line' id='line_1_24' title="bbox 21 1950 1769 2025; baseline 0.002 -18"><span class='ocrx_word' id='word_1_201' title='bbox 21 1955 110 2008; x_wconf 78' lang='grc' dir='ltr'><strong><em>καὶ</em></strong></span> <span class='ocrx_word' id='word_1_202' title='bbox 128 1955 190 2008; x_wconf 80' lang='grc' dir='ltr'><strong><em>ἐν</em></strong></span> <span class='ocrx_word' id='word_1_203' title='bbox 207 1959 307 2024; x_wconf 79' lang='grc' dir='ltr'><strong><em>μιᾷ</em></strong></span> <span class='ocrx_word' id='word_1_204' title='bbox 326 1950 563 2024; x_wconf 79' lang='grc' dir='ltr'><strong><em>ἁρμονίᾳ</em></strong></span> <span class='ocrx_word' id='word_1_205' title='bbox 579 1985 651 1996; x_wconf 91' lang='grc'>-</span> <span class='ocrx_word' id='word_1_206' title='bbox 670 1957 891 2024; x_wconf 87' lang='grc' dir='ltr'><strong><em>σμικραὶ</em></strong></span> <span class='ocrx_word' id='word_1_207' title='bbox 909 1954 1016 2025; x_wconf 78' lang='grc' dir='ltr'><strong><em>γὰρ</em></strong></span> <span class='ocrx_word' id='word_1_208' title='bbox 1036 1957 1096 2010; x_wconf 79' lang='grc' dir='ltr'><strong><em>αἱ</em></strong></span> <span class='ocrx_word' id='word_1_209' title='bbox 1112 1958 1415 2025; x_wconf 77' lang='grc' dir='ltr'><strong><em>μεταβολαί</em></strong></span> <span class='ocrx_word' id='word_1_210' title='bbox 1424 1987 1497 1998; x_wconf 91' lang='lat'>—</span> <span class='ocrx_word' id='word_1_211' title='bbox 1516 1955 1606 2010; x_wconf 81' lang='grc' dir='ltr'><strong><em>καὶ</em></strong></span> <span class='ocrx_word' id='word_1_212' title='bbox 1627 1951 1693 2024; x_wconf 87' lang='grc' dir='ltr'><strong><em>δὴ</em></strong></span> <span class='ocrx_word' id='word_1_213' title='bbox 1763 1989 1769 1998; x_wconf 90' lang='grc'><strong>-</strong></span> 
     </span>
     <span class='ocr_line' id='line_1_25' title="bbox 20 2028 1761 2109; baseline 0.002 -23"><span class='ocrx_word' id='word_1_214' title='bbox 20 2039 81 2091; x_wconf 71' lang='grc' dir='ltr'><strong><em>ἐν</em></strong></span> <span class='ocrx_word' id='word_1_215' title='bbox 99 2035 303 2105; x_wconf 69' lang='grc' dir='ltr'><strong><em>ῥυθμῷ</em></strong></span> <span class='ocrx_word' id='word_1_216' title='bbox 330 2030 592 2098; x_wconf 77' lang='grc' dir='ltr'><strong><em>ὡσαύτως</em></strong></span> <span class='ocrx_word' id='word_1_217' title='bbox 619 2041 978 2109; x_wconf 77' lang='grc' dir='ltr'><strong><em>παραπλησίω</em></strong></span> <span class='ocrx_word' id='word_1_218' title='bbox 1010 2042 1123 2091; x_wconf 89' lang='grc' dir='ltr'><strong><em>τινί</em></strong></span> <span class='ocrx_word' id='word_1_219' title='bbox 1130 2059 1142 2100; x_wconf 88' lang='grc'>;</span> <span class='ocrx_word' id='word_1_220' title='bbox 1179 2039 1397 2107; x_wconf 82' lang='grc' dir='ltr'><strong><em>Κομιδῇ</em></strong></span> <span class='ocrx_word' id='word_1_221' title='bbox 1432 2035 1534 2107; x_wconf 75' lang='grc' dir='ltr'><strong><em>μὲν</em></strong></span> <span class='ocrx_word' id='word_1_222' title='bbox 1570 2028 1693 2104; x_wconf 82' lang='grc' dir='ltr'><strong><em>οὖν,</em></strong></span> <span class='ocrx_word' id='word_1_223' title='bbox 1726 2052 1761 2096; x_wconf 81' lang='grc' dir='ltr'><strong><em>ο</em></strong></span> 
     </span>
     <span class='ocr_line' id='line_1_26' title="bbox 22 2112 1695 2186; baseline -0.001 -14"><span class='ocrx_word' id='word_1_224' title='bbox 22 2120 156 2186; x_wconf 80' lang='grc' dir='ltr'><strong><em>ἔφη,</em></strong></span> <span class='ocrx_word' id='word_1_225' title='bbox 182 2112 357 2179; x_wconf 79' lang='grc' dir='ltr'><strong><em>οὕτως</em></strong></span> <span class='ocrx_word' id='word_1_226' title='bbox 375 2117 494 2185; x_wconf 81' lang='grc' dir='ltr'><strong><em>ἔχει.</em></strong></span> <span class='ocrx_word' id='word_1_227' title='bbox 550 2120 620 2170; x_wconf 88' lang='grc' dir='ltr'><strong><em>Τί</em></strong></span> <span class='ocrx_word' id='word_1_228' title='bbox 634 2114 693 2171; x_wconf 75' lang='grc' dir='ltr'><strong><em>δὲ</em></strong></span> <span class='ocrx_word' id='word_1_229' title='bbox 715 2116 775 2171; x_wconf 84' lang='grc' dir='ltr'><strong><em>τὸ</em></strong></span> <span class='ocrx_word' id='word_1_230' title='bbox 795 2123 895 2171; x_wconf 89' lang='grc' dir='ltr'><strong><em>τοῦ</em></strong></span> <span class='ocrx_word' id='word_1_231' title='bbox 915 2118 1104 2186; x_wconf 83' lang='grc' dir='ltr'><strong><em>ἑτέρου</em></strong></span> <span class='ocrx_word' id='word_1_232' title='bbox 1124 2115 1292 2184; x_wconf 84' lang='grc' dir='ltr'><strong><em>εἷδος;</em></strong></span> <span class='ocrx_word' id='word_1_233' title='bbox 1314 2116 1383 2173; x_wconf 80' lang='grc' dir='ltr'><strong><em>οὐ</em></strong></span> <span class='ocrx_word' id='word_1_234' title='bbox 1399 2122 1512 2173; x_wconf 88' lang='grc' dir='ltr'><strong><em>τῶν</em></strong></span> <span class='ocrx_word' id='word_1_235' title='bbox 1531 2119 1695 2173; x_wconf 80' lang='grc' dir='ltr'><strong><em>ἐναν-</em></strong></span> 
     </span>
     <span class='ocr_line' id='line_1_27' title="bbox 20 2195 1695 2271; baseline 0.001 -20"><span class='ocrx_word' id='word_1_236' title='bbox 20 2202 152 2251; x_wconf 84' lang='grc' dir='ltr'><strong><em>τίων</em></strong></span> <span class='ocrx_word' id='word_1_237' title='bbox 172 2198 367 2265; x_wconf 81' lang='grc' dir='ltr'><strong><em>δετται,</em></strong></span> <span class='ocrx_word' id='word_1_238' title='bbox 399 2201 595 2251; x_wconf 90' lang='grc' dir='ltr'><strong><em>πασῶν</em></strong></span> <span class='ocrx_word' id='word_1_239' title='bbox 620 2197 722 2267; x_wconf 76' lang='grc' dir='ltr'><strong><em>μὲν</em></strong></span> <span class='ocrx_word' id='word_1_240' title='bbox 740 2195 1051 2269; x_wconf 76' lang='grc' dir='ltr'><strong><em>ἁρμονιῶν,</em></strong></span> <span class='ocrx_word' id='word_1_241' title='bbox 1092 2198 1319 2253; x_wconf 88' lang='grc' dir='ltr'><strong><em>πάντων</em></strong></span> <span class='ocrx_word' id='word_1_242' title='bbox 1347 2198 1407 2254; x_wconf 76' lang='grc' dir='ltr'><strong><em>δὲ</em></strong></span> <span class='ocrx_word' id='word_1_243' title='bbox 1438 2200 1695 2271; x_wconf 75' lang='grc' dir='ltr'><strong><em>ῥυθμῶν,</em></strong></span> 
     </span>
     <span class='ocr_line' id='line_1_28' title="bbox 24 2270 1698 2351; baseline 0.001 -21"><span class='ocrx_word' id='word_1_244' title='bbox 24 2280 74 2331; x_wconf 84' lang='grc' dir='ltr'><strong><em>εί</em></strong></span> <span class='ocrx_word' id='word_1_245' title='bbox 89 2278 270 2346; x_wconf 84' lang='grc' dir='ltr'><strong><em>μέλλει</em></strong></span> <span class='ocrx_word' id='word_1_246' title='bbox 289 2270 362 2330; x_wconf 83' lang='grc' dir='ltr'><strong><em>αὖ</em></strong></span> <span class='ocrx_word' id='word_1_247' title='bbox 381 2280 592 2342; x_wconf 77' lang='grc' dir='ltr'><strong><em>οἰκείως</em></strong></span> <span class='ocrx_word' id='word_1_248' title='bbox 611 2280 896 2349; x_wconf 83' lang='grc' dir='ltr'><strong><em>λέγεσθαι,</em></strong></span> <span class='ocrx_word' id='word_1_249' title='bbox 919 2277 1007 2342; x_wconf 77' lang='grc' dir='ltr'><strong><em>διὰ</em></strong></span> <span class='ocrx_word' id='word_1_250' title='bbox 1025 2277 1087 2334; x_wconf 82' lang='grc' dir='ltr'><strong><em>τὸ</em></strong></span> <span class='ocrx_word' id='word_1_251' title='bbox 1101 2278 1458 2344; x_wconf 76' lang='grc' dir='ltr'><strong><em>παντοδαπὰς</em></strong></span> <span class='ocrx_word' id='word_1_252' title='bbox 1475 2277 1698 2351; x_wconf 81' lang='grc' dir='ltr'><strong><em>μορφὰς</em></strong></span> 
     </span>
     <span class='ocr_line' id='line_1_29' title="bbox 23 2354 1693 2431; baseline 0.003 -22"><span class='ocrx_word' id='word_1_253' title='bbox 23 2362 135 2410; x_wconf 88' lang='grc' dir='ltr'><strong><em>τῶν</em></strong></span> <span class='ocrx_word' id='word_1_254' title='bbox 154 2361 472 2426; x_wconf 80' lang='grc' dir='ltr'><strong><em>μεταβολῶν</em></strong></span> <span class='ocrx_word' id='word_1_255' title='bbox 500 2361 666 2428; x_wconf 67' lang='grc' dir='ltr'><strong><em>ἔχεινς</em></strong></span> <span class='ocrx_word' id='word_1_256' title='bbox 704 2361 812 2416; x_wconf 84' lang='grc' dir='ltr'><strong><em>Καὶ</em></strong></span> <span class='ocrx_word' id='word_1_257' title='bbox 842 2359 1062 2431; x_wconf 87' lang='grc' dir='ltr'><strong><em>σφόδρα</em></strong></span> <span class='ocrx_word' id='word_1_258' title='bbox 1088 2382 1152 2431; x_wconf 91' lang='grc' dir='ltr'><strong><em>γε</em></strong></span> <span class='ocrx_word' id='word_1_259' title='bbox 1181 2359 1359 2426; x_wconf 79' lang='grc' dir='ltr'><strong><em>οὕτως</em></strong></span> <span class='ocrx_word' id='word_1_260' title='bbox 1387 2363 1509 2431; x_wconf 82' lang='grc' dir='ltr'><strong><em>ἔχει.</em></strong></span> <span class='ocrx_word' id='word_1_261' title='bbox 1574 2354 1693 2430; x_wconf 71' lang='grc' dir='ltr'><strong><em>Ἆρ’</em></strong></span> 
     </span>
     <span class='ocr_line' id='line_1_30' title="bbox 26 2430 1699 2515; baseline 0.002 -23"><span class='ocrx_word' id='word_1_262' title='bbox 26 2430 133 2492; x_wconf 84' lang='grc' dir='ltr'><strong><em>οὖν</em></strong></span> <span class='ocrx_word' id='word_1_263' title='bbox 152 2436 350 2501; x_wconf 86' lang='grc' dir='ltr'><strong><em>πάντες</em></strong></span> <span class='ocrx_word' id='word_1_264' title='bbox 377 2440 432 2493; x_wconf 72' lang='lat' dir='ltr'><strong><em>ol</em></strong></span> <span class='ocrx_word' id='word_1_265' title='bbox 451 2442 665 2511; x_wconf 81' lang='grc' dir='ltr'><strong><em>ποιηταὶ</em></strong></span> <span class='ocrx_word' id='word_1_266' title='bbox 694 2441 784 2496; x_wconf 83' lang='grc' dir='ltr'><strong><em>καὶ</em></strong></span> <span class='ocrx_word' id='word_1_267' title='bbox 806 2444 861 2496; x_wconf 81' lang='grc' dir='ltr'><strong><em>οἵ</em></strong></span> <span class='ocrx_word' id='word_1_268' title='bbox 873 2464 924 2496; x_wconf 87' lang='grc' dir='ltr'><strong><em>τι</em></strong></span> <span class='ocrx_word' id='word_1_269' title='bbox 943 2445 1193 2512; x_wconf 88' lang='grc' dir='ltr'><strong><em>λέγοντες</em></strong></span> <span class='ocrx_word' id='word_1_270' title='bbox 1214 2437 1247 2513; x_wconf 77' lang='grc' dir='ltr'><strong><em>ἦ</em></strong></span> <span class='ocrx_word' id='word_1_271' title='bbox 1265 2448 1343 2515; x_wconf 75' lang='grc' dir='ltr'><strong><em>τῷ</em></strong></span> <span class='ocrx_word' id='word_1_272' title='bbox 1371 2442 1535 2515; x_wconf 77' lang='grc' dir='ltr'><strong><em>ἑτέρῳ</em></strong></span> <span class='ocrx_word' id='word_1_273' title='bbox 1565 2442 1699 2496; x_wconf 87' lang='grc' dir='ltr'><strong><em>τού-</em></strong></span> 
     </span>
     <span class='ocr_line' id='line_1_31' title="bbox 26 2518 1697 2597; baseline 0.002 -24"><span class='ocrx_word' id='word_1_274' title='bbox 26 2539 138 2573; x_wconf 85' lang='grc' dir='ltr'><strong><em>των</em></strong></span> <span class='ocrx_word' id='word_1_275' title='bbox 173 2519 596 2588; x_wconf 74' lang='grc' dir='ltr'><strong><em>ἐπιτυγχάνουσι</em></strong></span> <span class='ocrx_word' id='word_1_276' title='bbox 630 2521 784 2596; x_wconf 79' lang='grc' dir='ltr'><strong><em>τύπςο</em></strong></span> <span class='ocrx_word' id='word_1_277' title='bbox 819 2528 915 2594; x_wconf 87' lang='grc' dir='ltr'><strong><em>τῆς</em></strong></span> <span class='ocrx_word' id='word_1_278' title='bbox 949 2525 1140 2590; x_wconf 84' lang='grc' dir='ltr'><strong><em>λέξεως</em></strong></span> <span class='ocrx_word' id='word_1_279' title='bbox 1180 2519 1218 2595; x_wconf 81' lang='grc' dir='ltr'><strong><em>ἦ</em></strong></span> <span class='ocrx_word' id='word_1_280' title='bbox 1261 2530 1338 2597; x_wconf 78' lang='grc' dir='ltr'><strong><em>τῶ</em></strong></span> <span class='ocrx_word' id='word_1_281' title='bbox 1378 2523 1541 2597; x_wconf 77' lang='grc' dir='ltr'><strong><em>ἑτέρῳ</em></strong></span> <span class='ocrx_word' id='word_1_282' title='bbox 1569 2518 1606 2593; x_wconf 76' lang='grc' dir='ltr'><strong><em>ἦ</em></strong></span> <span class='ocrx_word' id='word_1_283' title='bbox 1643 2525 1697 2588; x_wconf 80' lang='grc' dir='ltr'><strong><em>ἐξ</em></strong></span> 
     </span>
     <span class='ocr_line' id='line_1_32' title="bbox 26 2597 1762 2676; baseline 0.005 -24"><span class='ocrx_word' id='word_1_284' title='bbox 26 2598 354 2669; x_wconf 77' lang='grc' dir='ltr'><strong><em>ἀμφοτέρων</em></strong></span> <span class='ocrx_word' id='word_1_285' title='bbox 372 2602 477 2656; x_wconf 82' lang='grc' dir='ltr'><strong><em>τινὶ</em></strong></span> <span class='ocrx_word' id='word_1_286' title='bbox 495 2604 990 2673; x_wconf 70' lang='grc' dir='ltr'><strong><em>ξυγκεραννύντεςς</em></strong></span> <span class='ocrx_word' id='word_1_287' title='bbox 1018 2602 1285 2676; x_wconf 83' lang='grc' dir='ltr'><strong><em>Ἀνάγκη,</em></strong></span> <span class='ocrx_word' id='word_1_288' title='bbox 1308 2610 1429 2675; x_wconf 79' lang='grc' dir='ltr'><strong><em>ἔφη.</em></strong></span> <span class='ocrx_word' id='word_1_289' title='bbox 1502 2609 1572 2660; x_wconf 88' lang='grc' dir='ltr'><strong><em>Τί</em></strong></span> <span class='ocrx_word' id='word_1_290' title='bbox 1588 2597 1694 2660; x_wconf 82' lang='grc' dir='ltr'><strong><em>οὖν</em></strong></span> <span class='ocrx_word' id='word_1_291' title='bbox 1722 2612 1762 2654; x_wconf 88' lang='lat' dir='ltr'>D</span> 
     </span>
     <span class='ocr_line' id='line_1_33' title="bbox 25 2675 1699 2757; baseline 0.005 -24"><span class='ocrx_word' id='word_1_292' title='bbox 25 2680 353 2750; x_wconf 81' lang='grc' dir='ltr'><strong><em>ποιήσομεν;</em></strong></span> <span class='ocrx_word' id='word_1_293' title='bbox 374 2675 445 2751; x_wconf 84' lang='grc' dir='ltr'><strong><em>ἦν</em></strong></span> <span class='ocrx_word' id='word_1_294' title='bbox 465 2678 517 2735; x_wconf 89' lang='grc' dir='ltr'><strong><em>δ’</em></strong></span> <span class='ocrx_word' id='word_1_295' title='bbox 538 2682 671 2751; x_wconf 73' lang='grc' dir='ltr'><strong><em>ἐγώ·</em></strong></span> <span class='ocrx_word' id='word_1_296' title='bbox 693 2684 928 2753; x_wconf 88' lang='grc' dir='ltr'><strong><em>πότερον</em></strong></span> <span class='ocrx_word' id='word_1_297' title='bbox 948 2689 1023 2749; x_wconf 83' lang='grc' dir='ltr'><strong><em>εἰς</em></strong></span> <span class='ocrx_word' id='word_1_298' title='bbox 1041 2684 1143 2757; x_wconf 83' lang='grc' dir='ltr'><strong><em>τὴν</em></strong></span> <span class='ocrx_word' id='word_1_299' title='bbox 1160 2685 1323 2741; x_wconf 89' lang='grc' dir='ltr'><strong><em>πόλιν</em></strong></span> <span class='ocrx_word' id='word_1_300' title='bbox 1336 2684 1546 2751; x_wconf 85' lang='grc' dir='ltr'><strong><em>πάντας</em></strong></span> <span class='ocrx_word' id='word_1_301' title='bbox 1564 2684 1699 2741; x_wconf 75' lang='grc' dir='ltr'><strong><em>τού·-</em></strong></span> 
     </span>
     <span class='ocr_line' id='line_1_34' title="bbox 23 2761 1699 2839; baseline 0.002 -20"><span class='ocrx_word' id='word_1_302' title='bbox 23 2782 153 2827; x_wconf 80' lang='grc' dir='ltr'><strong><em>τους</em></strong></span> <span class='ocrx_word' id='word_1_303' title='bbox 189 2763 614 2833; x_wconf 78' lang='grc' dir='ltr'><strong><em>παραδεξόμεθα</em></strong></span> <span class='ocrx_word' id='word_1_304' title='bbox 647 2761 684 2836; x_wconf 82' lang='grc' dir='ltr'><strong><em>ἦ</em></strong></span> <span class='ocrx_word' id='word_1_305' title='bbox 722 2771 834 2821; x_wconf 88' lang='grc' dir='ltr'><strong><em>τῶν</em></strong></span> <span class='ocrx_word' id='word_1_306' title='bbox 868 2764 1125 2835; x_wconf 81' lang='grc' dir='ltr'><strong><em>ἀκράτων</em></strong></span> <span class='ocrx_word' id='word_1_307' title='bbox 1169 2765 1268 2822; x_wconf 81' lang='grc' dir='ltr'><strong><em>τὸν</em></strong></span> <span class='ocrx_word' id='word_1_308' title='bbox 1302 2767 1491 2838; x_wconf 77' lang='grc' dir='ltr'><strong><em>ἕτερον</em></strong></span> <span class='ocrx_word' id='word_1_309' title='bbox 1526 2763 1563 2839; x_wconf 79' lang='grc' dir='ltr'><strong><em>ἦ</em></strong></span> <span class='ocrx_word' id='word_1_310' title='bbox 1598 2765 1699 2823; x_wconf 84' lang='grc' dir='ltr'><strong><em>τὸν</em></strong></span> 
     </span>
     <span class='ocr_line' id='line_1_35' title="bbox 24 2843 1699 2923; baseline 0.003 -24"><span class='ocrx_word' id='word_1_311' title='bbox 24 2847 392 2915; x_wconf 69' lang='grc' dir='ltr'><strong><em>κεκραμένους</em></strong></span> <span class='ocrx_word' id='word_1_312' title='bbox 425 2843 552 2900; x_wconf 76' lang='grc' dir='ltr'><strong><em>Ἐάν</em></strong></span> <span class='ocrx_word' id='word_1_313' title='bbox 581 2845 614 2917; x_wconf 81' lang='grc' dir='ltr'>ἡ</span> <span class='ocrx_word' id='word_1_314' title='bbox 642 2849 766 2918; x_wconf 77' lang='grc' dir='ltr'><strong><em>ἐμή,</em></strong></span> <span class='ocrx_word' id='word_1_315' title='bbox 805 2853 938 2919; x_wconf 82' lang='grc' dir='ltr'><strong><em>ἔφη,</em></strong></span> <span class='ocrx_word' id='word_1_316' title='bbox 977 2856 1131 2923; x_wconf 77' lang='grc' dir='ltr'><strong><em>νικᾷ,</em></strong></span> <span class='ocrx_word' id='word_1_317' title='bbox 1170 2847 1268 2906; x_wconf 85' lang='grc' dir='ltr'><strong><em>τὸν</em></strong></span> <span class='ocrx_word' id='word_1_318' title='bbox 1297 2855 1398 2906; x_wconf 84' lang='grc' dir='ltr'><strong><em>τοῦ</em></strong></span> <span class='ocrx_word' id='word_1_319' title='bbox 1426 2851 1699 2915; x_wconf 79' lang='grc' dir='ltr'><strong><em>ἐπιεικοῦς</em></strong></span> 
     </span>
    </p>
   </div>
  </div>
 </body>
</html>
