<?xml version="1.0" encoding="UTF-8"?>
<!DOCTYPE html PUBLIC "-//W3C//DTD XHTML 1.0 Transitional//EN"
    "http://www.w3.org/TR/xhtml1/DTD/xhtml1-transitional.dtd">
<html xmlns="http://www.w3.org/1999/xhtml" xml:lang="en" lang="en">
 <head>
  <title>
</title>
<meta http-equiv="Content-Type" content="text/html;charset=utf-8" />
  <meta name='ocr-system' content='tesseract 3.04.00' />
  <meta name='ocr-capabilities' content='ocr_page ocr_carea ocr_par ocr_line ocrx_word'/>
</head>
<body>
  <div class='ocr_page' id='page_1' title='image "./dialogisecumdumt04platuoft_0300.png"; bbox 0 0 1962 3236; ppageno 0'>
   <div class='ocr_carea' id='block_1_1' title="bbox 241 159 1342 214">
    <p class='ocr_par' dir='ltr' id='par_1_1' title="bbox 241 159 1342 214">
     <span class='ocr_line' id='line_1_1' title="bbox 241 159 1342 214; baseline 0.004 -4"><span class='ocrx_word' id='word_1_1' title='bbox 241 159 348 210; x_wconf 78' lang='lat'><strong><em>264</em></strong></span> <span class='ocrx_word' id='word_1_2' title='bbox 857 164 1342 214; x_wconf 78' lang='grc' dir='ltr'><em>ΠΛΑΤΩΝΟΣ</em></span> 
     </span>
    </p>
   </div>
   <div class='ocr_carea' id='block_1_2' title="bbox 122 292 1919 2881">
    <p class='ocr_par' dir='ltr' id='par_1_2' title="bbox 242 292 1917 447">
     <span class='ocr_line' id='line_1_2' title="bbox 242 292 1917 366; baseline 0.007 -18"><span class='ocrx_word' id='word_1_3' title='bbox 242 293 343 349; x_wconf 83' lang='grc' dir='ltr'><strong><em>τὸν</em></strong></span> <span class='ocrx_word' id='word_1_4' title='bbox 361 292 546 349; x_wconf 79' lang='grc' dir='ltr'><strong><em>ὕπνον</em></strong></span> <span class='ocrx_word' id='word_1_5' title='bbox 564 302 619 365; x_wconf 77' lang='grc' dir='ltr'><strong><em>ἴῃ</em></strong></span> <span class='ocrx_word' id='word_1_6' title='bbox 638 292 698 348; x_wconf 84' lang='grc' dir='ltr'><strong><em>τὸ</em></strong></span> <span class='ocrx_word' id='word_1_7' title='bbox 720 295 1032 362; x_wconf 85' lang='grc' dir='ltr'><strong><em>λογιστικὸν</em></strong></span> <span class='ocrx_word' id='word_1_8' title='bbox 1051 294 1152 364; x_wconf 72' lang='grc' dir='ltr'><strong><em>μὲν</em></strong></span> <span class='ocrx_word' id='word_1_9' title='bbox 1171 297 1380 366; x_wconf 77' lang='grc' dir='ltr'><strong><em>ἐγείρας</em></strong></span> <span class='ocrx_word' id='word_1_10' title='bbox 1401 300 1599 353; x_wconf 81' lang='grc' dir='ltr'><strong><em>ἑαυτοῦ</em></strong></span> <span class='ocrx_word' id='word_1_11' title='bbox 1619 303 1710 356; x_wconf 86' lang='grc' dir='ltr'><strong><em>καὶ</em></strong></span> <span class='ocrx_word' id='word_1_12' title='bbox 1738 303 1917 359; x_wconf 85' lang='grc' dir='ltr'><strong><em>ἑστιά-</em></strong></span> 
     </span>
     <span class='ocr_line' id='line_1_3' title="bbox 245 376 1906 447; baseline 0.005 -17"><span class='ocrx_word' id='word_1_13' title='bbox 245 392 344 440; x_wconf 92' lang='grc' dir='ltr'><strong><em>σας</em></strong></span> <span class='ocrx_word' id='word_1_14' title='bbox 382 376 565 444; x_wconf 89' lang='grc' dir='ltr'><strong><em>λόγων</em></strong></span> <span class='ocrx_word' id='word_1_15' title='bbox 593 380 779 429; x_wconf 73' lang='grc' dir='ltr'><strong><em>καλῶν</em></strong></span> <span class='ocrx_word' id='word_1_16' title='bbox 808 378 898 429; x_wconf 85' lang='grc' dir='ltr'><strong><em>καὶ</em></strong></span> <span class='ocrx_word' id='word_1_17' title='bbox 933 378 1198 446; x_wconf 81' lang='grc' dir='ltr'><strong><em>σκέψεων,</em></strong></span> <span class='ocrx_word' id='word_1_18' title='bbox 1219 382 1294 441; x_wconf 80' lang='grc' dir='ltr'><strong><em>εἰς</em></strong></span> <span class='ocrx_word' id='word_1_19' title='bbox 1323 379 1593 434; x_wconf 83' lang='grc' dir='ltr'><strong><em>σύννοιαν</em></strong></span> <span class='ocrx_word' id='word_1_20' title='bbox 1623 381 1786 447; x_wconf 83' lang='grc' dir='ltr'><strong><em>αὐτὸς</em></strong></span> <span class='ocrx_word' id='word_1_21' title='bbox 1815 384 1906 439; x_wconf 89' lang='grc' dir='ltr'><strong><em>αὑ-</em></strong></span> 
     </span>
    </p>

    <p class='ocr_par' dir='ltr' id='par_1_3' title="bbox 180 453 1916 614">
     <span class='ocr_line' id='line_1_4' title="bbox 180 453 1916 534; baseline 0.005 -24"><span class='ocrx_word' id='word_1_22' title='bbox 180 476 212 515; x_wconf 77' lang='lat' dir='ltr'>E</span> <span class='ocrx_word' id='word_1_23' title='bbox 243 464 320 511; x_wconf 75' lang='grc' dir='ltr'><strong><em>τω</em></strong></span> <span class='ocrx_word' id='word_1_24' title='bbox 358 455 707 526; x_wconf 87' lang='grc' dir='ltr'><strong><em>ἀφικόμενος,</em></strong></span> <span class='ocrx_word' id='word_1_25' title='bbox 755 453 814 509; x_wconf 82' lang='grc' dir='ltr'><strong><em>τὸ</em></strong></span> <span class='ocrx_word' id='word_1_26' title='bbox 853 456 1251 526; x_wconf 85' lang='grc' dir='ltr'><strong><em>ἐπιθυμητικὸν</em></strong></span> <span class='ocrx_word' id='word_1_27' title='bbox 1291 462 1348 513; x_wconf 81' lang='grc' dir='ltr'><strong><em>δὲ</em></strong></span> <span class='ocrx_word' id='word_1_28' title='bbox 1377 460 1509 530; x_wconf 83' lang='grc' dir='ltr'><strong><em>μήτε</em></strong></span> <span class='ocrx_word' id='word_1_29' title='bbox 1557 463 1739 534; x_wconf 80' lang='grc' dir='ltr'><strong><em>ἐνδείᾳ</em></strong></span> <span class='ocrx_word' id='word_1_30' title='bbox 1785 463 1916 530; x_wconf 83' lang='grc' dir='ltr'><strong><em>δούς</em></strong></span> 
     </span>
     <span class='ocr_line' id='line_1_5' title="bbox 240 534 1912 636; baseline 0.004 -44"><span class='ocrx_word' id='word_1_31' title='bbox 240 538 372 607; x_wconf 82' lang='grc' dir='ltr'><strong><em>μήτε</em></strong></span> <span class='ocrx_word' id='word_1_32' title='bbox 412 543 726 607; x_wconf 82' lang='grc' dir='ltr'><strong><em>πλησμονῇ,</em></strong></span> <span class='ocrx_word' id='word_1_33' title='bbox 758 535 906 600; x_wconf 83' lang='grc' dir='ltr'><strong><em>ὅπως</em></strong></span> <span class='ocrx_word' id='word_1_34' title='bbox 943 534 1015 592; x_wconf 71' lang='grc' dir='ltr'><strong><em>ἂν</em></strong></span> <span class='ocrx_word' id='word_1_35' title='bbox 1050 546 1293 636; x_wconf 77' lang='grc' dir='ltr'><strong><em>κοιμηθῇ</em></strong></span> <span class='ocrx_word' id='word_1_36' title='bbox 1331 542 1420 595; x_wconf 83' lang='grc' dir='ltr'><strong><em>καὶ</em></strong></span> <span class='ocrx_word' id='word_1_37' title='bbox 1452 538 1528 611; x_wconf 87' lang='grc' dir='ltr'><strong><em>μὴ</em></strong></span> <span class='ocrx_word' id='word_1_38' title='bbox 1563 546 1767 616; x_wconf 79' lang='grc' dir='ltr'><em>παρέχῃ</em></span> <span class='ocrx_word' id='word_1_39' title='bbox 1805 552 1912 599; x_wconf 81' lang='grc' dir='ltr'><strong><em>θό-</em></strong></span> 
     </span>
    </p>

    <p class='ocr_par' dir='ltr' id='par_1_4' title="bbox 122 615 1918 1261">
     <span class='ocr_line' id='line_1_6' title="bbox 122 615 1916 697; baseline 0 -17"><span class='ocrx_word' id='word_1_40' title='bbox 122 635 209 680; x_wconf 83' lang='grc'><strong><em>572</em></strong></span> <span class='ocrx_word' id='word_1_41' title='bbox 240 624 416 688; x_wconf 85' lang='grc' dir='ltr'><strong><em>ρυβον</em></strong></span> <span class='ocrx_word' id='word_1_42' title='bbox 466 624 543 690; x_wconf 76' lang='grc' dir='ltr'><strong><em>τῷ</em></strong></span> <span class='ocrx_word' id='word_1_43' title='bbox 594 622 855 689; x_wconf 77' lang='grc' dir='ltr'><strong><em>βελτίστῳ</em></strong></span> <span class='ocrx_word' id='word_1_44' title='bbox 914 629 1104 687; x_wconf 90' lang='grc' dir='ltr'><strong><em>χαῖρον</em></strong></span> <span class='ocrx_word' id='word_1_45' title='bbox 1155 615 1190 689; x_wconf 78' lang='grc' dir='ltr'><em>ἢ</em></span> <span class='ocrx_word' id='word_1_46' title='bbox 1243 622 1624 693; x_wconf 80' lang='grc' dir='ltr'><strong><em>λυπούμενον,</em></strong></span> <span class='ocrx_word' id='word_1_47' title='bbox 1684 624 1803 679; x_wconf 90' lang='grc' dir='ltr'><strong><em>ἀλλ’</em></strong></span> <span class='ocrx_word' id='word_1_48' title='bbox 1853 629 1916 697; x_wconf 78' lang='grc' dir='ltr'><strong><em>ἐᾷ</em></strong></span> 
     </span>
     <span class='ocr_line' id='line_1_7' title="bbox 239 696 1919 802; baseline 0.005 -50"><span class='ocrx_word' id='word_1_49' title='bbox 239 697 373 753; x_wconf 83' lang='grc' dir='ltr'><strong><em>αὐτὸ</em></strong></span> <span class='ocrx_word' id='word_1_50' title='bbox 407 697 544 753; x_wconf 86' lang='grc' dir='ltr'><strong><em>καθ’</em></strong></span> <span class='ocrx_word' id='word_1_51' title='bbox 577 696 711 754; x_wconf 83' lang='grc' dir='ltr'><strong><em>αὑτὸ</em></strong></span> <span class='ocrx_word' id='word_1_52' title='bbox 744 698 922 770; x_wconf 91' lang='grc' dir='ltr'><strong><em>μόνον</em></strong></span> <span class='ocrx_word' id='word_1_53' title='bbox 957 699 1211 771; x_wconf 82' lang='grc' dir='ltr'><strong><em>καθαρὸν</em></strong></span> <span class='ocrx_word' id='word_1_54' title='bbox 1246 715 1471 758; x_wconf 76' lang='grc' dir='ltr'><strong><em>σκοπεῖν</em></strong></span> <span class='ocrx_word' id='word_1_55' title='bbox 1505 708 1594 759; x_wconf 89' lang='grc' dir='ltr'><strong><em>καὶ</em></strong></span> <span class='ocrx_word' id='word_1_56' title='bbox 1623 704 1919 802; x_wconf 83' lang='grc' dir='ltr'><strong><em>ὀρέγεσθαί</em></strong></span> 
     </span>
     <span class='ocr_line' id='line_1_8' title="bbox 240 779 1916 856; baseline 0.005 -22"><span class='ocrx_word' id='word_1_57' title='bbox 240 802 338 835; x_wconf 91' lang='grc' dir='ltr'><strong><em>του</em></strong></span> <span class='ocrx_word' id='word_1_58' title='bbox 356 782 446 835; x_wconf 87' lang='grc' dir='ltr'><strong><em>καὶ</em></strong></span> <span class='ocrx_word' id='word_1_59' title='bbox 467 779 888 835; x_wconf 82' lang='grc' dir='ltr'><strong><em>αἰσθάνεσθαι</em></strong></span> <span class='ocrx_word' id='word_1_60' title='bbox 869 804 897 835; x_wconf 94' lang='grc' dir='ltr'><strong><em>ο</em></strong></span> <span class='ocrx_word' id='word_1_61' title='bbox 926 779 999 852; x_wconf 80' lang='grc' dir='ltr'><strong><em>μὴ</em></strong></span> <span class='ocrx_word' id='word_1_62' title='bbox 1033 780 1198 851; x_wconf 81' lang='grc' dir='ltr'><strong><em>οἶδεν,</em></strong></span> <span class='ocrx_word' id='word_1_63' title='bbox 1235 781 1272 853; x_wconf 84' lang='grc' dir='ltr'>ἥ</span> <span class='ocrx_word' id='word_1_64' title='bbox 1306 805 1357 838; x_wconf 93' lang='grc' dir='ltr'><strong><em>τι</em></strong></span> <span class='ocrx_word' id='word_1_65' title='bbox 1393 791 1504 839; x_wconf 74' lang='grc' dir='ltr'><strong><em>τῶν</em></strong></span> <span class='ocrx_word' id='word_1_66' title='bbox 1533 787 1845 856; x_wconf 79' lang='grc' dir='ltr'><strong><em>γεγονότων</em></strong></span> <span class='ocrx_word' id='word_1_67' title='bbox 1880 784 1916 856; x_wconf 78' lang='grc' dir='ltr'><strong><em>ἦ</em></strong></span> 
     </span>
     <span class='ocr_line' id='line_1_9' title="bbox 245 857 1915 936; baseline 0.004 -21"><span class='ocrx_word' id='word_1_68' title='bbox 245 861 424 916; x_wconf 79' lang='grc' dir='ltr'><strong><em>ὄντων</em></strong></span> <span class='ocrx_word' id='word_1_69' title='bbox 461 857 497 930; x_wconf 78' lang='grc' dir='ltr'><em>ἢ</em></span> <span class='ocrx_word' id='word_1_70' title='bbox 534 862 623 916; x_wconf 89' lang='grc' dir='ltr'><strong><em>καὶ</em></strong></span> <span class='ocrx_word' id='word_1_71' title='bbox 660 862 995 931; x_wconf 79' lang='grc' dir='ltr'><strong><em>μελλόντων,</em></strong></span> <span class='ocrx_word' id='word_1_72' title='bbox 1028 859 1286 926; x_wconf 75' lang='grc' dir='ltr'><strong><em>ὦσαύτως</em></strong></span> <span class='ocrx_word' id='word_1_73' title='bbox 1316 862 1374 917; x_wconf 71' lang='grc' dir='ltr'><strong><em>δὲ</em></strong></span> <span class='ocrx_word' id='word_1_74' title='bbox 1402 867 1492 919; x_wconf 85' lang='grc' dir='ltr'><strong><em>καὶ</em></strong></span> <span class='ocrx_word' id='word_1_75' title='bbox 1526 864 1586 920; x_wconf 84' lang='grc' dir='ltr'><strong><em>τὸ</em></strong></span> <span class='ocrx_word' id='word_1_76' title='bbox 1623 871 1915 936; x_wconf 85' lang='grc' dir='ltr'><strong><em>θυμοειδες</em></strong></span> 
     </span>
     <span class='ocr_line' id='line_1_10' title="bbox 242 942 1914 1021; baseline 0.004 -24"><span class='ocrx_word' id='word_1_77' title='bbox 242 946 494 1012; x_wconf 80' lang='grc' dir='ltr'><strong><em>πραΰνας</em></strong></span> <span class='ocrx_word' id='word_1_78' title='bbox 531 946 619 998; x_wconf 85' lang='grc' dir='ltr'><strong><em>καὶ</em></strong></span> <span class='ocrx_word' id='word_1_79' title='bbox 650 943 726 1014; x_wconf 82' lang='grc' dir='ltr'><strong><em>μή</em></strong></span> <span class='ocrx_word' id='word_1_80' title='bbox 760 963 903 999; x_wconf 91' lang='grc' dir='ltr'><strong><em>τισιν</em></strong></span> <span class='ocrx_word' id='word_1_81' title='bbox 941 948 1015 1007; x_wconf 83' lang='grc' dir='ltr'><strong><em>εἰς</em></strong></span> <span class='ocrx_word' id='word_1_82' title='bbox 1050 942 1218 1014; x_wconf 78' lang='grc' dir='ltr'><strong><em>ὀργὰς</em></strong></span> <span class='ocrx_word' id='word_1_83' title='bbox 1247 946 1433 1000; x_wconf 76' lang='grc' dir='ltr'><strong><em>ἐλθών</em></strong></span> <span class='ocrx_word' id='word_1_84' title='bbox 1461 953 1799 1020; x_wconf 79' lang='grc' dir='ltr'><strong><em>κεκινημένῳ</em></strong></span> <span class='ocrx_word' id='word_1_85' title='bbox 1836 955 1914 1021; x_wconf 74' lang='grc' dir='ltr'><strong><em>τῷ</em></strong></span> 
     </span>
     <span class='ocr_line' id='line_1_11' title="bbox 239 1022 1916 1126; baseline 0.005 -48"><span class='ocrx_word' id='word_1_86' title='bbox 239 1031 409 1097; x_wconf 90' lang='grc' dir='ltr'><strong><em>θυμω</em></strong></span> <span class='ocrx_word' id='word_1_87' title='bbox 428 1024 713 1126; x_wconf 79' lang='grc' dir='ltr'><strong><em>καθεύδῃ,</em></strong></span> <span class='ocrx_word' id='word_1_88' title='bbox 719 1022 841 1079; x_wconf 87' lang='grc' dir='ltr'><strong><em>ἀλλ’</em></strong></span> <span class='ocrx_word' id='word_1_89' title='bbox 864 1022 1140 1094; x_wconf 78' lang='grc' dir='ltr'><strong><em>ἡσυχάσας</em></strong></span> <span class='ocrx_word' id='word_1_90' title='bbox 1159 1049 1259 1095; x_wconf 92' lang='grc' dir='ltr'><strong><em>μεν</em></strong></span> <span class='ocrx_word' id='word_1_91' title='bbox 1277 1026 1350 1080; x_wconf 76' lang='grc' dir='ltr'><strong><em>τώ</em></strong></span> <span class='ocrx_word' id='word_1_92' title='bbox 1369 1027 1471 1081; x_wconf 84' lang='grc' dir='ltr'><strong><em>δύο</em></strong></span> <span class='ocrx_word' id='word_1_93' title='bbox 1493 1032 1627 1098; x_wconf 78' lang='grc' dir='ltr'><strong><em>εἴδη,</em></strong></span> <span class='ocrx_word' id='word_1_94' title='bbox 1649 1051 1708 1084; x_wconf 93' lang='grc' dir='ltr'><strong><em>το</em></strong></span> <span class='ocrx_word' id='word_1_95' title='bbox 1732 1035 1916 1100; x_wconf 89' lang='grc' dir='ltr'><strong><em>τρίτον</em></strong></span> 
     </span>
     <span class='ocr_line' id='line_1_12' title="bbox 243 1104 1913 1181; baseline 0.004 -22"><span class='ocrx_word' id='word_1_96' title='bbox 243 1105 300 1159; x_wconf 86' lang='grc' dir='ltr'><strong><em>δε</em></strong></span> <span class='ocrx_word' id='word_1_97' title='bbox 318 1106 564 1175; x_wconf 80' lang='grc' dir='ltr'><strong><em>κινήσας,</em></strong></span> <span class='ocrx_word' id='word_1_98' title='bbox 588 1108 648 1160; x_wconf 87' lang='grc' dir='ltr'><strong><em>ἐν</em></strong></span> <span class='ocrx_word' id='word_1_99' title='bbox 669 1107 710 1160; x_wconf 80' lang='grc' dir='ltr'><em>ὠ</em></span> <span class='ocrx_word' id='word_1_100' title='bbox 730 1104 791 1160; x_wconf 83' lang='grc' dir='ltr'><strong><em>τὸ</em></strong></span> <span class='ocrx_word' id='word_1_101' title='bbox 816 1117 1046 1175; x_wconf 79' lang='grc' dir='ltr'><strong><em>φρονεῖν</em></strong></span> <span class='ocrx_word' id='word_1_102' title='bbox 1075 1110 1394 1177; x_wconf 83' lang='grc' dir='ltr'><strong><em>ἐγγίγνεται,</em></strong></span> <span class='ocrx_word' id='word_1_103' title='bbox 1427 1106 1603 1173; x_wconf 80' lang='grc' dir='ltr'><strong><em>οὕτως</em></strong></span> <span class='ocrx_word' id='word_1_104' title='bbox 1622 1109 1913 1181; x_wconf 88' lang='grc' dir='ltr'><strong><em>ἀναπαύη-</em></strong></span> 
     </span>
     <span class='ocr_line' id='line_1_13' title="bbox 237 1186 1911 1261; baseline 0.004 -20"><span class='ocrx_word' id='word_1_105' title='bbox 237 1210 340 1258; x_wconf 91' lang='grc' dir='ltr'><strong><em>ται,</em></strong></span> <span class='ocrx_word' id='word_1_106' title='bbox 361 1187 512 1242; x_wconf 81' lang='grc' dir='ltr'><strong><em>οἷσθ’</em></strong></span> <span class='ocrx_word' id='word_1_107' title='bbox 535 1187 619 1243; x_wconf 89' lang='grc' dir='ltr'><strong><em>ότι</em></strong></span> <span class='ocrx_word' id='word_1_108' title='bbox 630 1194 723 1258; x_wconf 85' lang='grc' dir='ltr'><strong><em>τῆς</em></strong></span> <span class='ocrx_word' id='word_1_109' title='bbox 741 1186 779 1243; x_wconf 87' lang='grc' dir='ltr'><strong><em>τ’</em></strong></span> <span class='ocrx_word' id='word_1_110' title='bbox 805 1188 1067 1258; x_wconf 75' lang='grc' dir='ltr'><strong><em>ἀληθείας</em></strong></span> <span class='ocrx_word' id='word_1_111' title='bbox 1087 1191 1145 1242; x_wconf 87' lang='grc' dir='ltr'><strong><em>ἐν</em></strong></span> <span class='ocrx_word' id='word_1_112' title='bbox 1163 1210 1237 1261; x_wconf 89' lang='grc' dir='ltr'><strong><em>τω</em></strong></span> <span class='ocrx_word' id='word_1_113' title='bbox 1260 1189 1488 1244; x_wconf 86' lang='grc' dir='ltr'><strong><em>τοιούτω</em></strong></span> <span class='ocrx_word' id='word_1_114' title='bbox 1501 1191 1782 1261; x_wconf 89' lang='grc' dir='ltr'><strong><em>μάλιστα</em></strong></span> <span class='ocrx_word' id='word_1_115' title='bbox 1756 1191 1911 1247; x_wconf 84' lang='grc' dir='ltr'><strong><em>άπτε-</em></strong></span> 
     </span>
    </p>

    <p class='ocr_par' dir='ltr' id='par_1_5' title="bbox 180 1268 1914 1907">
     <span class='ocr_line' id='line_1_14' title="bbox 180 1268 1912 1339; baseline 0.003 -17"><span class='ocrx_word' id='word_1_116' title='bbox 180 1292 212 1331; x_wconf 82' lang='grc' dir='ltr'>Β</span> <span class='ocrx_word' id='word_1_117' title='bbox 244 1291 331 1323; x_wconf 91' lang='grc' dir='ltr'><strong><em>ται</em></strong></span> <span class='ocrx_word' id='word_1_118' title='bbox 349 1271 440 1323; x_wconf 86' lang='grc' dir='ltr'><strong><em>καὶ</em></strong></span> <span class='ocrx_word' id='word_1_119' title='bbox 465 1268 660 1339; x_wconf 83' lang='grc' dir='ltr'><strong><em>ἥκιστα</em></strong></span> <span class='ocrx_word' id='word_1_120' title='bbox 680 1269 990 1338; x_wconf 75' lang='grc' dir='ltr'><strong><em>παράνομοι</em></strong></span> <span class='ocrx_word' id='word_1_121' title='bbox 1008 1269 1131 1323; x_wconf 91' lang='grc' dir='ltr'><strong><em>τότε</em></strong></span> <span class='ocrx_word' id='word_1_122' title='bbox 1161 1272 1220 1323; x_wconf 80' lang='grc' dir='ltr'><strong><em>αἱ</em></strong></span> <span class='ocrx_word' id='word_1_123' title='bbox 1240 1268 1391 1334; x_wconf 81' lang='grc' dir='ltr'><strong><em>ὄψεις</em></strong></span> <span class='ocrx_word' id='word_1_124' title='bbox 1415 1270 1780 1339; x_wconf 78' lang='grc' dir='ltr'><strong><em>φαντάζονται</em></strong></span> <span class='ocrx_word' id='word_1_125' title='bbox 1802 1280 1912 1327; x_wconf 75' lang='grc' dir='ltr'><strong><em>τῶν</em></strong></span> 
     </span>
     <span class='ocr_line' id='line_1_15' title="bbox 237 1342 1913 1420; baseline 0.002 -16"><span class='ocrx_word' id='word_1_126' title='bbox 237 1353 532 1404; x_wconf 81' lang='grc' dir='ltr'><strong><em>ἐνυπνίων.</em></strong></span> <span class='ocrx_word' id='word_1_127' title='bbox 573 1355 864 1413; x_wconf 71' lang='grc' dir='ltr'><strong><em>Παντελεὸς</em></strong></span> <span class='ocrx_word' id='word_1_128' title='bbox 882 1351 982 1419; x_wconf 76' lang='grc' dir='ltr'><strong><em>μὲν</em></strong></span> <span class='ocrx_word' id='word_1_129' title='bbox 1012 1342 1134 1418; x_wconf 75' lang='grc' dir='ltr'><strong><em>οὖν,</em></strong></span> <span class='ocrx_word' id='word_1_130' title='bbox 1156 1354 1279 1419; x_wconf 81' lang='grc' dir='ltr'><strong><em>ἔφη,</em></strong></span> <span class='ocrx_word' id='word_1_131' title='bbox 1303 1348 1451 1420; x_wconf 82' lang='grc' dir='ltr'><strong><em>οἶμαι</em></strong></span> <span class='ocrx_word' id='word_1_132' title='bbox 1474 1350 1660 1414; x_wconf 78' lang='grc' dir='ltr'><strong><em>οὕτως.</em></strong></span> <span class='ocrx_word' id='word_1_133' title='bbox 1727 1359 1913 1407; x_wconf 80' lang='grc' dir='ltr'><strong><em>Ταῦτα</em></strong></span> 
     </span>
     <span class='ocr_line' id='line_1_16' title="bbox 235 1428 1914 1504; baseline 0.002 -19"><span class='ocrx_word' id='word_1_134' title='bbox 235 1432 336 1499; x_wconf 75' lang='grc' dir='ltr'><strong><em>μὲν</em></strong></span> <span class='ocrx_word' id='word_1_135' title='bbox 354 1436 548 1485; x_wconf 90' lang='grc' dir='ltr'><strong><em>τοίνυν</em></strong></span> <span class='ocrx_word' id='word_1_136' title='bbox 566 1433 652 1485; x_wconf 81' lang='grc' dir='ltr'><strong><em>ἐπὶ</em></strong></span> <span class='ocrx_word' id='word_1_137' title='bbox 681 1431 851 1504; x_wconf 83' lang='grc' dir='ltr'><strong><em>πλέον</em></strong></span> <span class='ocrx_word' id='word_1_138' title='bbox 879 1430 1186 1500; x_wconf 81' lang='grc' dir='ltr'><strong><em>ἐξήχθημεν</em></strong></span> <span class='ocrx_word' id='word_1_139' title='bbox 1206 1434 1403 1485; x_wconf 89' lang='grc' dir='ltr'><strong><em>εἰπεῖν·</em></strong></span> <span class='ocrx_word' id='word_1_140' title='bbox 1444 1428 1474 1486; x_wconf 82' lang='grc' dir='ltr'><em>ὃ</em></span> <span class='ocrx_word' id='word_1_141' title='bbox 1505 1431 1562 1486; x_wconf 76' lang='grc' dir='ltr'><strong><em>δὲ</em></strong></span> <span class='ocrx_word' id='word_1_142' title='bbox 1592 1433 1914 1503; x_wconf 88' lang='grc' dir='ltr'><strong><em>βουλόμεθα</em></strong></span> 
     </span>
     <span class='ocr_line' id='line_1_17' title="bbox 240 1510 1913 1584; baseline 0.002 -19"><span class='ocrx_word' id='word_1_143' title='bbox 240 1517 468 1581; x_wconf 72' lang='grc' dir='ltr'><strong><em>γνῶναι,</em></strong></span> <span class='ocrx_word' id='word_1_144' title='bbox 490 1510 609 1565; x_wconf 86' lang='grc' dir='ltr'><strong><em>τόδ’</em></strong></span> <span class='ocrx_word' id='word_1_145' title='bbox 635 1514 799 1580; x_wconf 90' lang='grc' dir='ltr'><strong><em>ἐστίν,</em></strong></span> <span class='ocrx_word' id='word_1_146' title='bbox 821 1510 893 1575; x_wconf 77' lang='grc' dir='ltr'><strong><em>ὡς</em></strong></span> <span class='ocrx_word' id='word_1_147' title='bbox 911 1511 1018 1580; x_wconf 79' lang='grc' dir='ltr'><strong><em>ἄρα</em></strong></span> <span class='ocrx_word' id='word_1_148' title='bbox 1040 1511 1226 1565; x_wconf 87' lang='grc' dir='ltr'><strong><em>δεινόν</em></strong></span> <span class='ocrx_word' id='word_1_149' title='bbox 1245 1534 1296 1565; x_wconf 92' lang='grc' dir='ltr'><strong><em>τι</em></strong></span> <span class='ocrx_word' id='word_1_150' title='bbox 1315 1514 1404 1566; x_wconf 86' lang='grc' dir='ltr'><strong><em>καὶ</em></strong></span> <span class='ocrx_word' id='word_1_151' title='bbox 1425 1511 1621 1584; x_wconf 75' lang='grc' dir='ltr'><strong><em>ἄγριον</em></strong></span> <span class='ocrx_word' id='word_1_152' title='bbox 1652 1516 1743 1569; x_wconf 84' lang='grc' dir='ltr'><strong><em>καὶ</em></strong></span> <span class='ocrx_word' id='word_1_153' title='bbox 1775 1514 1913 1570; x_wconf 76' lang='grc' dir='ltr'><strong><em>ἄνο-</em></strong></span> 
     </span>
     <span class='ocr_line' id='line_1_18' title="bbox 236 1591 1914 1664; baseline 0.002 -17"><span class='ocrx_word' id='word_1_154' title='bbox 236 1615 342 1662; x_wconf 91' lang='grc' dir='ltr'><strong><em>μον</em></strong></span> <span class='ocrx_word' id='word_1_155' title='bbox 362 1596 675 1662; x_wconf 78' lang='grc' dir='ltr'><strong><em>ἐπιθυμιῶν</em></strong></span> <span class='ocrx_word' id='word_1_156' title='bbox 708 1591 850 1656; x_wconf 82' lang='grc' dir='ltr'><strong><em>εἶδος</em></strong></span> <span class='ocrx_word' id='word_1_157' title='bbox 881 1593 1088 1664; x_wconf 81' lang='grc' dir='ltr'><strong><em>ἑκάστῳ</em></strong></span> <span class='ocrx_word' id='word_1_158' title='bbox 1121 1598 1314 1661; x_wconf 81' lang='grc' dir='ltr'><strong><em>ἔνεστι,</em></strong></span> <span class='ocrx_word' id='word_1_159' title='bbox 1353 1596 1443 1648; x_wconf 85' lang='grc' dir='ltr'><strong><em>καὶ</em></strong></span> <span class='ocrx_word' id='word_1_160' title='bbox 1477 1594 1627 1649; x_wconf 91' lang='grc' dir='ltr'><strong><em>πάνυ</em></strong></span> <span class='ocrx_word' id='word_1_161' title='bbox 1649 1599 1914 1650; x_wconf 84' lang='grc' dir='ltr'><strong><em>δοκοῦσιν</em></strong></span> 
     </span>
     <span class='ocr_line' id='line_1_19' title="bbox 232 1672 1912 1744; baseline 0.002 -16"><span class='ocrx_word' id='word_1_162' title='bbox 232 1672 390 1744; x_wconf 76' lang='grc' dir='ltr'><strong><em>ἡμῶν</em></strong></span> <span class='ocrx_word' id='word_1_163' title='bbox 413 1676 576 1738; x_wconf 84' lang='grc' dir='ltr'><strong><em>ἐνίοις</em></strong></span> <span class='ocrx_word' id='word_1_164' title='bbox 603 1679 839 1744; x_wconf 85' lang='grc' dir='ltr'><strong><em>μετρίοις</em></strong></span> <span class='ocrx_word' id='word_1_165' title='bbox 870 1672 1034 1728; x_wconf 83' lang='grc' dir='ltr'><strong><em>εἶναι·</em></strong></span> <span class='ocrx_word' id='word_1_166' title='bbox 1075 1680 1237 1728; x_wconf 80' lang='grc' dir='ltr'><strong><em>τοῦτο</em></strong></span> <span class='ocrx_word' id='word_1_167' title='bbox 1267 1673 1325 1729; x_wconf 76' lang='grc' dir='ltr'><strong><em>δὲ</em></strong></span> <span class='ocrx_word' id='word_1_168' title='bbox 1361 1674 1467 1744; x_wconf 77' lang='grc' dir='ltr'><strong><em>ἄρα</em></strong></span> <span class='ocrx_word' id='word_1_169' title='bbox 1497 1678 1558 1730; x_wconf 90' lang='grc' dir='ltr'><strong><em>ἐν</em></strong></span> <span class='ocrx_word' id='word_1_170' title='bbox 1585 1687 1695 1739; x_wconf 91' lang='grc' dir='ltr'><strong><em>τοῖς</em></strong></span> <span class='ocrx_word' id='word_1_171' title='bbox 1715 1675 1912 1740; x_wconf 78' lang='grc' dir='ltr'><strong><em>ὕπνοις</em></strong></span> 
     </span>
     <span class='ocr_line' id='line_1_20' title="bbox 232 1748 1907 1827; baseline 0.002 -18"><span class='ocrx_word' id='word_1_172' title='bbox 232 1762 477 1825; x_wconf 83' lang='grc' dir='ltr'><strong><em>γίγνεται</em></strong></span> <span class='ocrx_word' id='word_1_173' title='bbox 513 1759 759 1825; x_wconf 83' lang='grc' dir='ltr'><strong><em>ἔνδηλον.</em></strong></span> <span class='ocrx_word' id='word_1_174' title='bbox 797 1760 847 1811; x_wconf 82' lang='grc' dir='ltr'><strong><em>εἰ</em></strong></span> <span class='ocrx_word' id='word_1_175' title='bbox 882 1748 986 1810; x_wconf 78' lang='grc' dir='ltr'><strong><em>οὖν</em></strong></span> <span class='ocrx_word' id='word_1_176' title='bbox 1014 1758 1064 1811; x_wconf 82' lang='grc' dir='ltr'><strong><em>τὶ</em></strong></span> <span class='ocrx_word' id='word_1_177' title='bbox 1094 1759 1242 1811; x_wconf 77' lang='grc' dir='ltr'><strong><em>δοκῶ</em></strong></span> <span class='ocrx_word' id='word_1_178' title='bbox 1272 1759 1452 1826; x_wconf 85' lang='grc' dir='ltr'><strong><em>λέγειν</em></strong></span> <span class='ocrx_word' id='word_1_179' title='bbox 1481 1758 1572 1812; x_wconf 85' lang='grc' dir='ltr'><strong><em>καὶ</em></strong></span> <span class='ocrx_word' id='word_1_180' title='bbox 1601 1761 1907 1827; x_wconf 84' lang='grc' dir='ltr'><strong><em>ξυγχωρεῖς,</em></strong></span> 
     </span>
     <span class='ocr_line' id='line_1_21' title="bbox 235 1834 908 1907; baseline -0.001 -16"><span class='ocrx_word' id='word_1_181' title='bbox 235 1836 415 1907; x_wconf 76' lang='grc' dir='ltr'><strong><em>ἄθρει.</em></strong></span> <span class='ocrx_word' id='word_1_182' title='bbox 449 1834 609 1891; x_wconf 79' lang='grc' dir='ltr'><strong><em>Ἀλλὰ</em></strong></span> <span class='ocrx_word' id='word_1_183' title='bbox 632 1839 908 1906; x_wconf 62' lang='grc' dir='ltr'><strong><em>ξυγχωρεῖ.</em></strong></span> 
     </span>
    </p>

    <p class='ocr_par' dir='ltr' id='par_1_6' title="bbox 177 1915 1913 2555">
     <span class='ocr_line' id='line_1_22' title="bbox 177 1915 1913 1991; baseline 0.001 -17"><span class='ocrx_word' id='word_1_184' title='bbox 177 1935 206 1974; x_wconf 89' lang='lat' dir='ltr'>C</span> <span class='ocrx_word' id='word_1_185' title='bbox 378 1922 439 1972; x_wconf 92' lang='lat'><strong><em>11.</em></strong></span> <span class='ocrx_word' id='word_1_186' title='bbox 482 1918 595 1973; x_wconf 85' lang='grc' dir='ltr'><strong><em>Τὸν</em></strong></span> <span class='ocrx_word' id='word_1_187' title='bbox 614 1923 805 1973; x_wconf 91' lang='grc' dir='ltr'><strong><em>τοίνυν</em></strong></span> <span class='ocrx_word' id='word_1_188' title='bbox 826 1918 1122 1989; x_wconf 87' lang='grc' dir='ltr'><strong><em>δημοτικὸν</em></strong></span> <span class='ocrx_word' id='word_1_189' title='bbox 1144 1917 1531 1990; x_wconf 74' lang='grc' dir='ltr'><strong><em>ἀναμνήσθητι</em></strong></span> <span class='ocrx_word' id='word_1_190' title='bbox 1563 1915 1682 1975; x_wconf 83' lang='grc' dir='ltr'><strong><em>οἷον</em></strong></span> <span class='ocrx_word' id='word_1_191' title='bbox 1701 1925 1913 1991; x_wconf 80' lang='grc' dir='ltr'><strong><em>ἔφαμεν</em></strong></span> 
     </span>
     <span class='ocr_line' id='line_1_23' title="bbox 235 1994 1910 2072; baseline -0.001 -16"><span class='ocrx_word' id='word_1_192' title='bbox 235 2000 391 2056; x_wconf 81' lang='grc' dir='ltr'><strong><em>εἶναι.</em></strong></span> <span class='ocrx_word' id='word_1_193' title='bbox 429 1994 501 2070; x_wconf 80' lang='grc' dir='ltr'><strong><em>ἦν</em></strong></span> <span class='ocrx_word' id='word_1_194' title='bbox 521 2000 584 2055; x_wconf 85' lang='grc' dir='ltr'><strong><em>δέ</em></strong></span> <span class='ocrx_word' id='word_1_195' title='bbox 599 2019 709 2054; x_wconf 91' lang='grc' dir='ltr'><strong><em>που</em></strong></span> <span class='ocrx_word' id='word_1_196' title='bbox 731 1998 973 2069; x_wconf 75' lang='grc' dir='ltr'><strong><em>γεγονώς</em></strong></span> <span class='ocrx_word' id='word_1_197' title='bbox 992 2002 1049 2055; x_wconf 88' lang='grc' dir='ltr'><strong><em>ἐκ</em></strong></span> <span class='ocrx_word' id='word_1_198' title='bbox 1068 2003 1199 2056; x_wconf 90' lang='grc' dir='ltr'><strong><em>νέου</em></strong></span> <span class='ocrx_word' id='word_1_199' title='bbox 1219 1997 1327 2055; x_wconf 79' lang='grc' dir='ltr'><strong><em>ὑπὸ</em></strong></span> <span class='ocrx_word' id='word_1_200' title='bbox 1352 2005 1602 2072; x_wconf 76' lang='grc' dir='ltr'><strong><em>φειδωλῷ</em></strong></span> <span class='ocrx_word' id='word_1_201' title='bbox 1633 2003 1795 2069; x_wconf 85' lang='grc' dir='ltr'><strong><em>πατρὶ</em></strong></span> <span class='ocrx_word' id='word_1_202' title='bbox 1823 2022 1910 2055; x_wconf 82' lang='grc' dir='ltr'><strong><em>τε-</em></strong></span> 
     </span>
     <span class='ocr_line' id='line_1_24' title="bbox 235 2079 1906 2150; baseline -0.001 -14"><span class='ocrx_word' id='word_1_203' title='bbox 235 2084 571 2150; x_wconf 85' lang='grc' dir='ltr'><strong><em>θραμμένος,</em></strong></span> <span class='ocrx_word' id='word_1_204' title='bbox 597 2082 692 2144; x_wconf 75' lang='grc' dir='ltr'><strong><em>τοὶς</em></strong></span> <span class='ocrx_word' id='word_1_205' title='bbox 710 2079 1133 2150; x_wconf 75' lang='grc' dir='ltr'><strong><em>χρηματιστικὰς</em></strong></span> <span class='ocrx_word' id='word_1_206' title='bbox 1151 2084 1446 2149; x_wconf 85' lang='grc' dir='ltr'><strong><em>ἐπιθυμίας</em></strong></span> <span class='ocrx_word' id='word_1_207' title='bbox 1463 2087 1686 2150; x_wconf 74' lang='grc' dir='ltr'><strong><em>τιμῶντι</em></strong></span> <span class='ocrx_word' id='word_1_208' title='bbox 1715 2080 1906 2150; x_wconf 89' lang='grc' dir='ltr'><strong><em>μόνας,</em></strong></span> 
     </span>
     <span class='ocr_line' id='line_1_25' title="bbox 233 2159 1910 2231; baseline 0 -16"><span class='ocrx_word' id='word_1_209' title='bbox 233 2160 330 2224; x_wconf 74' lang='grc' dir='ltr'><strong><em>τὰς</em></strong></span> <span class='ocrx_word' id='word_1_210' title='bbox 349 2161 407 2215; x_wconf 76' lang='grc' dir='ltr'><strong><em>δὲ</em></strong></span> <span class='ocrx_word' id='word_1_211' title='bbox 427 2161 498 2231; x_wconf 82' lang='grc' dir='ltr'><strong><em>μὴ</em></strong></span> <span class='ocrx_word' id='word_1_212' title='bbox 519 2159 873 2230; x_wconf 89' lang='grc' dir='ltr'><strong><em>ἀναγκαίους,</em></strong></span> <span class='ocrx_word' id='word_1_213' title='bbox 896 2159 1034 2215; x_wconf 80' lang='grc' dir='ltr'><strong><em>ἀλλά</em></strong></span> <span class='ocrx_word' id='word_1_214' title='bbox 1059 2164 1276 2224; x_wconf 78' lang='grc' dir='ltr'><strong><em>παιδιᾶς</em></strong></span> <span class='ocrx_word' id='word_1_215' title='bbox 1309 2182 1366 2214; x_wconf 88' lang='grc' dir='ltr'><strong><em>τε</em></strong></span> <span class='ocrx_word' id='word_1_216' title='bbox 1395 2163 1486 2215; x_wconf 89' lang='grc' dir='ltr'><strong><em>καὶ</em></strong></span> <span class='ocrx_word' id='word_1_217' title='bbox 1514 2168 1910 2231; x_wconf 82' lang='grc' dir='ltr'><strong><em>καλλωπισμοῦ</em></strong></span> 
     </span>
     <span class='ocr_line' id='line_1_26' title="bbox 233 2236 1911 2312; baseline 0.001 -18"><span class='ocrx_word' id='word_1_218' title='bbox 233 2242 396 2296; x_wconf 76' lang='grc' dir='ltr'><strong><em>ἕνεκα</em></strong></span> <span class='ocrx_word' id='word_1_219' title='bbox 415 2245 759 2312; x_wconf 82' lang='grc' dir='ltr'><strong><em>γιγνομένας,</em></strong></span> <span class='ocrx_word' id='word_1_220' title='bbox 781 2239 1109 2310; x_wconf 78' lang='grc' dir='ltr'><strong><em>ἀτιμάζοντι.</em></strong></span> <span class='ocrx_word' id='word_1_221' title='bbox 1153 2236 1341 2311; x_wconf 83' lang='grc' dir='ltr'><strong><em>ἧγάρ;</em></strong></span> <span class='ocrx_word' id='word_1_222' title='bbox 1377 2247 1503 2295; x_wconf 90' lang='grc' dir='ltr'><strong><em>Ναί.</em></strong></span> <span class='ocrx_word' id='word_1_223' title='bbox 1554 2243 1911 2312; x_wconf 85' lang='grc' dir='ltr'><strong><em>Συγγενόμε-</em></strong></span> 
     </span>
     <span class='ocr_line' id='line_1_27' title="bbox 232 2316 1911 2393; baseline 0.001 -16"><span class='ocrx_word' id='word_1_224' title='bbox 232 2345 330 2388; x_wconf 87' lang='grc' dir='ltr'><strong><em>νος</em></strong></span> <span class='ocrx_word' id='word_1_225' title='bbox 350 2323 409 2379; x_wconf 77' lang='grc' dir='ltr'><strong><em>δὲ</em></strong></span> <span class='ocrx_word' id='word_1_226' title='bbox 429 2325 788 2393; x_wconf 81' lang='grc' dir='ltr'><strong><em>κομψοτέροις</em></strong></span> <span class='ocrx_word' id='word_1_227' title='bbox 807 2319 1041 2387; x_wconf 83' lang='grc' dir='ltr'><strong><em>ἀνδράσι</em></strong></span> <span class='ocrx_word' id='word_1_228' title='bbox 1061 2325 1150 2376; x_wconf 80' lang='grc' dir='ltr'><strong><em>καὶ</em></strong></span> <span class='ocrx_word' id='word_1_229' title='bbox 1181 2333 1395 2391; x_wconf 78' lang='grc' dir='ltr'><strong><em>μεστοῖς</em></strong></span> <span class='ocrx_word' id='word_1_230' title='bbox 1418 2316 1497 2376; x_wconf 72' lang='grc' dir='ltr'><strong><em>ὦν</em></strong></span> <span class='ocrx_word' id='word_1_231' title='bbox 1527 2320 1651 2391; x_wconf 79' lang='grc' dir='ltr'><strong><em>ἄρτι</em></strong></span> <span class='ocrx_word' id='word_1_232' title='bbox 1681 2324 1911 2392; x_wconf 85' lang='grc' dir='ltr'><strong><em>διήλθο-</em></strong></span> 
     </span>
     <span class='ocr_line' id='line_1_28' title="bbox 232 2401 1910 2475; baseline -0.002 -16"><span class='ocrx_word' id='word_1_233' title='bbox 232 2426 335 2475; x_wconf 90' lang='grc' dir='ltr'><strong><em>μεν</em></strong></span> <span class='ocrx_word' id='word_1_234' title='bbox 356 2406 690 2474; x_wconf 74' lang='grc' dir='ltr'><strong><em>ἐπιθυμιῶν,</em></strong></span> <span class='ocrx_word' id='word_1_235' title='bbox 712 2401 957 2473; x_wconf 82' lang='grc' dir='ltr'><strong><em>ὁρμήσας</em></strong></span> <span class='ocrx_word' id='word_1_236' title='bbox 977 2408 1052 2466; x_wconf 84' lang='grc' dir='ltr'><strong><em>είς</em></strong></span> <span class='ocrx_word' id='word_1_237' title='bbox 1079 2403 1247 2472; x_wconf 76' lang='grc' dir='ltr'><strong><em>ὕβριν</em></strong></span> <span class='ocrx_word' id='word_1_238' title='bbox 1268 2424 1325 2456; x_wconf 91' lang='grc' dir='ltr'><strong><em>τε</em></strong></span> <span class='ocrx_word' id='word_1_239' title='bbox 1345 2409 1529 2456; x_wconf 79' lang='grc' dir='ltr'><strong><em>πᾶσαν</em></strong></span> <span class='ocrx_word' id='word_1_240' title='bbox 1558 2404 1649 2456; x_wconf 80' lang='grc' dir='ltr'><strong><em>καὶ</em></strong></span> <span class='ocrx_word' id='word_1_241' title='bbox 1679 2401 1738 2456; x_wconf 84' lang='grc' dir='ltr'><strong><em>τὸ</em></strong></span> <span class='ocrx_word' id='word_1_242' title='bbox 1770 2406 1910 2458; x_wconf 83' lang='grc' dir='ltr'><strong><em>ἐκεί-</em></strong></span> 
     </span>
     <span class='ocr_line' id='line_1_29' title="bbox 231 2482 1907 2555; baseline -0.002 -14"><span class='ocrx_word' id='word_1_243' title='bbox 231 2508 348 2540; x_wconf 90' lang='grc' dir='ltr'><strong><em>νων</em></strong></span> <span class='ocrx_word' id='word_1_244' title='bbox 368 2484 510 2549; x_wconf 82' lang='grc' dir='ltr'><strong><em>εἷδος</em></strong></span> <span class='ocrx_word' id='word_1_245' title='bbox 529 2490 674 2555; x_wconf 91' lang='grc' dir='ltr'><strong><em>μίσει</em></strong></span> <span class='ocrx_word' id='word_1_246' title='bbox 689 2491 784 2554; x_wconf 81' lang='grc' dir='ltr'><strong><em>τῆς</em></strong></span> <span class='ocrx_word' id='word_1_247' title='bbox 802 2491 904 2539; x_wconf 83' lang='grc' dir='ltr'><strong><em>τοῦ</em></strong></span> <span class='ocrx_word' id='word_1_248' title='bbox 928 2482 1132 2554; x_wconf 86' lang='grc' dir='ltr'><strong><em>πατρὸς</em></strong></span> <span class='ocrx_word' id='word_1_249' title='bbox 1162 2487 1471 2553; x_wconf 89' lang='grc' dir='ltr'><strong><em>φειδωλίας,</em></strong></span> <span class='ocrx_word' id='word_1_250' title='bbox 1504 2482 1679 2551; x_wconf 90' lang='grc' dir='ltr'><strong><em>φύσιν</em></strong></span> <span class='ocrx_word' id='word_1_251' title='bbox 1708 2483 1767 2538; x_wconf 77' lang='grc' dir='ltr'><strong><em>δὲ</em></strong></span> <span class='ocrx_word' id='word_1_252' title='bbox 1795 2489 1907 2538; x_wconf 73' lang='grc' dir='ltr'><strong><em>τῶν</em></strong></span> 
     </span>
    </p>

    <p class='ocr_par' dir='ltr' id='par_1_7' title="bbox 162 2563 1907 2881">
     <span class='ocr_line' id='line_1_30' title="bbox 162 2563 1906 2669; baseline -0.003 -47"><span class='ocrx_word' id='word_1_253' title='bbox 162 2593 200 2633; x_wconf 80' lang='lat'><strong><em>1)</em></strong></span> <span class='ocrx_word' id='word_1_254' title='bbox 235 2567 684 2637; x_wconf 82' lang='grc' dir='ltr'><strong><em>διαφθειρόντων</em></strong></span> <span class='ocrx_word' id='word_1_255' title='bbox 702 2570 896 2637; x_wconf 87' lang='grc' dir='ltr'><strong><em>βελτίω</em></strong></span> <span class='ocrx_word' id='word_1_256' title='bbox 918 2570 1073 2635; x_wconf 81' lang='grc' dir='ltr'><strong><em>ἔχων,</em></strong></span> <span class='ocrx_word' id='word_1_257' title='bbox 1096 2563 1363 2635; x_wconf 87' lang='grc' dir='ltr'><strong><em>ἀγόμενος</em></strong></span> <span class='ocrx_word' id='word_1_258' title='bbox 1388 2563 1745 2669; x_wconf 86' lang='grc' dir='ltr'><strong><em>ἀμφοτέρωσε</em></strong></span> <span class='ocrx_word' id='word_1_259' title='bbox 1775 2585 1906 2617; x_wconf 87' lang='grc' dir='ltr'><strong><em>κατ-</em></strong></span> 
     </span>
     <span class='ocr_line' id='line_1_31' title="bbox 231 2642 1907 2747; baseline -0.004 -43"><span class='ocrx_word' id='word_1_260' title='bbox 231 2654 355 2719; x_wconf 89' lang='grc' dir='ltr'><strong><em>ε’στη</em></strong></span> <span class='ocrx_word' id='word_1_261' title='bbox 390 2654 466 2712; x_wconf 80' lang='grc' dir='ltr'><strong><em>εἰς</em></strong></span> <span class='ocrx_word' id='word_1_262' title='bbox 494 2649 666 2747; x_wconf 80' lang='grc' dir='ltr'><strong><em>μέσον</em></strong></span> <span class='ocrx_word' id='word_1_263' title='bbox 695 2645 902 2717; x_wconf 89' lang='grc' dir='ltr'><strong><em>ἀμφοῖν</em></strong></span> <span class='ocrx_word' id='word_1_264' title='bbox 932 2658 1050 2701; x_wconf 91' lang='grc' dir='ltr'><strong><em>τοῖν</em></strong></span> <span class='ocrx_word' id='word_1_265' title='bbox 1054 2646 1320 2745; x_wconf 89' lang='grc' dir='ltr'><strong><em>τρόποιν,</em></strong></span> <span class='ocrx_word' id='word_1_266' title='bbox 1351 2649 1440 2700; x_wconf 81' lang='grc' dir='ltr'><strong><em>καὶ</em></strong></span> <span class='ocrx_word' id='word_1_267' title='bbox 1472 2650 1700 2714; x_wconf 86' lang='grc' dir='ltr'><strong><em>μετρίως</em></strong></span> <span class='ocrx_word' id='word_1_268' title='bbox 1719 2643 1803 2714; x_wconf 83' lang='grc' dir='ltr'><strong><em>δή,</em></strong></span> <span class='ocrx_word' id='word_1_269' title='bbox 1835 2642 1907 2708; x_wconf 79' lang='grc' dir='ltr'><strong><em>ὠς</em></strong></span> 
     </span>
     <span class='ocr_line' id='line_1_32' title="bbox 229 2724 1889 2802; baseline -0.005 -17"><span class='ocrx_word' id='word_1_270' title='bbox 229 2729 381 2802; x_wconf 88' lang='grc' dir='ltr'><strong><em>ωἐτο,</em></strong></span> <span class='ocrx_word' id='word_1_271' title='bbox 409 2729 656 2785; x_wconf 83' lang='grc' dir='ltr'><strong><em>ἑκάστων</em></strong></span> <span class='ocrx_word' id='word_1_272' title='bbox 677 2726 979 2783; x_wconf 89' lang='grc' dir='ltr'><strong><em>ἀπολαύων</em></strong></span> <span class='ocrx_word' id='word_1_273' title='bbox 1009 2727 1138 2782; x_wconf 90' lang='grc' dir='ltr'><strong><em>ούτε</em></strong></span> <span class='ocrx_word' id='word_1_274' title='bbox 1164 2726 1539 2793; x_wconf 85' lang='grc' dir='ltr'><strong><em>ἀνελεύθερον</em></strong></span> <span class='ocrx_word' id='word_1_275' title='bbox 1568 2724 1695 2779; x_wconf 80' lang='grc' dir='ltr'><strong><em>οὔτε</em></strong></span> <span class='ocrx_word' id='word_1_276' title='bbox 1725 2726 1889 2793; x_wconf 88' lang='grc' dir='ltr'><strong><em>παρά-</em></strong></span> 
     </span>
     <span class='ocr_line' id='line_1_33' title="bbox 226 2807 1902 2881; baseline -0.004 -15"><span class='ocrx_word' id='word_1_277' title='bbox 226 2831 403 2879; x_wconf 88' lang='grc' dir='ltr'><strong><em>νομον</em></strong></span> <span class='ocrx_word' id='word_1_278' title='bbox 431 2817 556 2881; x_wconf 85' lang='grc' dir='ltr'><strong><em>βίον</em></strong></span> <span class='ocrx_word' id='word_1_279' title='bbox 587 2815 664 2881; x_wconf 81' lang='grc' dir='ltr'><strong><em>ζῇ,</em></strong></span> <span class='ocrx_word' id='word_1_280' title='bbox 707 2810 996 2880; x_wconf 84' lang='grc' dir='ltr'><strong><em>δημοτικὸς</em></strong></span> <span class='ocrx_word' id='word_1_281' title='bbox 1033 2812 1085 2874; x_wconf 80' lang='grc' dir='ltr'><strong><em>ἐξ</em></strong></span> <span class='ocrx_word' id='word_1_282' title='bbox 1122 2807 1472 2878; x_wconf 83' lang='grc' dir='ltr'><strong><em>ὀλιγαρχικοῦ</em></strong></span> <span class='ocrx_word' id='word_1_283' title='bbox 1505 2827 1763 2874; x_wconf 84' lang='grc' dir='ltr'><strong><em>γεγονως.</em></strong></span> <span class='ocrx_word' id='word_1_284' title='bbox 1807 2808 1902 2860; x_wconf 86' lang='grc' dir='ltr'><strong><em>Ην</em></strong></span> 
     </span>
    </p>
   </div>
  </div>
 </body>
</html>
