1962 3236
215 153 324 206 382
830 159 1310 208 ΠΛΑΤῼΝΟΣ
1833 171 1901 216 64

216 288 452 345 ἑκάστου
478 287 540 345 τὸ
573 295 826 344 τοιοῦτον
854 300 1048 360 σημεῖα
1077 291 1439 362 ἐναργέστερα
1466 296 1589 363 ἔχει,
1623 299 1896 366 στερηθὲν

218 371 279 427 δὲ
314 377 416 426 τοῦ
446 375 545 441 ζῇν
572 373 765 439 γέγονε
801 370 1015 439 τυφλὸν
1052 373 1143 427 καὶ
1178 370 1246 426 τὰ
1282 384 1509 441 μαντεῖα
1545 373 1893 446 ἀμυδρότερα

159 475 190 516 c
218 455 339 522 ἔσχε
357 458 461 506 τοῦ
478 473 530 506 τι
548 454 720 520 σαφὲς
739 457 1041 523 σημαίνειν.
1093 450 1199 523 ἡδ’
1228 447 1302 508 αὖ
1332 459 1435 509 τοῦ
1464 461 1710 525 γείτονος
1739 456 1895 530 αὐτῷ

216 534 472 599 ξύστασις
488 535 580 588 καὶ
596 534 728 602 ἕδρα
746 534 1067 603 σπλάγχνου
1086 537 1315 604 γέγονεν
1335 539 1388 601 ἐξ
1416 533 1704 606 ἀριστερᾶς
1730 539 1900 609 χάριν

215 616 447 680 ἐκείνου,
483 621 587 669 τοῦ
616 619 870 685 παρέχειν
903 614 1038 670 αὐτὸ
1076 614 1330 687 λαμπρὸν
1365 616 1449 673 ἀεὶ
1485 619 1576 674 καὶ
1610 619 1886 689 καθαρόν,

215 690 334 749 οἷον
364 693 651 769 κατόπτρῳ
681 701 1200 768 παρεσκευασμένον
1229 700 1320 754 καὶ
1348 700 1569 770 ἕτοιμον
1597 699 1681 757 ἀεὶ
1711 722 1898 771 παρα-

213 781 469 847 κείμενον
505 780 822 848 ἐκμαγεῖον·
871 778 956 835 διὸ
991 779 1057 850 δὴ
1086 782 1177 835 καὶ
1205 779 1340 836 ὅταν
1374 781 1516 846 τινες
1551 780 1892 850 ἀκαθαρσίαι

213 866 513 928 γίγνωνται
549 859 640 914 δια
671 862 875 925 νόσους
906 862 1155 962 σώματος
1183 864 1307 933 περὶ
1342 861 1403 918 τό
1432 855 1600 934 ἧπαρ,
1637 865 1816 919 πάντα
1853 861 1893 936 ἡ

213 940 455 1010 σπληνὸς
483 946 833 1009 καθαίρουσα
866 940 1006 996 αὐτοὶ
1037 946 1243 1013 δέχεται
1274 943 1532 1014 μανότης,
1569 942 1663 998 ἅτε
1695 951 1892 1001 κοίλου

212 1024 302 1076 καὶ
330 1020 570 1092 ἀναίμου
594 1020 973 1093 ὑφανθέντος·
1007 1022 1148 1078 ὅθεν
1184 1024 1564 1095 πληρούμενος
1595 1031 1708 1080 τῶν
1746 1024 1889 1080 ἀπο-

147 1130 180 1170 1)
213 1106 638 1173 καθαιρομένων
655 1106 823 1174 μέγας
841 1106 931 1160 καὶ
960 1103 1204 1169 ὕπουλος
1234 1103 1541 1171 αὐξάνεται,
1577 1107 1668 1161 καὶ
1705 1108 1890 1176 πάλιν,

210 1182 342 1238 ὅταν
361 1193 629 1258 καθαρθῇ
646 1184 706 1240 τὸ
723 1193 897 1256 σῶμα,
911 1186 1337 1257 ταπεινούμενος
1356 1193 1432 1251 είς
1448 1185 1653 1242 ταύτὸν
1671 1192 1884 1253 ξυνίζει.

346 1266 567 1323 XXXIII.
613 1267 692 1322 Τά
717 1269 819 1338 μὲν
848 1262 952 1323 οὖν
980 1271 1102 1336 περὶ
1138 1275 1338 1338 ψυχῆς,
1379 1267 1514 1323 ὅσον
1543 1269 1758 1339 θνητὸν
1779 1275 1885 1339 ἔχει

213 1350 303 1402 καὶ
339 1347 476 1403 ὅσον
507 1357 684 1418 θεῖον,
724 1350 813 1404 καὶ
842 1347 969 1422 ὅπῃ,
1009 1353 1096 1404 καὶ
1134 1348 1266 1419 μεθ’
1298 1371 1394 1418 ων,
1432 1350 1524 1404 καὶ
1561 1348 1634 1403 δι’
1654 1347 1688 1403 ὁὶ
1723 1351 1887 1420 χωρὶς

211 1425 443 1502 ςοκίσθη,
479 1427 540 1485 τὸ
573 1431 675 1500 μεν
703 1429 924 1500 ἀληθές,
965 1428 1036 1494 ὡς
1065 1439 1296 1501 εἴρηται,
1334 1435 1478 1485 θεοῦ
1500 1431 1887 1501 ξυμφήσαντος

208 1507 324 1565 τότ’
363 1506 435 1563 ἂν
472 1507 619 1564 οὕτω
656 1511 838 1580 μόνως
871 1514 1356 1582 διισχυριζοίμεθα
1393 1511 1457 1566 τό
1493 1533 1556 1582 γε
1592 1534 1702 1582 μην
1739 1513 1886 1578 εἰκὸς

209 1588 340 1661 ἡμῖν
357 1595 612 1661 εἰρῆσθαι
631 1594 723 1647 καὶ
742 1599 850 1647 νῦν
876 1595 966 1648 καὶ
995 1599 1073 1648 ἔτι
1107 1599 1317 1664 μᾶλλον
1346 1591 1729 1649 ἀνασκοποῦσι
1762 1598 1885 1649 δια-

148 1704 182 1743 E
214 1675 606 1729 κινδυνευτέον
625 1672 685 1728 τὸ
708 1675 899 1744 φάναι,
920 1677 1011 1730 καὶ
1030 1676 1319 1745 πεφάσθω.
1342 1673 1403 1731 τὸ
1435 1674 1486 1731 δ’
1515 1677 1634 1747 ἑξῆς
1665 1676 1730 1746 δὴ
1751 1676 1885 1731 τού-

206 1773 348 1809 τοισι
373 1755 510 1809 κατὰ
548 1752 718 1810 ταύτὰ
755 1758 1176 1826 μεταδιωκτέον·
1215 1752 1287 1828 ἦν
1317 1757 1376 1813 δὲ
1404 1755 1465 1812 τὸ
1498 1762 1600 1813 τοῦ
1635 1759 1885 1828 σώματος

206 1838 491 1891 ἐπίλοιπον
509 1828 546 1908 ᾖ
564 1841 806 1907 γέγονεν.
829 1841 888 1893 ἐκ
912 1838 978 1909 δὴ
998 1845 1265 1909 λογισμοῦ
1282 1843 1500 1894 τοιοῦδε
1522 1843 1884 1904 ξυνίστασθαι

206 1916 424 1990 μάλιστ’
457 1914 529 1974 ἄν
557 1916 690 1974 αὐτὸ
723 1920 949 1975 πάντων
972 1923 1183 1987 πρέποι.
1226 1919 1329 1991 τὴν
1358 1923 1627 1991 ἐσομένην
1661 1924 1721 1975 ἐν
1751 1918 1883 1991 ἡμῖν

211 2009 398 2057 ποτῶν
440 2004 527 2057 καὶ
576 2003 814 2057 ἐδεστῶν
858 2001 1161 2057 ἀκολασίαν
1204 2002 1410 2072 ᾔδεσαν
1447 2005 1505 2056 οἰ
1535 2003 1880 2065 ξυντιθέντες

208 2082 365 2154 ἡμῶν
383 2083 445 2138 vd
473 2084 648 2153 γένος,
689 2086 778 2138 καὶ
807 2081 890 2137 ὅτι
924 2091 1026 2137 τοῦ
1060 2089 1284 2153 μετρίου
1319 2084 1409 2137 καὶ
1446 2080 1749 2151 ἀναγκαίου
1787 2081 1876 2136 διὰ

210 2164 523 2235 μαργότητα
543 2170 732 2236 πολλῷ
751 2170 1090 2234 χρησοίμεθα
1109 2166 1321 2218 πλέονι·
1351 2161 1431 2217 ἵν’
1452 2155 1557 2217 οὖν
1586 2161 1660 2232 μὴ
1684 2162 1875 2232 φθορὰ

211 2245 300 2300 δια
321 2245 527 2309 νόσους
551 2244 698 2310 ὀξεῖα
715 2251 956 2314 γίγνοιτο
980 2247 1070 2299 καὶ
1098 2243 1281 2308 ἀτελες
1314 2243 1376 2299 τό
1407 2247 1564 2313 γένος
1603 2241 1778 2308 εὐθὺς
1812 2242 1873 2299 τὸ

122 2358 180 2406 73
208 2325 424 2397 θνητὸν
441 2333 689 2401 τελευτῷ
709 2334 880 2382 ταῦτα
899 2327 1278 2397 προορώμενοι
1296 2332 1362 2398 τῇ
1393 2333 1495 2381 τοῦ
1521 2343 1878 2397 περιγενησο-

209 2411 381 2479 μένου
401 2408 642 2478 πόματος
661 2409 952 2478 ἐδέσματός
969 2430 1026 2463 τε
1045 2410 1147 2474 ἕξει
1165 2407 1266 2479 τὴν
1293 2405 1703 2504 ὀνομαζομένην
1730 2407 1875 2462 κάτω

207 2494 425 2545 κοιλίαν
442 2487 722 2560 ὑποδοχὴν
743 2496 962 2560 ἔθεσαν,
998 2490 1202 2556 εἵλιξάν
1220 2512 1278 2545 τε
1296 2493 1448 2558 πέριξ
1478 2512 1579 2560 την
1596 2510 1708 2544 των
1727 2492 1877 2544 ἐντέ-

209 2586 328 2643 ρων
343 2574 580 2641 γένεσιν,
619 2569 768 2636 ὅπως
803 2570 876 2641 μὴ
904 2569 1040 2640 ταχὺ
1077 2575 1416 2639 διεκπερῶσα
1453 2568 1487 2641 ἡ
1519 2568 1700 2640 τροφὴ
1740 2567 1875 2639 ταχὺ

207 2652 375 2707 πάλιν
410 2658 620 2723 τροφῆς
656 2653 837 2721 ἑτέρας
873 2657 1091 2708 δεῖσθαι
1124 2651 1185 2707 τὸ
1227 2659 1381 2722 σῶμα
1419 2651 1739 2721 ἀναγκάζοι,
1785 2653 1874 2705 καὶ

210 2737 522 2803 παρέχουσα
540 2731 842 2804 ἀπληστίαν
861 2734 948 2788 διὰ
968 2740 1400 2804 γαστριμαργίαν
1419 2730 1766 2801 ἀφιλόσοφον
1783 2733 1869 2786 καὶ

209 2811 463 2879 ἄμουσον
476 2821 589 2870 πᾶν
608 2813 941 2871 ἀποτελοῖτο
968 2819 1142 2885 γένος,
1174 2814 1496 2884 ἀνυπήκοον
1523 2818 1623 2867 τοῦ
1651 2817 1874 2868 θειοτά-
