1962 3236
222 175 325 227 236
815 175 1296 223 ΠΛΑΤΩΝΟΣ

222 310 384 383 βάνει
402 311 624 379 τέλειος,
648 306 986 380 ἀνθρωπείῳ
1008 307 1113 361 δὲ’
1087 329 1148 362 εν
1171 300 1215 381 ᾦ
1235 307 1432 381 πρώτῳ
1455 306 1709 380 αὐξήσεις
1735 310 1935 364 δυνά·

222 396 389 462 μεναί
401 411 459 446 τε
477 391 567 445 καὶ
588 388 1077 458 δυναστευόμεναι,
1106 400 1250 459 τρεῖς
1279 387 1625 459 ἀποστάσεις,
1656 394 1913 462 τέτταρας
1940 398 1953 451 '³

223 471 323 528 δὲ
302 471 472 543 όρους
491 477 761 542 λαβοῦσαι
780 467 1129 539 ὁμοιούντων
1157 491 1214 525 τε
1246 473 1337 525 καὶ
1366 469 1787 542 ἀνομοιούντων
1819 474 1913 528 καὶ

162 573 191 613 C
226 551 513 617 αὐξόντων
550 553 640 606 καὶ
679 550 1024 621 φθινόντων,
1067 551 1248 606 πάντα
1292 552 1614 623 προσήγορα
1650 554 1742 607 καὶ
1777 552 1912 625 ῥητὰ
1955 595 1957 600 «

225 638 362 706 πρὸς
393 633 604 703 ἄλληλα
643 630 961 704 ἀπέφηναν·
1000 626 1081 687 οἷν
1109 635 1376 703 ἐπίτριτος
1404 635 1639 704 πυθμὴν
1668 635 1915 705 πεμπάδι
1958 665 1962 679 ι

226 718 474 786 συζυγεὶς
494 714 594 770 δύο
617 713 884 786 ἁρμονίας
916 717 1204 786 παρέχεται
1233 716 1348 784 τρὶς
1374 713 1650 786 αὐξηθείς,
1683 715 1784 786 τὴν
1813 715 1914 786 μὲν

227 807 354 868 ἴσην
385 796 578 867 ἰσάκις,
612 796 811 852 ἑκατὸν
841 796 1187 864 τοσαυτάκις,
1213 795 1316 866 τὴν
1348 798 1406 851 δὲ
1436 797 1671 867 ἰσομήκη
1700 796 1800 867 μὲν
1827 802 1912 869 τῇ,

229 880 486 952 προμήκη
516 881 642 947 δέ,
615 877 810 934 εκατόν
839 881 940 949 μὲν
971 876 1232 949 ἀριθμων
1265 875 1369 931 ἀπὸ
1405 880 1759 947 διαμέτρων
1730 884 1914 948 ρητων
1958 946 1962 950 ⁴

227 962 528 1032 πεμπάδος,
561 961 840 1029 δεομένων
878 958 1000 1024 ἑνὸς
1050 958 1314 1027 ἑκάστων,
1350 955 1608 1029 ἀρρήτων
1645 959 1701 1014 δε
1743 963 1914 1025 δυεῖν,
1958 1018 1962 1022 ,

229 1040 425 1097 ἑκατὸν
446 1043 505 1095 δε
530 1041 725 1112 κύβων
750 1041 986 1109 τριάδος.
1026 1040 1238 1110 ξύμπας
1259 1040 1317 1095 δὲ
1337 1031 1500 1104 οὗτος
1518 1038 1759 1111 ἀριθμὸς
1774 1060 1916 1109 γεω-
1960 1047 1962 1050 ’

230 1120 486 1194 μετρικὸς
505 1120 763 1195 τοιούτου
779 1121 989 1191 κύριος,
1012 1120 1325 1191 ἀμεινόνων
1343 1142 1402 1175 τε
1422 1124 1513 1175 καὶ
1534 1121 1802 1192 χειρόνων
1822 1142 1916 1190 γε-
1959 1174 1962 1177 .

162 1231 196 1271 1)
233 1208 454 1274 νέσεων,
476 1201 540 1268 ἀς
573 1202 710 1258 ὅταν
739 1201 1113 1272 ἀγνοήσαντες
1141 1199 1275 1271 ὑμῖν
1306 1204 1361 1256 οἱ
1389 1202 1636 1271 φύλακες
1666 1207 1916 1256 συνοικί-
1940 1202 1962 1257 J

232 1292 359 1354 ζωσι
389 1286 615 1355 νύμφας
645 1289 907 1354 νυμφίοις
951 1281 1097 1354 παρὰ
1139 1282 1354 1352 καιρόν,
1387 1282 1490 1338 οὐκ
1530 1283 1754 1353 εὐφυεις
1790 1283 1914 1338 οὐδ’

234 1367 476 1438 εὐτυχεῖς
496 1371 684 1440 παῖδες
705 1371 946 1421 ἔσονται
986 1366 1065 1419 ὠν
1083 1365 1487 1435 καταστήσουσι
1516 1387 1616 1435 μεν
1637 1365 1766 1429 τούς
1796 1365 1913 1435 0295-

235 1467 398 1513 στους
419 1452 474 1504 oc
493 1448 767 1520 πρότεροι,
793 1446 941 1517 ὅμως
962 1445 1061 1500 δὲ’
1041 1447 1197 1510 όντες
1217 1443 1450 1515 ἀνάξιοι,
1478 1451 1552 1510 εἰς
1572 1446 1669 1511 τάς
1683 1453 1798 1502 τῶν
1813 1466 1921 1501 πα-

234 1535 409 1605 τέρων
422 1524 495 1584 αὖ
516 1530 778 1600 δυνάμεις
801 1527 1079 1596 ἐλθόντες,
1101 1525 1258 1598 ἡμῶν
1279 1534 1500 1598 πρῶτον
1519 1527 1778 1596 ἄρξονται
1796 1527 1919 1599 ἀμε·

234 1620 352 1668 λεῑν
372 1612 619 1682 φύλακες
636 1611 811 1681 ὄντες,
845 1608 978 1679 παρ’
1001 1615 1229 1665 ἔλαττον
1257 1616 1358 1665 τοῦ
1389 1612 1610 1674 δέοντος
1639 1608 1923 1681 ἡγησάμε-
1960 1605 1962 1612 ’

234 1716 323 1750 νοι
358 1693 425 1748 τὰ
464 1699 747 1763 μουσικῆς,
788 1694 1072 1761 [δεύτερον
1111 1692 1170 1747 δε
1205 1691 1270 1746 τὰ
1308 1698 1726 1763 γυμναστικῆς]·
1783 1691 1923 1747 ὅθεν

174 1795 208 1834 Ε
238 1774 605 1846 ἀμουσότεροι
623 1774 953 1845 γενήσονται
983 1771 1114 1859 ὗμιν
1146 1776 1201 1828 οἰ
1227 1777 1358 1829 νέοι.
1396 1776 1457 1829 ἐκ
1489 1776 1547 1828 δε
1578 1773 1793 1828 τούτων
1822 1772 1925 1844 άρ-
1960 1818 1962 1820 .

238 1878 428 1927 χοντες
446 1854 515 1911 οὐ
536 1856 689 1912 πάνυ
719 1859 1018 1927 φυλακικοὶ
1049 1854 1487 1956 καταστήσονται
1515 1853 1652 1926 πρὸς
1677 1853 1738 1910 τὸ
1773 1859 1925 1910 δοκι-

122 1966 205 2011 547
237 1938 426 2010 μάζειν
444 1959 511 1993 τα
543 1936 803 1994 Ἡσιόδου
823 1960 880 1993 τε
898 1940 989 1994 καὶ
1007 1935 1075 1993 τὰ
1092 1936 1225 2009 παρ’
1258 1936 1392 2008 ὑμῖν
1416 1939 1566 2007 γένη,
1600 1942 1849 2006 χρυσοῦν
1867 1958 1924 1990 τε

238 2022 330 2076 καὶ
348 2018 636 2090 ἀργυροῦν
654 2021 747 2075 καὶ
764 2026 1010 2090 χαλκοῦν
1029 2022 1120 2075 καὶ
1140 2023 1421 2089 σιδηροῦν·
1444 2016 1590 2087 ὁμοῦ
1603 2017 1661 2072 δὲ
1673 2020 1925 2087 μιγέντος

242 2104 477 2171 σιδηροῦ
495 2099 721 2172 ἀργυρῷ
741 2101 831 2155 καὶ
848 2106 1058 2169 χαλκοῦ
1075 2105 1262 2170 χρυσῷ
1286 2097 1615 2168 ἀνομοιότης
1634 2097 1827 2168 ἐγγενή
1832 2115 1927 2152 σε-

238 2202 327 2236 ται
345 2181 436 2236 καὶ
466 2180 752 2251 ἀνωμαλία
782 2181 1146 2252 ἀνάρμοστος,
1180 2179 1216 2235 ἂ
1244 2182 1535 2252 γενόμενα,
1570 2173 1641 2235 οὗ
1672 2177 1743 2235 ἄν
1772 2185 1927 2250 ἐγγέ-

239 2283 416 2333 νηται,
438 2260 521 2316 ἀεὶ
541 2268 706 2316 τίκτει
739 2263 985 2332 πόλεμον
1013 2266 1104 2318 καὶ
1135 2267 1358 2332 ἔχθραν.
1394 2261 1595 2333 ταύτης
1623 2284 1708 2317 τοι
1734 2267 1927 2332 γενεᾶς

239 2342 342 2414 χρὴ
365 2344 540 2412 φάναι
559 2341 698 2398 εἶναι
717 2343 928 2413 στάσιν,
950 2344 1094 2400 ὅπου
1113 2341 1186 2399 ἂν
1205 2350 1458 2415 γίγνηται
1477 2343 1575 2399 ἀεί.
1612 2346 1719 2399 Καὶ
1741 2342 1928 2413 ὀρθῶς

239 2423 318 2495 γ’,
359 2428 484 2494 ἔφη,
520 2422 692 2487 αὐτὰς
721 2421 1123 2494 ἀποκρίνεσθαι
1154 2424 1420 2496 φήσομεν.
1467 2426 1577 2479 Καὶ
1613 2423 1739 2494 γάρ,
1768 2418 1839 2494 ἦν
1869 2420 1950 2477 δ”

242 2504 366 2575 ἐγώ,
387 2503 602 2575 ἀνάγκη
623 2503 858 2569 Μούσας
881 2527 943 2575 γε
966 2505 1150 2570 οὔσας.
1198 2512 1266 2561 Τί
1292 2500 1413 2575 οὖν,
1443 2501 1480 2576 ἦ
1509 2503 1563 2560 δ’
1601 2504 1679 2574 ὅς,
1701 2506 1761 2559 τό
1792 2501 1923 2574 μετὰ

180 2615 214 2656 B
243 2592 408 2642 τοῦτο
428 2587 685 2656 λέγουσιν
706 2589 767 2641 αἰ
779 2592 1037 2652 Μοῦσαι;
1069 2589 1346 2655 Στάσεως,
1376 2581 1449 2658 ἦν
1470 2584 1518 2641 δ’
1554 2586 1678 2656 ἐγώ,
1699 2586 1927 2654 γενομέ-

243 2690 344 2739 νης
365 2670 612 2738 εἱλκέτην
632 2667 739 2739 άρα
759 2670 998 2767 εκατέρω
1018 2691 1094 2724 τω
1118 2672 1281 2739 γένει,
1312 2669 1371 2724 τὸ
1403 2691 1505 2738 μεν
1538 2672 1804 2738 σιδηροῦν
1837 2667 1928 2721 καὶ

244 2755 487 2836 χαλκοῦν
506 2751 592 2804 ἐπὶ
611 2749 991 2821 χρηματισμὸν
1010 2753 1100 2805 καὶ
1118 2758 1219 2849 γῆς
1249 2757 1441 2821 κτῆσιν
1471 2750 1562 2804 καὶ
1591 2752 1762 2811 οἰκίας
1791 2768 1927 2818 χρυ-

245 2829 375 2883 σίου
390 2851 446 2884 τε
465 2832 557 2884 καὶ
578 2827 847 2901 ἀργύρου,
877 2853 952 2885 τω
986 2829 1038 2886 δ’
1066 2833 1156 2900 αὐ,
1187 2830 1248 2886 τὸ
1270 2836 1518 2901 χρυσοῦν
1547 2851 1604 2883 τε
1633 2830 1722 2883 καὶ
1752 2826 1925 2899 ἀργυ-
