1962 3236
0 0 154 98 f

0 112 16 142 ³*
71 124 128 171 97
471 117 672 166 ΠΕΡΙ
713 115 1006 166 ΨΤΧΛΣ
1034 115 1352 165 ΚΟΣΜΩ.
1651 117 1757 170 415

69 257 198 323 ζῶα,
237 245 320 308 ὧν
348 250 444 316 τὰς
475 247 653 322 ψυχάς
683 248 991 322 έπιρρύτως
1018 247 1253 320 ένάγαγε
1283 248 1381 314 τὰς
1409 249 1511 320 μὲν
1531 249 1639 307 ἀπὸ
1661 269 1755 308 σε-

71 334 259 404 λάνας,
279 332 377 398 τὰς
406 330 460 388 δ’
493 330 601 387 α’πὸ
624 328 779 401 ἆλίω,
804 328 903 396 τὰς
924 329 984 387 δὲ
1005 327 1115 386 άπὸ
1137 337 1250 386 τῶν
1274 329 1461 387 ἄλλων
1475 338 1588 387 τῶν
1613 340 1757 388 πλα-

70 419 316 487 ζομένων
333 418 394 472 έν
412 421 481 489 τᾷ
499 419 576 471 τω
601 415 766 485 ἑτέρω
793 418 977 486 μοίρᾳ,
998 417 1100 479 ἔξω
1118 419 1245 484 μιᾶς
1260 420 1357 478 τᾶς
1377 413 1561 471 ταύτῶ
1581 416 1757 471 δυνά-

69 520 209 569 μιος,
240 495 312 552 ἂν
348 499 410 552 ἐν
437 502 517 569 τῷ
545 501 751 568 λογικῷ
779 498 931 565 μέρει
966 498 1164 565 ἔμιξεν,
1201 494 1392 551 εἰκόνα
1422 502 1621 567 σοφίας
1645 509 1757 563 τοῖς

70 578 477 650 εὐμοιρατοῦσι.
514 583 611 641 τᾶς
637 578 740 647 μὲν
757 575 865 646 γὰρ
885 573 1247 644 ἀνθρωπίνας
1265 584 1443 649 ψυχᾶς
1461 576 1522 634 τὸ
1541 578 1643 650 μὲν
1660 586 1752 636 λο-

68 659 230 731 γικόν
254 664 367 716 ἐστι
386 661 478 715 καὶ
494 656 716 728 νοερόν,
743 657 805 712 τὸ
827 655 880 712 δ’
904 655 1112 726 ἄλογον
1136 661 1228 712 καὶ
1249 657 1436 730 ἄφρον
1451 681 1462 691 ·
1483 666 1562 715 τῶ
1583 658 1643 716 δὲ
1661 667 1758 716 λο-

1786 261 1820 301 E

68 763 207 812 γικω
227 740 287 796 τό
308 740 412 839 μὲν
432 743 671 809 κρέσσον
689 740 751 793 ἐκ
778 743 874 803 τοῖς
903 736 1085 793 ταύτῶ
1120 738 1338 810 φύσιος,
1366 740 1427 795 τὸ
1459 741 1520 797 δὲ
1545 744 1758 813 χέρειον
1827 736 1829 738 ’

68 825 129 879 ἐκ
149 828 245 886 τᾶς
263 843 339 877 τω
360 822 545 890 ἑτέρω,
559 819 824 889 ἑκάτερον
838 819 898 875 δὲ
910 821 1035 890 περὶ
1053 819 1158 875 τάν
1176 819 1756 894 κεφαλάνίδρυμένον,

70 926 147 970 ως
164 898 334 959 τᾶλλα
353 905 522 974 μέρεα
540 907 637 967 τᾶς
654 908 835 973 ψυχᾶς
852 904 944 958 καὶ
955 923 1030 957 τω
1051 902 1304 973 σώματος
1323 899 1617 974 ὑπηρετεῖν
1635 904 1758 960 τού·

68 1006 165 1059 τω,
196 984 455 1052 καθάπερ
487 982 683 1039 ὑπάτω
714 1004 791 1038 τω
824 982 1057 1047 σκάνεος
1082 982 1350 1050 ἅπαντος·
1387 1006 1464 1040 τω
1487 982 1538 1040 δ’
1572 985 1757 1056 ἄλόγω

72 1072 263 1139 μέρεος
291 1064 353 1121 τὸ
384 1064 487 1135 μὲν
511 1066 807 1135 θυμοειδὲς
835 1065 960 1134 περὶ
994 1062 1098 1120 τὰν
1126 1069 1376 1135 καρδίαν,
1397 1064 1460 1122 τὸ
1482 1064 1536 1122 δ’
1557 1070 1759 1123 έπυθυ-

70 1148 307 1220 ματικὸν
336 1147 461 1216 περὶ
489 1143 551 1201 τὸ
589 1139 754 1216 ἧπαρ.
806 1151 908 1200 τοῦ
948 1145 1007 1200 δὲ
1037 1145 1290 1216 σώματος
1319 1146 1496 1218 ἀρχὰν
1530 1150 1632 1220 μὲν
1669 1151 1758 1205 καὶ

67 1231 222 1301 ῥίζαν
248 1232 434 1298 μυελῶ
466 1225 617 1297 εἶμεν
644 1230 969 1298 ἐγκέφαλον,
1001 1230 1062 1281 ἐν
1092 1220 1140 1300 ᾦ
1174 1224 1208 1282 ἁ
1236 1225 1526 1299 ἁγεμονία·
1562 1229 1668 1286 ἀπὸ
1700 1233 1760 1286 δὲ

68 1310 250 1366 τούτω
270 1305 390 1365 οἷον
408 1307 666 1380 άπόχυμα
690 1309 809 1379 ῥεῖν
830 1305 921 1362 διὰ
951 1313 1065 1362 τῶν
1092 1313 1308 1364 νωτίων
1337 1310 1673 1367 σπονδύλων
1696 1312 1757 1367 τὰ

71 1389 288 1460 λοιπόν,
310 1392 364 1455 ἐξ
385 1381 429 1444 ὦ
458 1394 534 1454 είς
567 1390 783 1459 σπέρμα
811 1389 905 1444 καὶ
932 1386 1107 1458 γόνον
1136 1393 1469 1460 μερίζεσθαι.
1507 1390 1671 1447 ὀστέα
1700 1393 1760 1450 δὲ

69 1478 293 1545 μυελῶν
312 1471 751 1542 περιφράγματα·
772 1473 1016 1526 τουτέων
1034 1470 1094 1526 δὲ
1114 1471 1326 1527 σκέπαν
1335 1472 1439 1543 μὲν
1455 1473 1560 1529 τάν
1579 1473 1759 1547 σάρκα

70 1557 162 1612 καὶ
190 1553 580 1624 προκάλυμμα,
600 1554 932 1622 συνδέσμοις
951 1550 1013 1607 δὲ
1030 1550 1240 1608 ποττὰν
1257 1558 1477 1609 κίνασιν
1495 1566 1607 1620 τοῖς
1625 1556 1759 1611 νεύ-

73 1659 190 1709 ροις
209 1641 425 1701 συνᾶψε
444 1633 508 1689 τὰ
531 1632 740 1704 ἄρθρα.
775 1639 888 1688 τῶν
908 1630 962 1687 δ’
993 1636 1304 1690 έντοσθίων
1330 1634 1397 1691 τά
1418 1634 1521 1706 μὲν
1546 1642 1760 1707 τροφᾶς

70 1720 251 1791 χάριν,
273 1715 340 1773 τὰ
361 1715 421 1772 δὲ
440 1720 726 1787 σωτηρίας.

210 1804 293 1856 xl.
330 1803 615 1854 Κινασίων
637 1797 696 1853 δὲ
716 1803 829 1852 τῶν
849 1794 957 1852 άπὸ
987 1803 1098 1852 τῶν
1123 1799 1276 1862 ἐκτὸς
1303 1796 1401 1863 τὰς
1429 1801 1532 1869 μὲν
1562 1796 1758 1855 ἀναδι-

71 1885 308 1954 δομένας
327 1885 403 1945 είς
419 1878 517 1935 τὸν
536 1880 848 1950 φρονέοντα
867 1879 1040 1935 τόπου
1061 1879 1357 1951 αἰσθήσιας
1387 1878 1555 1951 εἶμεν,
1583 1878 1682 1946 τὰς
1702 1876 1754 1934 δ’

71 1963 168 2021 ὑπ’
194 1962 486 2027 άντίλαψιν
516 1960 589 2032 μὴ
619 1965 908 2026 πιπτοίσας
928 1958 1373 2033 ,ἀνεπαισθήτωςὺ
1402 1957 1440 2033 ἦ
1464 1967 1543 2036 τῷ
1558 1959 1625 2017 τά
1648 1958 1758 2016 πά-

1789 921 1877 967 100

4 2110 11 2119 ,
72 2065 273 2118 σχοντα
300 2043 524 2115 σώματα
560 2044 965 2113 γαιοειδέστερα
1002 2042 1169 2115 εἶμεν,
1206 2040 1243 2115 ἢ
1271 2051 1350 2118 τῷ
1376 2043 1474 2110 τὰς
1506 2044 1759 2110 κινάσιας
1789 2066 1822 2108 c

71 2127 479 2200 ἄμενηνοτέρας
514 2130 825 2197 γίγνεσθαι.
874 2124 1072 2182 ὁκόσαι
1105 2126 1207 2196 μὲν
1244 2119 1325 2181 οὖν
1356 2128 1622 2193 έξίσταντι
1654 2123 1759 2182 τὰν

72 2210 264 2281 φύσιν,
286 2206 532 2278 ἀλγειναὶ
552 2210 670 2263 ἐντί
677 2230 689 2242 ·
727 2205 924 2264 ὁκόσαι
947 2210 1006 2264 δὲ
1025 2205 1465 2264 άποκαθίσταντι
1484 2211 1540 2273 ές
1559 2206 1757 2277 αὐτάν,

74 2292 271 2349 ἁδοναὶ
308 2288 718 2360 ὀνυμαίνονται.
774 2296 878 2346 τᾶν
914 2289 963 2346 δ’
998 2295 1310 2363 αἰσθησίων
1348 2289 1454 2347 τάν
1487 2290 1590 2363 μὲν
1625 2290 1759 2359 ὄψιν

74 2372 204 2445 ἁμὶν
223 2371 322 2428 τὸν
340 2369 480 2427 θεὸν
499 2368 712 2436 ἀνάψαι
736 2376 812 2435 είς
829 2373 973 2427 θέαν
1001 2377 1114 2427 τῶν
1133 2371 1390 2443 ω’ρανίων
1417 2374 1510 2429 καὶ
1534 2372 1757 2428 ἐπιστά-

75 2477 179 2526 μας
207 2453 504 2522 άνάλαψιν,
535 2452 638 2507 τὰν
665 2450 717 2507 δ’
749 2450 965 2512 άκουάν
994 2452 1179 2522 λόγων
1203 2453 1294 2508 καὶ
1320 2459 1506 2523 μελῶν
1532 2452 1757 2524 ἀντιλη-

76 2536 277 2593 πτικάν
295 2540 522 2605 ἔφυσεν,
541 2526 606 2599 ἇς
624 2533 1045 2605 στερισκόμενος
1063 2536 1122 2588 ἐκ
1140 2537 1385 2604 γενέσιος
1403 2531 1432 2588 ὁ
1456 2531 1758 2604 ἅνθρωπος

75 2618 206 2674 οὐδὲ
243 2617 414 2686 λόγον
450 2621 527 2672 ἔτι
557 2619 831 2684 προέσθαι
870 2614 1190 2671 δυνάσεται·
1239 2613 1322 2670 διὸ
1362 2616 1453 2671 καὶ
1491 2635 1757 2686 συγγενε-

75 2703 280 2759 στάταν
311 2706 386 2774 τῷ
409 2700 555 2773 λόγῳ
584 2700 792 2755 ταύταν
822 2704 1088 2755 αἴσθασίν
1114 2720 1282 2769 φαντι
1306 2696 1471 2769 εἶμεν.
1503 2695 1676 2755 ὁκόσα
1697 2702 1757 2755 δὲ
1789 2712 1824 2754 D

76 2786 264 2841 πάθεα
302 2789 413 2836 τῶν
439 2780 708 2852 σωμάτων
737 2778 1108 2852 ὁνυμαίνεται,
1136 2780 1260 2835 ποτὶ
1290 2777 1393 2835 τάν
1420 2778 1573 2852 ἁφὰν
1600 2785 1757 2853 κληΐ-
