1962 3236
214 162 318 214 436
811 161 1287 209 ΠΛΑΤΩΝΟΣ
1817 169 1900 212 118

212 291 358 367 ἦσαν
382 295 620 365 οἰκήσεις
639 297 946 363 δεδομέναι.
983 291 1051 346 τὰ
1072 294 1131 347 δὲ
1150 294 1354 364 νεω’ρια
1374 294 1619 365 τριήρων
1639 292 1808 364 μεστοὶ
1827 288 1901 366 ἦν
1959 313 1962 360 j

215 378 306 432 καὶ
346 380 564 430 σκευῶν
600 371 705 427 ὅσα
743 372 990 443 τριήρεσι
1028 373 1310 443 προσήκει,
1349 373 1531 428 πάντα
1566 375 1901 445 ἐξηρτυμένα

213 461 431 519 ἱκανῶς.
490 456 581 508 καὶ
613 451 679 507 τοὶ
711 452 813 523 μὲν
842 450 911 523 δὴ
949 454 1072 524 περὶ
1097 451 1200 523 τὴν
1230 462 1343 509 τῶν
1379 457 1656 524 βασιλέων
1685 463 1902 526 οἴκησιν

213 536 360 593 οὕτω
380 534 784 591 κατεσκεύαστο
804 555 814 564 ·
854 534 1107 605 διαβάντι
1132 536 1192 589 δὲ
1220 533 1352 599 τοὺς
1380 538 1602 605 λιμένας
1629 540 1730 601 ἔξω
1760 548 1903 605 τρεῖς

154 625 189 667 Ε
217 617 382 681 ὄντας
398 615 710 687 ἀρξάμενον
730 614 838 670 ἀπὸ
858 624 955 686 τῆς
974 615 1251 686 θαλάττης
1269 615 1391 689 ᾔειν
1419 619 1478 670 ἐν
1506 617 1691 690 κύκλῳ
1712 629 1900 687 τεῖχος,

213 696 556 768 πεντήκοντα
577 701 834 761 σταδίους
853 705 954 752 τοῦ
977 703 1238 767 μεγίστου
1260 706 1462 768 τροχοῦ
1479 719 1538 752 τε
1567 700 1658 753 καὶ
1685 703 1904 768 λιμένος

213 780 418 851 ἀπέχον
449 787 712 851 πανταχῇ,
747 782 838 834 καὶ
865 781 1186 834 συνέκλειεν
1215 784 1290 843 εἰς
1318 777 1524 834 ταύτὸν
1554 779 1692 848 πρὸς
1719 780 1781 834 τὸ
1809 788 1905 850 τῆς

215 861 486 931 διώρυχος
505 861 681 930 στόμα
697 860 759 917 τὸ
782 862 921 931 πρὸς
938 860 1232 930 θαλάττης.
1285 868 1448 915 τοῦτο
1481 859 1547 930 δὴ
1578 868 1690 915 πᾶν
1718 879 1903 934 συνῳ-

212 955 358 999 κεῖτο
380 943 480 1013 μὲν
509 939 616 996 ὑπὸ
654 948 877 996 πολλῶν
905 944 996 996 καὶ
1028 946 1261 996 πυκνῶν
1295 941 1583 1010 οἰκήσεων,
1618 938 1648 995 ὁ
1683 940 1742 997 δὲ
1765 938 1905 995 ἀνά-

214 1032 389 1088 πλους
418 1025 511 1078 καὶ
542 1020 570 1077 ὁ
610 1024 863 1092 μέγιστος
896 1021 1063 1092 λιμὴν
1095 1026 1254 1093 ἔγεμε
1283 1026 1494 1076 πλοίων
1524 1022 1615 1076 καὶ
1647 1020 1903 1091 ἐμπόρων

215 1104 649 1175 ἀφικνουμένων
666 1103 970 1172 πάντοθεν,
993 1103 1191 1174 φωνην
1216 1105 1307 1158 καὶ
1338 1101 1595 1173 θόρυβον
1626 1107 1903 1157 παντοδα-

215 1185 324 1241 πὸν
343 1184 556 1240 κτύπον
574 1205 632 1239 τε
662 1182 794 1254 μεθ’
826 1182 1038 1254 ἡμέραν
1064 1186 1155 1239 καὶ
1175 1182 1265 1238 διὰ
1286 1183 1488 1248 νυκτὸς
1515 1181 1623 1238 ὑπὸ
1650 1182 1904 1253 πλήθους

216 1266 624 1336 παρεχομένων.

357 1351 417 1400 Χ.
464 1343 538 1401 Τὸ
562 1346 665 1415 μὲν
684 1339 791 1399 οὖν
812 1344 954 1399 ἄστυ
974 1347 1064 1398 καὶ
1084 1343 1142 1398 τὸ
1167 1347 1292 1413 περὶ
1311 1344 1412 1414 τὴν
1435 1342 1668 1413 ἀρχαίαν
1687 1351 1904 1415 οἴκησιν

218 1426 415 1497 σχεδὸν
437 1425 511 1491 ὦς
529 1427 625 1482 τότ
634 1425 868 1495 ’ἐλέχθη
889 1433 996 1480 νῦν
1012 1425 1504 1527 διεμνημόνευται·
1540 1431 1636 1495 τῆς
1662 1422 1714 1478 δ’
1737 1424 1904 1495 ἄλλης

105 1513 190 1559 118
213 1507 395 1578 χώρας
431 1528 505 1570 ως
539 1505 575 1576 ἡ
611 1506 780 1575 φύσις
811 1504 914 1575 εἶχε
939 1506 1029 1560 καὶ
1064 1505 1125 1559 τό
1157 1512 1252 1575 τῆς
1290 1506 1705 1577 διακοσμήσεως
1741 1504 1901 1576 εἶδος,

214 1587 704 1659 ἀπομνημονεῦσαι
718 1589 1021 1657 πειρατέον.
1045 1594 1266 1689 πρῶτον
1284 1609 1386 1657 μεν
1405 1580 1510 1641 οὖν
1528 1583 1557 1641 ὁ
1574 1586 1745 1650 τόπος
1764 1608 1906 1651 απας

216 1671 429 1738 ἐλέγετο
450 1669 674 1739 σφόδρα
695 1689 753 1722 τε
776 1665 990 1738 ὑψηλὸς
1012 1670 1103 1723 καὶ
1122 1667 1401 1739 ἀπότομος
1428 1670 1488 1723 ἐκ
1514 1668 1810 1738 θαλάττης,
1841 1666 1903 1723 τὸ

217 1751 277 1806 δὲ
296 1752 420 1821 περὶ
439 1751 545 1821 τὴν
570 1748 734 1805 πόλιν
754 1756 867 1805 πᾶν
886 1754 1096 1818 πεδίον,
1114 1752 1332 1821 ἐκείνην
1351 1752 1453 1822 μὲν
1471 1755 1743 1820 περιέχον,
1764 1747 1901 1804 αὐτὸ

217 1834 277 1887 δὲ
311 1831 500 1906 κύκλῳ
530 1831 926 1902 περιεχόμενον
956 1831 1110 1903 ὄρεσι
1137 1835 1293 1903 μέχρι
1322 1830 1463 1902 πρὸς
1490 1830 1593 1902 τὴν
1619 1831 1905 1886 θάλατταν

215 1917 587 1984 καθειμένοις,
606 1921 758 1968 λεῖον
780 1916 872 1969 καὶ
893 1911 1112 1984 ὁμαλές,
1132 1914 1414 1985 πρόμηκες
1442 1915 1501 1968 δὲ
1528 1921 1658 1981 πᾶν,
1690 1914 1776 1967 ε’πὶ
1803 1914 1903 1982 μὲν

215 1994 430 2064 θάτερα
448 2001 761 2065 τρισχιλίων
782 1999 1039 2065 σταδίων,
1065 1993 1202 2051 κατὰ
1226 1996 1285 2051 δὲ
1304 1997 1476 2066 μέσον
1496 1992 1603 2050 ἀπὸ
1627 1993 1904 2063 θαλάττης

216 2075 334 2132 ἅνω
361 2080 656 2146 δισχιλίων.
696 2075 725 2131 ὁ
765 2078 824 2132 δὲ
859 2078 1028 2141 τόπος
1061 2069 1224 2141 οὗτος
1257 2077 1388 2146 ὅλης
1423 2084 1520 2146 τῆς
1549 2075 1728 2145 νήσου
1766 2074 1904 2145 πρὸς

154 2169 189 2211 Β
219 2157 387 2212 νότον
430 2159 739 2227 ἐτέτραπτο,
777 2157 884 2213 ἀπὸ
919 2166 1032 2213 τῶν
1072 2157 1293 2229 ἄρκτων
1332 2157 1700 2228 κατάβορρος·
1740 2153 1806 2211 τά
1846 2159 1906 2211 δὲ

215 2240 343 2309 περὶ
359 2236 535 2292 αὐτὸν
554 2236 659 2308 ὅρη
676 2238 800 2293 τότε
819 2236 1042 2309 ὑμνεῖτο
1065 2245 1282 2310 πλῆθος
1300 2241 1393 2294 καὶ
1411 2240 1650 2309 μέγεθος
1669 2240 1760 2294 καὶ
1778 2237 1902 2293 κάλ-

217 2326 312 2384 λος
322 2316 472 2389 παρὰ
486 2318 668 2374 πάντα
679 2316 746 2373 τὰ
764 2326 873 2374 νῦν
893 2317 1030 2375 ὄντα
1047 2322 1353 2391 γεγονέναι,
1375 2318 1583 2384 πολλὰς
1598 2320 1700 2390 μὲν
1717 2319 1906 2389 κῶμας

217 2398 310 2455 καὶ
329 2403 597 2464 πλουσίας
627 2404 926 2468 περιοίκων
957 2401 1020 2456 έν
1048 2402 1262 2467 ἑαυτοῖς
1288 2407 1500 2472 ἔχοντα,
1532 2399 1816 2472 ποταμοὺς
1845 2403 1905 2456 δὲ

216 2482 308 2535 καὶ
336 2485 531 2551 λίμνας
558 2484 650 2536 καὶ
677 2487 949 2552 λειμῶνας
977 2482 1195 2554 τροφὴν
1224 2495 1337 2548 τοῖς
1368 2491 1539 2539 πᾶσιν
1565 2481 1788 2555 ἡμέροις
1814 2485 1905 2537 καὶ

218 2559 432 2633 ἀγρίοις
449 2560 651 2634 ἱκανὴν
669 2567 1005 2634 θρέμμασιν,
1026 2562 1172 2635 ὕλην
1190 2567 1250 2620 δὲ
1267 2567 1360 2620 καὶ
1379 2565 1582 2636 πλήθει
1601 2567 1692 2620 καὶ
1719 2565 1903 2634 γένεσι

218 2648 473 2714 ποικίλην
493 2644 738 2714 ξύμπασί
763 2666 821 2699 τε
849 2657 963 2710 τοῖς
983 2649 1164 2716 ἔργοις
1193 2650 1284 2702 καὶ
1316 2645 1454 2716 πρὸς
1483 2647 1684 2702 ἕκαστα
1712 2646 1903 2714 ἀφθο-

161 2738 191 2779 c
217 2745 334 2779 νον.
375 2717 484 2780 ὦδε
506 2716 612 2781 οὖν
629 2724 691 2781 τὸ
712 2730 905 2782 πεδίον
932 2728 1100 2797 φύσει
1118 2731 1210 2783 καὶ
1241 2727 1349 2783 ὑπὸ
1378 2729 1648 2799 βασιλέων
1680 2731 1903 2780 πολλῶν

216 2805 279 2857 ἐν
328 2811 515 2875 πολλῶ
560 2805 745 2875 χρόνω
795 2807 1174 2878 διεπεπόνητο.
1239 2809 1588 2878 τετράγωνον
1624 2805 1725 2876 μὲν
1761 2803 1898 2860 αὔθ’
