1962 3236
709 123 1197 172 ΠΟΛΙΤΕΙΑΣ
1225 116 1287 186 βῆ,
1768 121 1836 173 35

296 424 335 476 1.
363 419 502 491 Ἐγῶ
532 420 635 490 μὲν
662 414 771 475 οὖν
798 425 972 475 ταῦτα
990 415 1162 475 εἰπών
1184 416 1344 493 ᾤ’μην
1380 418 1555 488 λόγου
1586 417 1836 490 ἀπηλλά-
1859 426 1946 474 357

155 510 316 574 χθαι·
346 501 408 558 τὸ
431 499 482 557 δ’
503 494 577 572 ἦν
597 499 722 571 ἄρα,
754 497 828 564 ὡς
846 504 1017 571 ἔοικε,
1038 504 1343 571 προοίμιον.
1383 498 1412 555 ὁ
1433 498 1541 570 γάρ
1563 502 1837 558 Γλαύκων

158 582 251 639 ἀεί
261 604 320 639 τε
351 579 739 650 ἀνδρειότατος
782 578 864 635 ῶν
889 581 1149 651 τυγχάνει
1177 578 1317 652 πρὸς
1353 577 1600 652 ἅπαντα,
1637 585 1730 638 καὶ
1767 582 1834 654 δὴ

155 667 247 721 καὶ
264 665 387 720 τότε
405 668 506 718 τοῦ
530 661 904 733 Θρασυμάχου
931 661 1036 733 τὴν
1066 660 1375 734 ἀπόρρησιν
1394 660 1498 718 οὐκ
1518 661 1834 736 ἀπεδέξατο,

154 744 278 802 ἀλλ’
308 749 414 816 ἔφη
438 739 505 800 Ὦ
526 742 849 815 Σώκρατες,
885 741 1125 813 πότερον
1154 740 1298 813 ἡμᾶς
1316 743 1507 814 βούλει
1526 747 1712 801 δοκεῖν
1735 766 1836 802 πε-

154 830 400 884 πεικέναι
427 823 464 897 ἢ
491 824 564 891 ὡς
592 822 818 896 ἀληθῶς
848 834 1048 895 πεῖσαι,
1084 821 1170 878 ὅτι
1198 825 1362 880 παντὶ
1393 826 1579 898 τρόπῳ
1609 826 1841 898 άμεινόν
1870 840 1904 881 Β

160 913 274 966 ἐστι
301 912 517 965 δίκαιον
548 905 744 964 εἶναι’
717 929 752 977 η
746 904 1002 973 ’ἀδικονς
1033 903 1127 971 Ὡς
1155 902 1410 978 ἀληθῶς,
1451 905 1633 977 εἷπον,
1671 908 1840 1007 ἔγωγίι

161 990 502 1061 ἀγέλοίμην,
533 993 583 1044 εἰ
612 986 700 1043 ἐπ’
732 989 851 1059 ἐμοὶ
877 995 977 1059 εἴη.
1054 986 1142 1044 Οὐ
1169 993 1392 1058 τοίνυν,
1430 991 1565 1060 ἔφη,
1601 1002 1774 1056 ποιεῖς
1807 987 1840 1048 ὃ

160 1073 364 1144 βούλει.
405 1075 528 1140 λέγε
547 1070 656 1141 γάρ
674 1091 792 1141 μοι·
821 1063 933 1140 ἀρά
953 1084 1041 1124 σοι
1060 1073 1215 1125 δοκεῖ
1227 1069 1445 1126 τοιόνδε
1464 1092 1515 1127 τι
1534 1069 1730 1127 εἶναι’
1697 1095 1839 1144 αγα-

158 1152 272 1210 θόν
284 1195 301 1223 ,
328 1151 361 1209 ὃ
388 1150 669 1222 δεξαίμεθ’
704 1147 777 1206 ἀν
799 1154 941 1221 ἔχειν
959 1148 1030 1206 οὐ
1048 1158 1160 1206 τῶν
1176 1149 1603 1223 ἀποβαινόντων
1620 1156 1838 1227 ἐφιέμε-

158 1257 244 1290 νοι
260 1276 275 1302 ,
303 1231 427 1290 ἀλλ’
449 1231 584 1288 αὐτὸ
606 1230 783 1287 αὑτοῦ
806 1232 970 1288 ἕνεκα
988 1230 1387 1303 ἀσπαζόμενοι;
1408 1229 1528 1290 οἷον
1545 1233 1608 1290 τὸ
1629 1241 1839 1309 χαίρειν

155 1318 247 1373 καὶ
268 1319 329 1372 αί
344 1313 539 1386 ἡδοναὶ
559 1313 687 1371 ὅσαι
709 1312 966 1385 ἀβλαβεῖς
987 1314 1079 1369 καὶ
1098 1313 1270 1385 μηδὲν
1287 1319 1364 1380 εἰς
1381 1314 1483 1371 τόν
1501 1320 1683 1385 ἔπειτα
1702 1317 1837 1390 χρό-

158 1420 261 1454 νον
288 1396 378 1453 διὰ
398 1396 599 1460 ταύτας
617 1401 861 1466 γίγνεται
893 1395 1028 1451 ἄλλο
1046 1393 1083 1467 ἦ
1100 1399 1312 1466 χαίρειν
1330 1400 1538 1468 ἔχοντα.
1596 1397 1837 1470 Ἔμοιγε,

155 1474 231 1552 ἦν
249 1477 301 1536 δ’
333 1478 470 1550 ἐγώ,
498 1482 653 1534 δοκεῖ
663 1498 717 1533 τι
746 1475 886 1534 εἶναι
905 1483 1175 1534 τοιοῦτον.
1230 1484 1299 1534 Τί
1323 1481 1386 1534 δέ
1395 1503 1411 1546 ;
1443 1476 1476 1534 ὃ
1496 1477 1633 1536 αὐτό
1652 1501 1711 1535 τε
1732 1478 1837 1536 αὑ-
1868 1488 1900 1530 C

157 1568 261 1618 τοῦ
277 1561 439 1632 χάριν
457 1558 757 1632 ἀγαπῶμεν
775 1562 867 1615 καὶ
883 1565 997 1616 τῶν
1012 1557 1104 1615 ἀπ’
1127 1557 1305 1616 αὐτοῦ
1322 1563 1696 1632 γιγνομένων;
1716 1557 1837 1618 οἷον

157 1636 232 1698 αὖ
249 1642 311 1698 τὸ
333 1654 565 1714 φρονεῖν
584 1644 676 1698 καὶ
693 1639 754 1698 τὸ
776 1638 918 1715 ὁρᾷν
936 1642 1029 1697 καὶ
1056 1639 1116 1696 τὸ
1139 1639 1413 1712 ὑγιαίνειν
1428 1665 1439 1675 ·
1477 1641 1544 1705 τὰ
1577 1640 1687 1714 γάρ
1718 1664 1836 1702 τοι-

161 1724 303 1781 αῦτά
320 1745 431 1781 που
450 1722 523 1780 δι’
545 1721 834 1795 ἀμφότερα
851 1721 1226 1795 ἀσπαζόμεθα.
1264 1728 1407 1795 Ναί,
1428 1723 1600 1781 εἷπον.
1639 1730 1840 1796 Τρίτον

162 1806 221 1863 δὲ
242 1804 377 1879 ὁρᾷς
395 1828 474 1877 τι,
502 1811 609 1877 ἔφη
623 1847 639 1876 ,
673 1804 816 1871 εἶδος
834 1803 1058 1876 ἀγαθοῦ
1071 1847 1087 1874 ,
1116 1808 1178 1862 ἐν
1199 1798 1244 1880 ᾧ
1267 1805 1328 1861 τὰ
1349 1806 1728 1877 γυμνάζεσθαι
1745 1810 1838 1863 καὶ

159 1886 222 1945 τὸ
255 1888 539 1958 κάμνοντα
571 1886 924 1956 ἰατρεύεσθαι
960 1889 1052 1943 καὶ
1087 1886 1362 1956 ἰάτρευσίς
1390 1908 1450 1943 τε
1485 1888 1577 1943 καὶ
1605 1884 1635 1942 ὁ
1673 1887 1839 1953 ἄλλος

157 1969 556 2042 χρηματισμός;
589 1975 762 2023 ταῦτα
788 1968 895 2039 γὰρ
915 1970 1150 2024 ἐπίπονα
1169 1979 1375 2040 φαῖμεν
1393 1969 1465 2025 ἅν
1478 2010 1493 2038 ,
1524 1966 1760 2039 ῶφελεῖν
1778 1969 1839 2024 δὲ
1879 2019 1885 2021 ,

156 2050 300 2125 ἡμᾶς
312 2094 328 2122 ,
347 2053 439 2107 καὶ
457 2047 597 2106 αὐτὰ
616 2048 718 2121 μὲν
738 2051 952 2106 ἑαυτῶν
971 2052 1132 2107 ἕνεκα
1152 2049 1255 2106 οὐκ
1274 2048 1346 2106 ἀν
1366 2053 1663 2121 δεξαίμεθα
1681 2052 1841 2120 ἔχειν,
1873 2059 1909 2100 D

159 2142 273 2191 τῶν
293 2135 351 2190 δὲ
380 2139 603 2204 μισθῶν
625 2153 684 2188 τε
712 2131 875 2203 χάριν
900 2134 993 2188 καὶ
1014 2139 1129 2188 τῶν
1146 2131 1332 2189 ἄλλων
1351 2131 1457 2187 ὅσα
1476 2136 1722 2202 γίγνεται
1739 2127 1838 2186 ἀπ’

160 2215 364 2272 αὐτῶν.
407 2215 562 2272 ’Ἐστι
579 2214 685 2286 γὰρ
705 2208 839 2285 οὖν,
878 2219 1052 2286 ἔφην,
1083 2215 1175 2271 καὶ
1202 2220 1368 2270 τοῦτο
1387 2217 1589 2287 τρίτον.
1632 2211 1770 2268 ἀλλὰ
1790 2217 1846 2268 τί

159 2298 257 2371 δή;
294 2295 383 2354 Ἐν
401 2301 540 2370 ποίῳ
553 2339 568 2366 ,
592 2300 724 2369 ἔφη,
745 2296 960 2353 τούτων
978 2294 1083 2368 τὴν
1104 2295 1466 2367 δικαιοσύνην
1486 2300 1674 2366 τίθης;
1706 2291 1840 2365 Ἐγῶ

159 2380 260 2452 μὲν
287 2378 465 2451 οἶμαι,
495 2372 568 2450 ἦν
587 2375 640 2433 δ’
664 2378 775 2449 ἐγώ
786 2420 801 2448 ,
835 2381 895 2434 ἐν
914 2384 994 2452 τῷ
1012 2382 1312 2450 καλλίστῳ,
1334 2373 1365 2434 ὃ
1384 2379 1476 2433 καὶ
1496 2375 1570 2432 δι’
1593 2372 1730 2432 αὑτὸ
1755 2377 1847 2431 καὶ
1870 2389 1960 2435 358

162 2459 251 2518 διά
273 2459 340 2516 τὰ
362 2460 664 2531 γιγνόμενα
685 2457 783 2515 ἀπ’
817 2457 994 2517 αὐτοῦ
1021 2459 1333 2531 ἀγαπητέον
1361 2464 1441 2529 τῷ
1459 2460 1713 2529 μέλλοντι
1733 2478 1840 2528 μα-

164 2547 338 2615 καρίῳ
360 2545 603 2597 ἔσεσθαι.
680 2539 766 2598 Οὐ
785 2546 978 2598 τοίνυν
998 2545 1175 2612 δοκεῖ,
1195 2546 1319 2613 ἔφη,
1340 2551 1453 2605 τοῖς
1473 2544 1722 2608 πολλοῖς,
1743 2536 1843 2594 ἀλ-

165 2623 233 2680 λὰ
260 2629 363 2679 τοῦ
384 2623 655 2679 ἐπιπόνου
675 2626 882 2694 εἴδους,
923 2621 956 2679 ὃ
984 2630 1209 2693 μισθῶν
1237 2621 1302 2679 θ’
1327 2624 1490 2677 ἕνεκα
1510 2621 1603 2676 καὶ
1623 2616 1845 2675 εὐδοκι-

163 2707 383 2778 μήσεων
414 2704 503 2761 διὰ
525 2706 693 2771 δόξαν
717 2704 1128 2776 ἐπιτηδευτέον,
1169 2702 1302 2760 αὐτὸ
1341 2706 1400 2759 δὲ
1429 2700 1674 2775 διἀὑτὰ
1703 2724 1844 2773 φευ-

163 2792 323 2846 κτέον
347 2786 419 2853 ῶς
446 2783 513 2843 ὂν
530 2788 785 2858 χαλεπόν.
1541 2862 1568 2892 ,ι

1503 2866 1530 2909 3
