1962 3236
1020 5 1046 25 *ο

218 178 320 232 108
832 173 1304 231 ΠΛΑΤΩΝΟΣ

156 335 190 375 Ε
217 316 500 390 τάττομεν,
522 316 660 375 ἀλλὰ
682 318 862 372 πάντα
891 320 1097 385 φαῦλα,
1116 312 1216 368 ἐὰν
1244 312 1306 368 τὸ
1335 312 1636 383 λεγόμενον
1666 315 1726 368 ἓν
1754 318 1890 383 μέγα

218 397 550 470 φυλάττωσι,
582 403 794 470 μᾶλλον
818 394 869 451 δ’
904 393 1026 450 ἀντὶ
1063 393 1305 465 μεγάλου
1331 392 1542 449 ἱκανόν.
1599 398 1668 449 Τί
1697 399 1890 462 τοῦτο;

216 481 335 550 ἔφη.
377 477 493 551 Τὴν
514 483 785 548 παιδείαν,
813 469 884 547 ἦν
914 474 967 531 δ’
1002 474 1127 546 ἐγώ,
1159 475 1252 530 καὶ
1283 473 1512 546 τροφήν.
1558 474 1658 530 ε’ἀν
1685 476 1793 546 γὰρ
1826 480 1889 531 εὐ

214 560 608 633 παιδευόμενοι
646 562 854 632 μέτριοι
903 557 1104 628 άνδρες
1145 560 1461 628 γίγνωνται,
1504 556 1683 612 πάντα
1718 565 1890 614 ταῦτα

215 643 418 714 ῥᾳδίως
437 642 725 710 διόψονται
742 641 834 696 καὶ
852 639 989 695 ἄλλα
1007 646 1086 709 γε,
1118 636 1224 693 ὅσα
1250 643 1359 694 νῦν
1377 635 1529 710 ἡμεῖς
1555 643 1892 711 παραλείπο-

213 743 334 793 μεν,
355 722 458 795 τήν
477 745 536 779 τε
555 731 669 780 τῶν
693 729 978 794 γυναικῶν
1008 727 1202 793 κτῆσιν
1230 723 1324 777 καὶ
1350 720 1544 793 γάμων
1576 726 1668 778 καὶ
1695 728 1892 780 παιδο-

99 824 186 870 424
215 808 412 874 ποιίας,
433 799 517 860 ὅτι
537 808 622 861 δεῖ
634 811 807 861 ταῦτα
826 802 963 860 κατὰ
985 800 1089 875 τὴν
1109 807 1408 875 παροιμίαν
1436 803 1618 859 πάντα
1647 802 1681 860 ὅ
1715 826 1766 860 τι
1785 804 1891 876 μά-

214 891 371 941 λιστα
409 884 571 942 κοινὰ
608 884 677 941 τὰ
713 889 892 956 φίλων
929 891 1223 939 ποιεῖσθαι.
1259 882 1565 954 Ὀρθότατα
1598 884 1726 955 γάρ,
1765 888 1887 956 ἔφη,

213 964 445 1036 γίγνοιτ’
481 965 568 1021 ἄν.
604 970 715 1021 Καὶ
741 965 867 1036 μήν,
901 964 1069 1030 εἷπον,
1101 969 1361 1033 πολιτεία,
1395 964 1598 1035 ἐάνπερ
1624 963 1767 1031 ἅπαξ
1794 964 1893 1036 ὁρ-

214 1047 362 1118 μήσῃ
381 1041 465 1116 εὖ,
487 1050 696 1118 ἔρχεται
726 1045 910 1118 ὥσπερ
942 1045 1148 1110 κύκλος
1174 1043 1536 1117 αὐξανομένη.
1577 1045 1754 1118 τροφὴ
1784 1046 1890 1118 γὰρ

214 1129 307 1183 καὶ
335 1130 622 1192 παίδευσις
655 1128 858 1199 χρηστὴ
895 1129 1170 1198 σωζομένη
1198 1127 1393 1197 φύσεις
1419 1125 1639 1198 ἀγαθὰς
1664 1131 1891 1199 ἐμποιεῖ,

216 1209 307 1264 καὶ
337 1203 412 1263 αὖ
450 1208 645 1279 φύσεις
673 1212 901 1281 χρησταὶ
928 1207 1184 1279 τοιαύτης
1214 1212 1460 1274 παιδείας
1487 1208 1890 1281 ἀντιλαμβανό-

217 1311 381 1360 μεναι
412 1294 491 1346 ἔτι
518 1296 770 1361 βελτίους
800 1296 914 1346 τῶν
944 1295 1230 1361 προτέρων
1257 1289 1497 1360 φύονται
1526 1300 1603 1356 εἴς
1630 1313 1688 1347 τε
1719 1286 1893 1348 τᾶλλα

156 1387 189 1428 Β
216 1373 308 1426 καὶ
326 1375 401 1436 εἰς
420 1371 478 1426 τὸ
502 1378 726 1444 γεννᾷν,
749 1369 932 1443 ὥσπερ
962 1373 1053 1426 καὶ
1082 1373 1143 1426 ἐν
1170 1383 1283 1436 τοῖς
1308 1371 1495 1436 ἄλλοις
1524 1371 1693 1438 ζιόοις.
1726 1374 1895 1438 Εἰκός

213 1447 290 1520 γ’,
310 1456 432 1523 ἔφη.
459 1450 552 1517 Ὡς
568 1460 761 1509 τοίνυν
781 1451 871 1508 διὰ
891 1456 1140 1525 βραχέων
1159 1457 1346 1522 εἰπεῖν,
1365 1452 1568 1509 τούτου
1589 1452 1895 1510 ἀνθεκτέον

214 1543 327 1598 τοῖς
355 1536 696 1606 ἐπιμεληταῖς
732 1543 828 1607 τῆς
865 1535 1092 1604 πόλεως,
1121 1534 1270 1599 ὅπως
1300 1530 1371 1590 ἀν
1409 1532 1614 1600 αὐτοὺς
1641 1534 1714 1608 μὴ
1744 1537 1894 1610 λάθῃ

216 1617 548 1686 διαφθαρέν,
592 1614 733 1671 ἀλλά
772 1615 920 1687 παρὰ
958 1615 1137 1671 πάντα
1167 1613 1300 1673 αὐτὸ
1340 1616 1675 1688 φυλάττωσι,
1721 1618 1781 1674 τὸ
1819 1619 1893 1690 μὴ

216 1701 554 1766 νεωτερίζειν
591 1698 716 1769 περὶ
752 1699 1134 1769 γυμναστικήν
1180 1720 1238 1755 τε
1288 1701 1380 1755 καὶ
1424 1699 1698 1771 μουσικὴν
1744 1700 1894 1773 παρὰ

217 1775 320 1847 τὴν
347 1778 519 1848 τάξιν,
551 1776 672 1834 ἀλλ’
717 1776 790 1844 ὦς
826 1775 947 1835 οἶόν
982 1802 1041 1835 τε
1075 1779 1308 1851 μάλιστα
1341 1780 1641 1851 φυλάττειν
1679 1788 1894 1854 φοβου-

217 1861 435 1927 μένους,
456 1857 594 1914 ὅταν
611 1882 690 1924 τις
709 1864 856 1933 λέγῃ,
879 1857 953 1925 ὥς
970 1859 1074 1932 τὴν
1092 1859 1292 1933 ἀοιδην
1304 1869 1516 1933 μᾶλλον
1529 1865 1894 1933 ἐπιφρονέου-

218 1953 310 1993 σιν
329 1938 643 2010 ἄνθρωποι,

392 2020 509 2091 ἥτις
531 2020 872 2079 ἀειδόντεσσι
890 2021 1134 2093 νεωτάτη
1154 2021 1538 2094 ἀμφιπέληται,

217 2100 290 2172 μὴ
332 2103 598 2168 πολλάκις
625 2104 726 2160 τὸν
755 2103 988 2174 ποιητήν
1017 2125 1098 2167 τις
1129 2111 1307 2174 οἴηται
1334 2105 1515 2175 λέγειν
1547 2102 1650 2160 οὐκ
1680 2105 1895 2178 ᾅσματα

163 2200 194 2242 C
215 2185 332 2252 νέα,
353 2181 492 2239 ἀλλὰ
510 2185 721 2260 τρόπον
740 2183 884 2259 ᾠδῆς
902 2186 1048 2254 νέον,
1070 2187 1161 2239 καὶ
1176 2192 1339 2240 τοῦτο
1358 2188 1570 2258 ἐπαινῇ.
1613 2190 1700 2242 δεῖ
1713 2186 1759 2242 δ’
1782 2186 1892 2242 οὔτ’

156 2773 191 2812 D

220 2265 465 2318 ἐπαινεῖν
483 2262 544 2319 τὸ
568 2270 824 2320 τοιοῦτον
842 2264 971 2320 οὔτε
1000 2263 1428 2336 ὑπολαμβάνειν.
1468 2265 1610 2331 εἶδος
1637 2265 1744 2338 γὰρ
1773 2289 1895 2323 και-

219 2341 324 2399 νὸν
342 2351 607 2415 μουσικῆς
625 2345 986 2417 μεταβάλλειν
1006 2343 1340 2417 εὐλαβητέον
1370 2343 1444 2411 ὥς
1471 2349 1533 2401 ἐν
1562 2345 1673 2419 ὅλῳ
1702 2352 1895 2403 κινδυ-

221 2425 458 2481 νεύοντα
474 2449 485 2459 ·
525 2426 778 2498 οὐδαμοῦ
797 2426 903 2499 γὰρ
929 2434 1217 2482 κινοῦνται
1240 2435 1507 2499 μουσικῆς
1536 2428 1729 2499 τρόποι
1757 2430 1895 2484 ἄνευ

220 2512 516 2562 πολιτικῶν
534 2505 724 2578 νόμων
750 2515 863 2563 τῶν
887 2513 1172 2579 μεγίστων,
1207 2506 1281 2573 ὥς
1312 2513 1454 2579 φησί
1474 2530 1532 2563 τε
1559 2509 1775 2580 Δάμων
1804 2513 1896 2565 καὶ

219 2587 325 2659 ε’γω
364 2592 643 2660 πείθομαι.
696 2591 806 2644 Καὶ
834 2588 926 2659 ἐμὲ
953 2594 1162 2658 τοίνυν,
1195 2593 1300 2660 ἔφη
1334 2587 1363 2644 ὁ
1395 2588 1758 2660 Ἀδείμαντος,
1795 2590 1895 2654 θὲς

219 2676 330 2723 τῶν
350 2674 747 2740 πεπεισμένων.

361 2754 440 2803 lv,
502 2750 575 2806 Τό
607 2750 674 2822 δὴ
702 2753 1097 2823 φυλακτήριον,
1129 2746 1198 2822 ἦν
1230 2749 1284 2807 δ’
1320 2751 1444 2821 ἐγώ,
1476 2748 1547 2814 ὦς
1582 2755 1778 2821 ἔοικεν,
1801 2755 1893 2807 ἐν-

219 2830 407 2884 ταῦθά
445 2852 555 2884 που
582 2837 969 2904 οἰκοδομητέον
1002 2845 1114 2898 τοῖς
1149 2832 1404 2903 φύλαξιν,
1445 2834 1505 2887 έν
1542 2840 1795 2903 μουσικῇ.
1830 2833 1898 2889 ‘H
