1962 3236
191 190 295 243 114
806 190 1283 238 ΠΛΑΤΩΝΟΣ

189 324 369 399 τούτῳ
392 325 677 424 ἐπιστήμῃ,
705 343 779 396 τςο
807 326 1110 392 προεστωτι
1127 322 1217 374 καὶ
1237 319 1478 391 άρχοντι,
1499 318 1599 392 όλη
1621 322 1766 396 σοφὴ
1794 345 1867 379 αν

192 414 275 504 εἴη
314 407 452 462 κατὰ
485 406 659 476 φύσιν
696 378 1004 459 οἰκισθεῖσα
1035 400 1218 465 πόλις’
1263 403 1353 456 καὶ
1383 408 1563 472 τοῦτο,
1598 425 1670 467 ως
1706 408 1864 473 ἔοικε,

75 503 161 549 429
194 488 361 592 φύσει
398 486 674 557 ὀλίγιστον
699 490 943 554 γίγνεται
971 487 1145 552 γένος,
1177 476 1224 556 ᾦ
1253 482 1517 554 προσήκει
1546 484 1745 555 ταύτης
1771 491 1868 555 τῆς

191 571 486 642 ἐπιστήμης
505 565 953 640 μεταλαγχάνειν,
972 563 1043 636 ἢν
1073 565 1253 636 μόνην
1283 570 1367 620 δεῖ
1388 587 1501 620 των
1535 565 1719 621 άλλων
1748 569 1868 621 ε’πι-

192 659 415 723 στημῶν
456 656 662 720 σοφίαν
709 654 1013 704 καλεῖσθαι.
1070 646 1452 718 Ἀληθέστατα,
1504 652 1626 719 ἔφη,
1675 651 1863 717 λέγεις.

196 739 372 789 Τοῦτο
392 733 493 804 μὲν
517 732 583 802 δὴ
616 733 676 786 ἓν
704 737 817 785 τῶν
848 728 1121 800 τεττάρων
1152 728 1255 784 οὐκ
1286 728 1406 784 οἶδα
1437 728 1627 785 ὅντινα
1658 730 1867 801 τρόπον

191 813 506 886 εὑρήκαμεν
535 810 673 868 αὐτό
700 833 758 866 τε
789 812 879 867 καὶ
911 809 1055 865 ὅπου
1088 817 1183 881 τῆς
1210 810 1420 875 πόλεως
1450 814 1681 880 ἵδρυται.
1722 808 1865 881 Ἐμοὶ

188 904 330 967 γοῦν
350 899 557 966 δοκεῖ,’
537 900 661 994 ἐφη,
683 891 1048 991 ἀποχρώντως
1069 890 1352 961 εὑρῆσθαι.

329 981 434 1033 VII.
477 974 639 1032 Ἀλλά
669 973 780 1075 μὴν
809 973 1036 1043 άνδρεία
1065 994 1127 1042 γε
1153 971 1293 1042 αὐτή
1326 994 1384 1027 τε
1414 975 1504 1027 καὶ
1533 976 1591 1028 ἐν
1620 965 1666 1045 ᾦ
1694 983 1864 1027 κεῖται

93 1092 131 1133 f
189 1069 283 1133 τῆς
302 1062 530 1130 πόλεως,
557 1057 627 1114 δι’
663 1056 695 1113 ὃ
714 1057 937 1127 τοιαύτη
959 1058 1155 1125 κλητέα
1184 1052 1217 1125 ἡ
1238 1054 1410 1124 πόλις,
1442 1053 1511 1109 ού
1536 1053 1685 1109 πάνυ
1707 1060 1866 1123 χαλε-

56 1158 73 1173 2'
127 1155 159 1195 B
190 1142 300 1199 πόν
320 1146 471 1199 ἰδεῖν.
520 1146 650 1206 Πῶς
670 1139 766 1211 δή·
753 1181 768 1206 ,
814 1137 950 1203 Τι”ς
927 1138 1015 1207 α’ν,
1041 1159 1113 1206 ην
1143 1134 1195 1191 δ’
1230 1136 1354 1206 ε’γω,
1382 1141 1457 1201 εἰς
1486 1135 1618 1191 άλλο
1648 1158 1699 1190 τι
1726 1133 1866 1191 άπο-
1942 1136 1962 1196 ,ἑ

188 1225 393 1297 βλέψας
419 1219 456 1294 ἢ
475 1217 705 1293 δειλὴν
679 1219 715 1292 η“
735 1218 997 1290 ἀνδρείαν
1017 1219 1181 1274 πόλιν
1201 1225 1362 1288 εἰποι,
1385 1217 1508 1274 ἀλλ’
1539 1215 1575 1287 ἢ
1596 1222 1671 1282 εἰς
1701 1223 1865 1273 τοῦτο
1942 1215 1962 1251 ³*

189 1303 251 1361 τὸ
274 1307 457 1376 μέρος,
488 1301 519 1359 ὂ
549 1308 890 1373 προπολεμεῖ
911 1322 968 1355 τε
998 1301 1088 1355 και
1117 1299 1469 1370 στρατεύεται
1500 1298 1638 1368 ὑπερ
1670 1297 1866 1370 αὐτῆς;

195 1385 335 1444 Οὐδ’
362 1383 436 1440 ἄν
457 1380 548 1454 εἷς,
568 1387 693 1455 ἔφη,
714 1388 790 1448 είς
811 1381 945 1437 άλλο
964 1404 1030 1436 τι
1079 1378 1164 1436 Οὐ
1189 1379 1295 1452 γὰρ
1326 1380 1491 1452 οἶμαι,
1523 1380 1695 1451 εἶπον,
1727 1384 1783 1435 οἵ
1803 1402 1866 1450 γε

190 1467 348 1524 άλλοι
368 1469 427 1522 ἐν
446 1465 584 1538 αὐτῇ
616 1462 654 1536 ἦ
673 1467 841 1521 δειλοὶ
868 1460 906 1535 ἦ
936 1462 1221 1535 άνδρεῖοι’
1201 1463 1357 1528 ὄντες
1388 1462 1570 1534 κύριοι
1599 1458 1671 1517 ἂν
1698 1461 1807 1517 εἷεν
1832 1459 1868 1532 ἢ

192 1555 348 1607 τοίαν
367 1547 544 1620 αὐτὴν
559 1543 752 1604 εἷναι’“
715 1570 749 1619 η
772 1553 943 1602 τοίαν.
984 1545 1070 1601 Ού
1090 1544 1212 1615 γάρ.
1254 1546 1363 1601 Καὶ
1384 1543 1654 1616 άνδρεία’
1630 1544 1738 1613 άρα
1765 1545 1869 1599 πό-

193 1640 275 1698 λις
293 1634 445 1704 μέρει
463 1633 570 1687 τινὶ
601 1632 796 1701 ἑαυτῆς
825 1631 953 1698 ἐστί,
976 1626 1066 1683 διὰ
1086 1625 1145 1682 τὸ
1167 1629 1229 1682 ἐν
1254 1629 1444 1699 ἐκείνῳ
1468 1631 1608 1697 ἔχειν
1629 1624 1867 1696 δύναμιν

137 1729 169 1771 C
196 1714 476 1785 τοιαύτην,
495 1710 531 1783 ἢ
557 1710 646 1767 διὰ
666 1708 869 1775 παντὸς
893 1709 1059 1764 σώσει
1074 1708 1176 1780 τὴν
1194 1711 1446 1779 περὶτῶν
1467 1711 1665 1763 δεινῶν
1683 1707 1867 1775 δόξαν,

191 1796 365 1851 ταῦτά
385 1815 444 1849 τε
467 1791 607 1848 αὐτὰ
627 1791 767 1847 εἶναι
786 1793 876 1847 καὶ
893 1797 1138 1861 τοιαῦτα,
1163 1789 1198 1845 ά
1216 1811 1274 1845 τε
1295 1791 1386 1845 καὶ
1407 1786 1494 1846 οἷα
1514 1786 1543 1845 ὁ
1563 1791 1869 1860 νομοθέτης

192 1876 558 1947 παρήγγειλεν
578 1878 638 1929 ἐν
662 1881 729 1947 τῇ
748 1877 980 1946 παιδείᾳ.
1019 1868 1056 1943 ἦ
1078 1872 1146 1928 οὐ
1177 1877 1340 1927 τοῦτο
1372 1869 1635 1940 ἀνδρείαν
1662 1877 1868 1933 καλεῖς;

197 1955 282 2014 Οὐ
299 1957 466 2027 πάνυ,
491 1960 615 2027 ἔφη,
637 1959 851 2027 ἔμαθον
880 1953 911 2011 ὃ
944 1953 1104 2023 εἶπες,
1142 1950 1266 2009 ἀλλ’
1297 1947 1464 2017 αὖθις
1496 1952 1624 2008 εἰπέ.
1670 1958 1868 2021 Σωτη-

194 2044 320 2109 ρίαν
343 2035 529 2108 ἔγωγ’,
553 2036 726 2107 εἷπον,
759 2039 900 2107 λέγω
931 2033 1053 2090 τινὰ
1083 2033 1222 2089 εἶναι
1247 2033 1348 2104 τὴν
1370 2032 1646 2101 ἀνδρείαν.
1688 2037 1867 2086 Ποίαν

195 2122 260 2191 δὴ
283 2125 585 2191 σωτηρίαν;
627 2117 742 2189 Την
766 2124 863 2188 τῆς
883 2115 1041 2186 δόξης
1062 2122 1157 2186 τῆς
1176 2113 1284 2169 ὑπὸ
1306 2113 1483 2185 νόμου
1509 2110 1598 2168 δια
1627 2118 1722 2183 τῆς
1740 2131 1869 2166 παι-

195 2203 342 2264 δείας
359 2204 649 2269 γεγονυίας
668 2199 792 2269 περὶ
821 2214 936 2252 των
965 2200 1180 2266 δεινῶν,
1213 2195 1250 2249 ά
1278 2197 1338 2249 τέ
1366 2196 1478 2249 ἐστι
1509 2194 1601 2249 καὶ
1627 2188 1730 2247 οἷα.
1778 2193 1867 2247 διὰ

195 2279 400 2345 παντὸς
426 2281 485 2336 δε
503 2283 694 2349 ἔλεγον
715 2277 911 2350 [αὐτὴν
928 2282 1224 2349 σωτηρίαν]
1254 2274 1314 2332 τὸ
1339 2280 1400 2330 ἔν
1427 2296 1485 2330 τε
1511 2274 1711 2339 λύπαις
1734 2272 1869 2329 ὄντα
1946 2331 1948 2333 ,

129 2386 164 2427 1)
200 2360 563 2427 διασώζεσθαι
582 2357 758 2430 αὐτὴν
777 2360 868 2415 καὶ
888 2361 949 2414 ἐν
978 2357 1200 2430 ἡδοναῖς
1224 2358 1314 2412 καὶ
1346 2359 1406 2412 ἐν
1434 2358 1751 2425 ἐπιθυμίαις
1777 2357 1870 2410 καὶ

195 2445 258 2499 έν
277 2441 474 2514 φόβοις
490 2443 581 2497 καὶ
604 2439 677 2512 μὴ
699 2441 995 2512 ἐκβάλλειν.
1033 2432 1076 2514 ᾧ
1106 2442 1169 2495 δέ
1187 2461 1280 2509 μοι
1298 2442 1465 2507 ,δοκεῖ
1483 2435 1677 2507 ὅμοιον
1711 2434 1867 2505 εἶναι,

198 2527 373 2581 ἐθέλω
412 2523 720 2594 ἀπεικάσαι,
761 2528 811 2578 εί
844 2521 1047 2594 βούλει.
1101 2519 1258 2576 Ἀλλά
1289 2521 1576 2591 βούλομαι.
1642 2515 1869 2573 Ούκοῦν
1945 2567 1947 2571 .

199 2604 382 2676 οἶσθα,
400 2599 470 2677 ἦν
491 2606 543 2661 δ’
565 2605 690 2704 graf,
725 2603 808 2660 ὅτι
839 2608 895 2659 οἱ
919 2610 1130 2675 βαφεῖς,
1166 2599 1387 2658 ἐπειδὰν
1414 2604 1736 2672 βουληθῶσι
1763 2599 1867 2669 βά-

198 2699 297 2750 ψαι
316 2691 435 2785 ἔρια
457 2684 589 2741 ὥστ’
622 2685 761 2741 εἶναι
786 2683 1052 2788 ἁλουργά,
1083 2703 1306 2751 πρωτον
1335 2680 1434 2752 μὲν
1464 2681 1775 2749 ἐκλέγονται
1806 2680 1866 2732 ἐκ

198 2768 481 2823 τοσούτων
499 2767 804 2839 χρωμάτων
823 2771 954 2838 μίαν
972 2765 1143 2836 φύσιν
1162 2763 1265 2835 τὴν
1289 2786 1401 2818 των
1432 2767 1662 2828 λευκων,
1685 2763 1867 2814 ἔπειτα

198 2848 821 2918 προπαρασκευάζουσιν
839 2847 942 2904 οὐκ
965 2846 1122 2918 ὀλίγῃ
1138 2849 1461 2916 παρασκευῇ
1477 2838 1865 2912 θεραπεύσαν-
1939 2899 1943 2911 ᾳ
