1962 3236
140 37 163 58 υ
211 21 220 34 ,-
254 0 475 37 ww
490 0 532 27 π’
552 0 1174 42 ἐπεῑιῖῐῆιπψτ··ῒέ·,··“»’.τῒ·’··“-ῖ·ν
1203 24 1207 27 -
1268 0 1278 7 ’

661 167 1149 231 ΠοΛΙΤΕΙΑΣ
1182 178 1242 245 η’.
1689 181 1792 234 233

107 326 240 376 πᾶσι
254 339 265 349 ·
303 314 442 385 πρὸς
464 317 523 372 δὲ
542 327 660 380 ταῖς
678 314 955 381 τοιαύταις
975 313 1221 385 οἰκήσεσι
1250 315 1342 369 καὶ
1370 314 1465 378 τὰς
1484 314 1719 386 κτήσεις,
1745 319 1797 370 εἰ

107 398 491 473 μνημονεύεις,
514 397 1051 468 διωμολογησάμεθά
1082 417 1194 451 που
1213 391 1324 451 οἷαι
1350 399 1570 450 ἔσονται
1591 393 1791 462 αὐτοῖς.

107 480 262 539 Auo}
289 480 640 551 μνημονεύω,
662 483 788 548 ἔφη,
810 476 893 533 ὅτι
914 499 977 548 γε
997 474 1164 532 οὐδὲν
1185 475 1387 533 οὐδένα
1417 474 1647 552 ᾠόμεθα
1676 482 1794 534 δεῖν

106 568 413 632 κεκτῆσθαι
435 553 514 616 ῶν
534 566 643 614 νῦν
674 562 731 613 οἱ
755 557 931 627 ἄλλοι,
965 556 1148 628 ὥσπερ
1180 561 1238 613 δὲ
1265 556 1512 630 ἀθλητάς
1541 580 1598 615 τε
1628 562 1795 615 πολέ-

106 668 215 715 μου
246 645 335 699 καὶ
367 643 639 713 φύλακας,
678 638 889 710 μισθὸν
926 645 1022 709 τῆς
1061 646 1314 711 φυλακῆς
1352 644 1684 712 δεχομένους
1719 645 1794 706 εἰς
1819 659 1852 701 c

105 725 365 785 ἐνιαυτὸν
382 724 485 795 τὴν
515 728 591 788 εἰς
612 730 784 778 ταῦτα
815 721 1032 794 τροφὴν
1057 722 1204 792 παρὰ
1234 729 1346 778 τῶν
1374 722 1574 793 ἄλλων,
1605 722 1793 780 αὐτῶν

105 831 161 864 τε
188 813 303 864 δεῖν
324 809 414 862 καὶ
432 812 528 876 τῆς
548 804 715 876 ἄλλης
735 804 946 867 πόλεως
966 805 1355 874 ἐπιμελεῖσθαι.
1386 804 1615 876 Ὀρθῶς,
1630 808 1790 877 ἔφην,

103 893 288 959 λέγεις.
341 885 464 942 ἀλλ’
510 886 627 955 ἄγε,
666 882 851 955 ἐπειδὴ
888 882 1040 939 τοῦτ’
1085 882 1504 956 ἀπετελέσαμεν,
1544 884 1794 956 ἀναμνη-

71 966 79 972 ’
107 977 354 1039 σθῶμεν,
375 968 560 1023 πόθεν
588 970 753 1035 δεῦρο
784 964 1214 1036 ἐξετραπόμεθα,
1242 969 1334 1020 ἵνα
1365 966 1531 1021 πάλιν
1556 965 1660 1037 τὴν
1686 965 1794 1021 αὐ·-

103 1050 207 1121 τὴν
227 1059 412 1120 ἴωμεν.
456 1046 541 1104 Οὐ
563 1048 819 1118 χαλεπόν,
842 1052 963 1117 ἔφη.
1006 1046 1206 1117 σχεδὸν
1223 1046 1348 1118 γάρ,
1378 1047 1635 1116 καθάπερ
1667 1055 1792 1118 νῦν,

104 1130 175 1195 ῶς
201 1128 547 1200 διεληλυθώς
568 1132 691 1197 περὶ
721 1135 816 1198 τῆς
844 1133 1054 1193 πόλεως
1082 1127 1213 1192 τούς
1241 1129 1446 1198 λόγους
1476 1132 1668 1184 ἐποιοῦ
1701 1131 1792 1184 λέ-
1822 1139 1857 1180 D

102 1234 236 1282 γων,
261 1209 333 1275 ῶς
359 1208 583 1280 ἀγαθὴν
603 1209 703 1278 μὲν
723 1209 826 1279 τὴν
844 1210 1124 1279 τοιαύτην,
1146 1213 1270 1264 οἵαν
1287 1210 1408 1265 τότε
1442 1214 1684 1280 διῆλθες,
1707 1232 1791 1266 τι-

100 1297 259 1362 θείης
278 1291 459 1361 πόλιν,
480 1292 570 1345 καὶ
589 1289 768 1360 ἄνδρα
799 1287 898 1344 τόν
926 1293 1107 1361 ἐκείνῃ
1134 1290 1346 1360 ὅμοιον,
1376 1293 1467 1346 καὶ
1495 1299 1685 1360 ταῦτα,
1716 1290 1791 1355 ῶς

100 1377 298 1439 ἔοικας,
322 1377 526 1427 καλλίω
547 1375 623 1425 ἔτι
653 1374 791 1440 ἔχων
821 1375 995 1426 εἰπεῖν
1022 1371 1186 1426 πόλιν
1215 1393 1271 1425 τε
1303 1373 1394 1427 καὶ
1421 1370 1623 1443 ἄνδρα·
1663 1369 1787 1428 ἀλλ’

103 1447 208 1508 οὖν
225 1452 290 1524 δὴ
312 1451 408 1517 τὰς
426 1452 594 1517 ἄλλας
614 1449 996 1523 ἡμαρτημένας
1012 1458 1208 1523 ἔλεγες,
1235 1458 1286 1508 εἰ
1301 1450 1442 1524 αὕτη
1460 1451 1622 1524 ὀρθή.
1679 1460 1794 1509 τῶν
1821 1466 1914 1512 544
1937 1494 1942 1496 -

103 1534 162 1589 δὲ
198 1541 411 1589 λοιπῶν
444 1540 736 1590 πολιτειῶν
782 1539 1022 1606 ἔφησθα,
1065 1533 1138 1600 ὥς
1178 1535 1531 1606 μνημονεύω,
1562 1538 1790 1606 τέτταρα

102 1618 218 1686 εἴδη
242 1613 397 1683 εἶναι,
420 1608 500 1670 ῶν
519 1616 610 1670 καὶ
630 1618 752 1686 πέρι
781 1616 953 1686 λόγον
973 1615 1128 1682 ἄξιον
1150 1624 1232 1687 εἰη
1258 1622 1400 1687 ἔχειν
1419 1618 1511 1672 καὶ
1531 1619 1667 1672 ἰδεῖν
1686 1613 1792 1670 αύ-

101 1703 214 1751 τῶν
243 1698 307 1751 τὰ
339 1695 697 1767 ἁμαρτήματα
735 1700 827 1752 καὶ
870 1697 1002 1763 τούς
1034 1702 1266 1763 ἐκείναις
1304 1692 1378 1753 αὖ
1416 1697 1659 1770 ὁμοίους,
1697 1700 1792 1754 ἵνα

103 1776 315 1841 πάντας
333 1775 539 1842 αὐτοὺς
571 1778 784 1842 ἰδόντες
812 1780 902 1834 καὶ
933 1778 1405 1850 ὁμολογησάμενοι
1431 1778 1533 1835 τὸν
1562 1779 1789 1850 ἄριστον

106 1855 314 1912 καὶτὸν
340 1859 601 1914 κάκιστον
621 1860 799 1928 ἄνδρα
830 1862 1283 1931 ἐπισκεψαίμεθα,
1314 1865 1365 1916 εἰ
1392 1857 1420 1916 ὁ
1455 1859 1676 1930 ἄριστος
1696 1858 1792 1916 εύ-

106 1941 525 2008 δαιμονέστατος
544 1943 634 1995 καὶ
664 1937 692 1995 ὁ
723 1942 979 2006 κάκιστος
1006 1940 1346 2006 ἀθλιώτατος
1375 1938 1412 2012 ἦ
1444 1941 1622 2006 ἄλλως
1650 1945 1788 2013 ἔχοι·

104 2020 194 2074 καὶ
214 2020 354 2089 ἐμοῦ
381 2022 667 2090 ἐρομένου,
699 2027 850 2085 τίνας
879 2026 1058 2092 λέγοις
1085 2020 1182 2086 τὰς
1211 2025 1468 2091 τέτταρας
1496 2027 1788 2091 πολιτείας,

102 2103 163 2157 ἐν
191 2102 367 2173 τούτῳ
404 2099 643 2172 ὑπέλαβε
682 2104 1037 2174 Πολέμαρχός
1074 2125 1131 2159 τε
1167 2106 1258 2159 καὶ
1299 2101 1661 2174 Ἀδείμαντος,
1700 2106 1791 2160 καὶ
1821 2118 1860 2161 Β

105 2181 252 2237 οὕτω
289 2183 356 2254 δὴ
394 2182 464 2238 σύ
504 2181 803 2254 ἀναλαβών
833 2183 934 2239 τὸν
961 2186 1130 2255 λόγον
1162 2183 1317 2254 δεῦρ’
1348 2184 1551 2255 α’φῖξαι.
1587 2183 1790 2254 Ὀρθό-

102 2286 251 2333 τατα,
275 2262 448 2331 εἷπον,
468 2263 895 2335 ἐμνημόνευσας.
940 2265 1122 2322 Πάλιν
1141 2272 1352 2333 τοίνυν,
1384 2263 1568 2334 ὥσπερ
1590 2274 1789 2322 παλαι-

104 2346 251 2415 στής,
276 2344 377 2413 τὴν
394 2340 571 2415 αὐτὴν
598 2346 775 2415 λαβὴν
798 2348 1016 2418 πάρεχε,
1041 2349 1134 2403 καὶ
1163 2346 1223 2402 τὸ
1256 2343 1390 2402 αὐτὸ
1424 2349 1564 2418 ἐμοῦ
1592 2349 1788 2418 ἐρομέ-

103 2446 208 2479 νου
229 2430 399 2492 πειρῶ
422 2428 608 2493 εἰπεῖν,
640 2423 779 2494 ἅπερ
802 2427 924 2482 τότε
957 2432 1175 2497 ἔμελλες
1201 2429 1398 2498 λέγειν.
1436 2425 1685 2498 Ἐάνπερ,
1717 2422 1789 2499 ἦν

105 2502 154 2558 δ’
190 2506 316 2575 ἐγώ,
347 2506 614 2575 δύνωμαι.
652 2509 760 2562 Καὶ
792 2510 922 2579 μήν,
953 2502 990 2579 ἦ
1021 2506 1074 2564 δ’
1105 2509 1182 2579 ὅς,
1214 2511 1470 2579 ἐπιθυμῶ
1498 2510 1591 2564 καὶ
1620 2507 1787 2573 αὐτὸς

103 2585 354 2653 ἀκοῦσαι,
384 2594 535 2650 τίνας
557 2591 735 2656 ἔλεγες
765 2589 861 2653 τὰς
888 2594 1145 2659 τέτταρας
1175 2595 1459 2654 πολιτείας.
1505 2588 1591 2645 Οὐ
1626 2596 1788 2659 χαλε-
1819 2600 1850 2643 0

102 2674 236 2737 πῶς,
257 2661 328 2738 ἦν
350 2666 400 2722 δ’
428 2668 552 2737 ἐγώ,
575 2668 817 2725 ἀκούσει.
853 2672 954 2726 εἰσὶ
972 2669 1078 2741 γὰρ
1097 2667 1163 2735 ἃς
1180 2673 1340 2740 λέγω,
1361 2673 1519 2739 αἵπερ
1543 2672 1633 2726 καὶ
1653 2667 1789 2726 ὀνό-

102 2770 246 2819 ματα
265 2754 500 2819 ἔχουσιν,
530 2749 564 2819 ἥ
584 2772 637 2805 τε
667 2749 772 2806 ὑπὸ
795 2757 907 2806 τῶν
928 2759 1150 2808 πολλῶν
1178 2755 1565 2823 ἐπαινουμένη,
1586 2749 1620 2824 ἡ
1638 2756 1783 2824 Κρη-

102 2832 224 2901 τική
244 2852 299 2886 τε
323 2833 409 2886 καὶ
442 2831 732 2903 Λακωνικὴ
751 2830 914 2904 αὕτη·
946 2835 1035 2889 καὶ
1054 2837 1280 2903 δευτέρα
1300 2832 1333 2905 ἡ
1354 2835 1622 2903 δευτέρως
1640 2836 1787 2890 ἐπαι-
