1962 3236
254 13 280 36 .,
340 0 774 31 ’ψ’*φκῒ-ΓννινΊηεΐ
803 0 806 2 ’

23 135 89 208 ’τι
696 153 910 201 TIMA
920 151 1074 200 102.
1181 168 1185 169 ⁷
1606 149 1713 202 345

31 286 135 343 οὐκ
154 287 271 343 ἐστὲ
292 283 415 343 οὐδ’
443 283 636 342 ἅλυτοι
653 283 715 341 τὸ
735 282 984 355 πάμπαν,
1003 282 1076 340 οὔ
1092 306 1145 340 τι
1162 284 1266 356 μὲν
1293 282 1360 356 δὴ
1389 285 1715 355 λυθήσεσθέ

30 390 93 439 γε
124 365 255 423 οὐδὲ
280 367 544 434 τεύξεσθε
578 366 837 424 θανάτου
868 370 1078 437 μοίρας,
1111 373 1208 438 τῆς
1236 370 1368 439 ἐμῆς
1395 366 1716 439 βουλήσεως

0 450 3 455 ’
32 453 278 520 μείζονος
297 452 374 504 ἔτι
392 453 601 519 δεσμοῦ
617 451 708 505 καὶ
732 450 1073 518 κυριωτέρου
1091 448 1352 519 λαχόντες
1369 450 1613 518 ἐκείνων,
1634 442 1715 511 οἷς

33 529 118 585 ὅτ’
141 534 429 600 ἐγίγνεσθε
448 533 783 595 ξυνεδεῖσθε.
817 534 928 583 νῦν
948 522 1054 584 οὖν
1073 527 1107 585 ὃ
1127 532 1268 601 λέγω
1287 530 1426 600 πρὸς
1450 525 1595 600 ὑμᾶς
1623 530 1716 583 ἐν-

34 610 407 681 δεικνύμενος,
420 608 644 681 μάθετε.
664 606 846 679 θνητά
866 613 943 663 ἔτι
955 611 1085 682 γένη
1101 610 1264 666 λοιπὰ
1283 608 1399 682 τρί’
1420 608 1711 681 ἄγέννητα·

34 691 248 747 τούτων
281 692 339 747 δὲ
369 691 443 762 μὴ
471 692 789 761 γενομένων
818 687 1061 759 οὐρανὸς
1088 690 1282 763 ἀτελὴς
1307 695 1480 748 ἔσται·
1513 690 1580 747 τὰ
1609 687 1715 761 γὰρ

33 771 238 827 ἅπαντ’
258 776 320 829 ἐν
338 770 488 846 αὐτῷ
497 774 628 842 γένη
649 770 804 838 ζώων
822 769 923 841 οὐχ
942 772 1064 841 ἕξει,
1081 775 1168 828 δεῖ
1180 776 1256 842 δέ,
1271 778 1322 829 εἰ
1337 776 1521 844 μέλλει
1539 775 1719 836 τέλεος
1746 783 1781 826 G

36 855 241 917 [κανῶς
261 851 416 909 εἶναι.
455 852 534 908 δι’
553 855 691 924 ἐμοῦ
711 852 770 909 δὲ
798 858 972 908 ταῦτα
1001 853 1276 925 γενόμενα
1295 857 1385 911 καὶ
1404 861 1532 927 βίου
1550 875 1719 925 μετα-

35 934 238 1003 σχόντα
257 942 410 999 θεοῖς
429 931 655 1001 ίσάζοιτ’
688 933 783 989 ἅν·
822 936 916 988 ἵνα
935 927 1042 989 οὖν
1066 935 1249 1006 θνητοί
1278 957 1336 991 τε
1365 929 1402 1008 ᾗ
1428 935 1491 991 τό
1520 956 1576 990 τε
1606 940 1719 989 πᾶν

34 1014 160 1070 τόδε
181 1015 355 1080 ὅντως
383 1014 534 1070 ἅπαν
564 1009 617 1086 ᾗ,
649 1018 918 1083 τρέπεσθε
954 1014 1092 1071 κατὰ
1121 1016 1295 1086 φύσιν
1319 1013 1473 1088 ὑμεῖς
1501 1017 1588 1072 ἐπὶ
1616 1015 1720 1086 τὴν

35 1103 149 1151 τῶν
183 1096 339 1163 ζώων
375 1100 759 1167 δημιουργίαν,
798 1095 1133 1167 μιμούμενοι
1166 1095 1269 1167 τὴν
1307 1095 1442 1168 ἐμὴν
1481 1097 1719 1167 δύναμιν

37 1179 162 1246 περὶ
198 1175 301 1247 τὴν
335 1175 610 1247 ὑμετέραν
645 1180 878 1246 γένεσιν.
926 1178 1017 1231 καὶ
1054 1175 1187 1232 καθ’
1224 1175 1361 1232 ὅσον
1392 1179 1494 1248 μὲν
1530 1177 1718 1233 αὐτῶν

37 1256 340 1324 ἀθανάτοις
378 1255 680 1329 ὁμώνυμον
715 1256 855 1312 εἶναι
891 1258 1158 1328 προσήκει
1172 1301 1187 1329 ,
1220 1266 1381 1313 θεῖον
1416 1258 1719 1329 λεγόμενον

38 1339 351 1412 ἡγεμονοῦν
370 1361 427 1396 τε
446 1343 510 1396 έν
527 1339 714 1404 αὐτοῖς
733 1344 847 1394 τῶν
868 1337 951 1394 ἀεὶ
971 1343 1096 1411 δίκῃ
1124 1340 1215 1394 καὶ
1245 1337 1378 1409 ὑμῖν
1405 1340 1719 1395 ἐθελόντων

38 1422 289 1491 ἕπεσθαι,
310 1427 536 1492 σπείρας
554 1425 644 1478 καὶ
664 1420 1047 1493 ὑπαρξάμενος
1073 1421 1178 1493 ἐγώ
1200 1425 1538 1495 παραδώσω·
1575 1420 1636 1478 τό
1660 1423 1720 1477 δὲ

37 1501 232 1558 λοιπὸν
255 1502 425 1574 ὑμεῖς,
446 1501 711 1578 ἀθανάτῳ
727 1502 945 1575 θνητὸν
963 1510 1458 1576 προσυφαίνοντες,
1472 1502 1719 1575 οἷπεργά-
1749 1514 1786 1555 D

38 1588 197 1650 ζεσθε
219 1589 327 1650 ζῶα
354 1587 445 1641 καὶ
463 1592 693 1655 γεννᾱτε
722 1585 942 1656 τροφήν
968 1606 1026 1641 τε
1056 1585 1303 1650 διδόντες
1337 1583 1604 1652 αὐξάνετε
1632 1586 1724 1641 καὶ

38 1672 318 1736 φθίνοντα
338 1667 506 1722 πάλιν
526 1670 767 1737 δέχεσθε.

181 1755 307 1806 XIV.
352 1749 522 1806 Ταῦτ’
557 1750 688 1821 εἷπε,
720 1754 812 1807 καὶ
841 1751 1009 1807 πάλιν
1037 1754 1124 1807 ἐπὶ
1153 1749 1253 1806 τὸν
1282 1749 1558 1820 πρότερον
1585 1773 1724 1821 κρα-

41 1840 195 1904 τῆρα,
217 1835 279 1888 ἐν
298 1825 342 1906 ᾦ
360 1830 463 1904 τὴν
475 1840 577 1889 τοῦ
595 1833 802 1899 παντὸς
822 1831 1003 1904 ψυχὴν
1018 1833 1290 1902 κεραννύς
1304 1836 1505 1903 ἔμισγε,
1525 1831 1591 1888 τὰ
1609 1839 1724 1888 τῶν

42 1913 296 1981 πρόσθεν
315 1912 596 1971 ὑπόλοιπα
616 1926 891 1985 κατεχεῖτο
911 1920 1125 1986 μίσγων
1137 1914 1348 1983 τρόπον
1366 1917 1470 1985 μέν
1486 1936 1608 1969 τινα
1627 1915 1726 1970 τὸν

44 1994 183 2051 αὐτό
189 2018 236 2065 ν,
258 1994 506 2068 ἀκήρατα
529 1995 579 2053 δ’
601 1996 786 2052 οὐκέτι
802 1995 939 2052 κατὰ
959 1994 1130 2053 ταύτὰ
1145 1993 1424 2067 ὡσαύτως,
1446 1993 1584 2052 ἀλλὰ
1604 1996 1725 2051 δεύ-

41 2098 172 2146 τερα
200 2080 290 2134 καὶ
319 2084 486 2147 τρίτα.
529 2079 799 2150 ξυστήσας
822 2077 881 2134 δὲ
899 2077 961 2134 τὸ
982 2085 1094 2134 πᾶν
1114 2082 1278 2134 διεῖλε
1306 2076 1485 2148 ψυχὰς
1503 2083 1726 2148 ἰσαρίθ-

42 2180 182 2229 μους
209 2171 320 2224 τοῖς
347 2158 586 2231 ἄστροις,
617 2164 800 2232 ἔνειμέ
830 2158 894 2217 θ’
934 2161 1170 2232 ἑκάστην
1198 2159 1336 2228 πρὸς
1362 2160 1614 2230 ἕκαστον,
1636 2162 1728 2215 καὶ

44 2240 341 2311 ἐμβιβάσας
361 2238 434 2306 ὡς
452 2243 506 2306 ἐς
521 2242 696 2313 ὄχημα
715 2242 816 2314 τὴν
843 2249 946 2298 τοῦ
975 2240 1181 2307 παντὸς
1200 2242 1373 2311 φύσιν
1403 2243 1590 2311 ἔδειξε,
1623 2240 1722 2296 νό-
1756 2255 1790 2296 Ε

45 2341 183 2388 μους
203 2341 257 2375 τε
278 2319 408 2385 τούς
423 2325 784 2393 εἱμαρμένους
804 2322 957 2379 εἶπεν
976 2321 1182 2394 αὐταῖς,
1202 2322 1285 2380 ὅτι
1303 2326 1518 2394 γένεσις
1536 2322 1726 2394 πρώτη

45 2401 146 2471 μὲν
169 2405 345 2456 ἔσοιτο
368 2405 667 2474 τεταγμένη
687 2410 782 2475 μία
802 2409 990 2474 πᾶσιν,
1008 2406 1102 2460 ἵνα
1132 2404 1289 2475 μήτις
1319 2407 1592 2461 έλαττοῖτο
1624 2401 1721 2459 ὑπ’

47 2478 239 2549 αὐτοῦ,
263 2485 375 2537 δέοι
402 2484 460 2539 δὲ
490 2489 787 2553 σπαρείσας
816 2483 987 2549 αὐτὰς
1021 2490 1097 2550 εἰς
1125 2484 1190 2540 τὰ
1217 2485 1571 2556 προσήκοντα
1597 2484 1727 2541 ἑκά-

47 2581 197 2629 σταις
217 2565 417 2620 ἕκαστα
436 2564 647 2636 ὄργανα
664 2567 884 2638 χρόνων
903 2574 1080 2639 φῦναι
1100 2568 1255 2635 ζώων
1275 2567 1337 2623 τὸ
1358 2567 1727 2639 θεοσεβέστα-

46 2665 162 2714 τον,
183 2649 378 2717 διπλῆς
396 2650 455 2702 δὲ
474 2646 645 2718 οὔσης
664 2655 757 2719 τῆς
776 2645 1136 2719 ἀνθρωπίνης
1156 2648 1378 2718 φύσεως
1395 2646 1455 2703 τὸ
1478 2658 1728 2719 κρεῖττον
1751 2665 1809 2711 42

46 2733 302 2783 τοιοῦτον
323 2736 406 2800 εἴη
433 2731 607 2799 γένος,
629 2729 661 2785 ὃ
682 2733 771 2785 καὶ
800 2735 984 2786 ἔπειτα
1012 2730 1334 2801 κεκλήσοιτο
1361 2727 1517 2801 ἀνήρ.
1567 2726 1730 2785 ὁπότε

47 2807 114 2880 δή
137 2808 386 2881 σώμασιν
403 2811 806 2883 ἐμφυτευθεϊεν
824 2814 878 2878 ἐξ
899 2810 1160 2883 α’νάγκης,
1181 2811 1351 2868 καὶτὸ
1371 2813 1474 2883 μὲν
1493 2816 1729 2882 προσίοι,
