1962 3236
566 415 659 482 Π
657 412 1119 484 ΟΛΙΤΕῙΑ

396 537 458 621 [ἦ
494 542 622 616 περὶ
659 541 921 609 δικαίου,
974 537 1318 616 πολιτικός]

326 761 412 807 ΤΑ
464 758 602 806 ΤΟΥ
642 755 1015 804 ΔΙΑΛΟΓΟΥ
1054 756 1401 804 ΠΡΟΣΩΠΑ

89 836 557 938 ΣΩΚΡΑΤΗΣ,
606 866 1019 936 ΓΛΑΥΚΩΝ,
1071 861 1653 933 ΠοΛΕΜΑΡΧοΣ,

76 964 640 1034 ΘΡΑΣΥΜΑΧΟΣ,
677 961 1231 1035 ΑΛΕΙΜΑΝΤΟΣ,
1265 959 1660 1018 ΚΕΦΑΛοΣ.

822 1177 888 1222 A·
1708 1151 1822 1195 SUP-

1707 1210 1760 1253 Π.
1776 1221 1819 1263 p.

167 1279 206 1330 1
246 1270 523 1350 Κατέβην
550 1281 679 1349 χθὲς
716 1282 791 1342 εἰς
817 1282 1052 1348 Πειραιᾶ
1087 1273 1222 1347 μετὰ
1242 1275 1578 1338 Γλαύκωνος
1607 1276 1708 1328 τοῦ
1724 1286 1810 1331 327

21 1366 375 1436 Ἀρίστωνος,
402 1359 844 1430 προσευξόμενός
869 1380 926 1413 τε
955 1364 1021 1428 τῇ
1051 1366 1172 1429 θεῷ
1197 1359 1290 1413 καὶ
1317 1356 1431 1427 ἅμα
1460 1355 1562 1427 τὴν
1584 1357 1710 1422 ἑορ-

26 1447 131 1518 τὴν
148 1446 490 1519 βουλόμενος
506 1442 829 1497 θεασασθαι
850 1446 974 1496 τίνα
993 1440 1205 1510 τρόπον
1224 1439 1584 1510 ποιήσουσιν,
1615 1435 1710 1490 ἅτε

29 1533 139 1583 νῦν
174 1533 398 1595 πρῶτον
426 1523 669 1595 α’γοντες.
712 1521 851 1592 καλὴ
885 1521 986 1592 μὲν
1022 1525 1129 1576 οὐν
1166 1543 1260 1591 μοι
1289 1522 1379 1575 καὶ
1404 1517 1438 1590 ἡ
1461 1524 1574 1574 τῶν
1594 1520 1711 1572 ἐπι-

26 1614 244 1708 χωρίων
279 1604 467 1676 πομπὴ
509 1607 694 1670 ἔδοξεν
723 1602 891 1674 εἶναι,
930 1601 998 1658 οὐ
1035 1605 1222 1673 με’ντοι
1251 1594 1419 1672 ἧττον
1453 1604 1709 1670 ἐφαίνετο

29 1692 261 1757 πρέπειν
289 1684 362 1757 ἣν
397 1689 454 1741 οἱ
484 1691 699 1757 Θρᾷκες
740 1689 1003 1755 ἔπεμπον.
1046 1683 1486 1752 προσευξάμενοι
1528 1680 1587 1736 δε
1617 1680 1711 1735 καὶ

30 1770 417 1840 θεωρήσαντες
442 1766 662 1838 ἀπῇμεν
680 1765 819 1835 πρὸς
837 1765 899 1821 τὸ
920 1764 1076 1820 α’στυ.
1103 1761 1344 1819 κατιδων
1363 1757 1470 1819 οὖν
1488 1762 1769 1832 πόρρω-Β

29 1860 138 1908 θεν
176 1848 319 1920 ἡμᾶς
362 1850 548 1903 οἴκαδε
586 1846 944 1918 ὡρμημένους
979 1846 1335 1915 Πολέμαρχος
1373 1841 1402 1898 ὁ
1443 1844 1713 1914 Κεφάλου

30 1934 283 1990 ἐκέλευσε
310 1928 593 1998 δραμόντα
611 1927 712 1983 τὸν
731 1932 899 1983 παῖδα
921 1931 1235 1997 περιμεῖναί
1256 1927 1283 1980 ἐ
1309 1931 1583 1980 κελεῦσαι.
1622 1928 1718 1978 καί

32 2035 147 2086 μου
166 2011 404 2068 ὄπισθεν
424 2007 453 2063 ὁ
475 2021 601 2074 παῖς
619 2009 927 2079 λαβόμενος
944 2013 1044 2063 τοῦ
1058 2010 1294 2077 ἱματίου,
1308 2002 1711 2075 Κελεύειὺμᾶς,

32 2099 167 2166 ἔφη,
205 2094 558 2162 Πολέμαρχος
587 2102 909 2189 περιμεῖναι.
965 2090 1054 2143 καὶ
1092 2086 1197 2158 ἐγω
1238 2086 1623 2157 μετεστράφην
1656 2106 1714 2140 τε

33 2177 120 2231 καὶ
148 2172 365 2244 ἠρόμην
384 2170 530 2227 ὅπου
550 2169 717 2235 αὐτὸς
736 2179 834 2241 εἴη.
877 2163 1086 2238 Οὗτος,
1125 2173 1259 2239 ἔφη,
1289 2167 1525 2223 ὄπισθεν
1523 2188 1713 2267 Ήπρος-

35 2257 272 2326 ἔρχεται·
300 2249 438 2307 ἄλλα
466 2252 798 2321 περιμένετε.
851 2248 1012 2305 Ἀλλα
1039 2256 1476 2320 περιμενοῦμεν,
1507 2243 1544 2320 ἦ
1574 2246 1625 2303 δ’
1655 2245 1715 2311 ὃς

36 2334 68 2393 ὂ
94 2334 380 2393 Γλαύκων.
429 2335 521 2388 καὶ
547 2330 713 2406 ὀλίγω
740 2331 977 2403 ὕστερον
1002 2331 1035 2387 ὅ
1053 2354 1111 2387 τε
1130 2334 1486 2402 Πολέμαρχος
1503 2324 1603 2401 ἧκε
1623 2329 1714 2384 καὶ
1742 2346 1772 2389 c

34 2415 379 2486 Ἀδείμαντος
408 2412 437 2469 ὁ
459 2419 560 2469 τοῦ
583 2413 920 2477 Γλαύκωνος
948 2410 1191 2483 ἀδελφὸς
1221 2415 1311 2467 καὶ
1335 2411 1654 2482 Νικήρατος
1685 2406 1713 2464 ὁ

40 2502 248 2553 Νικίου
267 2498 356 2549 καὶ
376 2493 533 2549 αλλοι
552 2498 722 2561 τινές,
745 2492 819 2558 ὡς
837 2491 944 2548 ἀπὸ
966 2500 1060 2563 τῆς
1085 2499 1317 2563 πομπῆς.
1358 2490 1387 2547 ὁ
1411 2486 1518 2548 οὖν
1535 2498 1717 2546 Πολε-

37 2598 245 2651 μαρχος
269 2581 374 2646 ἔφη
397 2569 462 2629 Ω
481 2574 802 2645 Σώκρατες,
839 2577 1052 2630 δοκεῖτέ
1080 2596 1172 2645 μοι
1193 2572 1331 2641 πρὸς
1356 2572 1497 2628 ἄστυ
1528 2570 1717 2643 ὡρμῆ-

38 2669 175 2718 σθαι
202 2657 275 2723 ὡς
304 2656 576 2720 ἀπιόντες.
648 2654 734 2710 Οὐ
770 2654 876 2724 γὰρ
902 2678 1083 2720 κακως
1112 2656 1379 2724 δοξάζεις,
1400 2648 1472 2725 ἦν
1503 2651 1554 2708 δ’
1590 2651 1713 2724 ἐγώ.

39 2748 190 2816 Ορᾷς
209 2733 316 2796 οὖν
333 2737 500 2809 ἡμᾶς,
523 2743 659 2808 ἔφη,
682 2736 803 2792 ὅσοι
827 2740 1017 2807 ἐσμέν;
1040 2744 1168 2801 Πως
1187 2758 1294 2807 γαρ
1315 2734 1413 2802 οὕς
1435 2731 1515 2791 Η
1525 2740 1720 2792 τοίνυν

33 2826 275 2946 τούττὶζν,
315 2825 447 2943 ἔῃ,
486 2828 766 2887 κρείττους
789 2822 1021 2888 γένεσθε
1056 2815 1092 2888 ἢ
1120 2814 1291 2888 μένετ’
1323 2815 1511 2874 αὐτοῦ.
1565 2822 1721 2874 Ovu-

214 2913 328 2944 ιΑτο
1441 2900 1463 2942 1
