1962 3236
625 175 1109 224 ΠοΛῙΤΕΙΛΣ
1140 166 1190 221 ε’.
1640 167 1742 221 153
1788 226 1797 234 ,

6 307 7 312 ’
60 308 279 381 τροφὴν
297 315 527 367 οἰκετῶν
545 306 855 380 ἀναγκαίαν
875 314 1106 378 ἴσχουσι,
1135 303 1202 361 τὰ
1232 305 1333 376 μὲν
1354 302 1742 375 δανειζόμενοι,

62 390 129 445 τὰ
151 391 209 447 δὲ
239 390 649 463 ἐξαρνούμενοι,
674 387 740 444 τὰ
781 390 842 443 δὲ
870 388 1090 453 πάντως
1117 386 1482 457 πορισάμενοι
1517 387 1748 456 θέμενοι

63 470 212 540 παρά
234 473 503 543 γυναῖκάς
519 492 577 527 τε
595 472 686 525 καὶ
706 471 934 539 οἰκέτας,
959 469 1240 541 ταμιεύειν
1258 467 1619 539 παραδόντες,
1641 465 1747 522 ὅσα

63 574 138 623 τε,
163 548 208 609 ὦ
229 561 371 624 φίλε,
403 555 525 623 περὶ
556 550 699 607 αὐτοὶ
737 552 827 606 καὶ
859 546 948 606 οἷα
978 551 1271 621 πάσχουσι,
1301 548 1442 620 δῆλά
1467 570 1526 605 τε
1555 547 1622 619 δὴ
1656 549 1748 603 καὶ

64 633 270 706 ἀγεννῆ
291 638 383 692 καὶ
402 632 504 690 οὐκ
532 633 657 699 ἄξια
677 635 871 702 λέγειν.
1774 636 1811 676 D

203 719 333 771 xlll.
368 721 529 786 Δῆλα
547 714 675 784 γάρ,
696 717 820 783 ἔφη,
842 713 933 768 καὶ
949 719 1160 784 τυφλῷ.
1194 713 1437 768 Πάντων
1455 734 1512 768 τε
1535 709 1601 782 δὴ
1621 709 1746 766 τού-

62 818 175 851 των
209 795 632 865 ἀπαλλάξονται,
663 793 893 865 ζήσουσί
916 815 974 848 τε
1001 798 1103 848 τοῦ
1130 799 1473 864 μακαριστοῦ
1504 798 1649 864 βίου,
1680 786 1747 846 ὃν

61 880 119 933 οί
142 875 532 977 ὀλυμπιονῖκαι
561 881 707 946 ζῶσι,
739 875 1170 947 μακαριώτερον
1211 882 1328 946 Πῇς
1368 874 1480 930 Διά
1510 872 1747 965 σμικρόν

62 979 173 1014 που
192 964 355 1053 μέρος
376 957 846 1030 εὐδαιμονίζονται
865 962 1065 1013 ἐκεῖνοι
1086 979 1167 1012 ων
1195 958 1413 1022 τούτοις
1433 952 1680 1026 ὑπάρχει.
1712 945 1747 1024 ἦ

63 1060 120 1094 τε
141 1038 247 1108 γὰρ
268 1043 442 1095 τῶνδε
466 1046 589 1111 νίκη
612 1044 870 1108 καλλιωι,
901 1037 938 1109 ἤ
965 1037 1014 1093 τ’
1049 1041 1108 1094 ἐκ
1137 1044 1240 1093 τοῦ
1266 1042 1536 1108 δημοσίου
1565 1033 1745 1107 τροφὴ

60 1125 372 1189 τελεωτέρα.
418 1127 582 1192 νίκην
617 1143 674 1176 τε
712 1119 820 1191 γὰρ
858 1127 1051 1175 νικῶσι
1089 1120 1374 1192 ξυμπάσης
1411 1125 1506 1192 τῆς
1538 1117 1749 1182 πόλεως

63 1207 355 1273 σωτηρίαν,
375 1210 558 1274 τροφῇ
574 1223 631 1256 τε
658 1203 748 1256 καὶ
768 1213 881 1265 τοῖς
898 1200 1086 1265 ἄλλοις
1105 1209 1292 1272 πᾶσιν,
1314 1200 1467 1257 ὅσων
1494 1206 1615 1272 βίος
1635 1202 1747 1254 δεῖ-

62 1305 166 1351 ται,
198 1280 360 1338 αὐτοί
390 1304 448 1337 τε
478 1284 569 1338 καὶ
600 1285 789 1346 παῖδες
818 1279 1177 1352 ἀναδοῦνται,
1210 1285 1302 1338 καὶ
1329 1286 1463 1353 γέρα
1494 1284 1746 1351 δέχονται
1776 1282 1808 1323 Ε

61 1364 209 1434 παρὰ
245 1370 341 1433 τῆς
376 1362 562 1418 αὐτῶν
597 1362 810 1426 πόλεως
856 1364 1050 1428 ζῶντές
1088 1384 1146 1417 τε
1183 1365 1274 1419 καὶ
1318 1361 1748 1434 τελευτήσαντες

66 1451 242 1515 ταφῆς
271 1443 423 1510 ἀξίας
452 1448 787 1516 μετέχουσιν.
824 1446 934 1500 Καὶ
965 1444 1128 1515 μάλα,
1162 1450 1285 1517 ἔφη,
1318 1444 1474 1501 καλά.
1510 1445 1749 1515 Μέμνη-

64 1546 156 1583 σαι
177 1519 300 1595 οὖν,
321 1519 395 1596 ἦν
414 1525 467 1580 δ’
487 1527 612 1595 ἐγώ,
633 1525 717 1581 ὅτι
736 1529 797 1582 ἐν
815 1538 929 1591 τοῖς
950 1526 1204 1598 πρόσθεν
1227 1524 1330 1582 οὐκ
1351 1526 1472 1582 οἴδα
1493 1524 1627 1582 ὅτου
1647 1524 1747 1580 λό-

63 1630 159 1679 γος
195 1605 324 1677 ἡμῖν
361 1609 674 1678 ἐπέπληξεν,
707 1607 791 1663 ὅτι
823 1607 952 1673 τούς
990 1610 1244 1679 φύλακας
1281 1606 1385 1665 οὐκ
1416 1607 1746 1679 εὐδαίμονας

63 1695 349 1758 ποιοῦμεν,
382 1684 462 1753 οἷς
497 1688 620 1755 ἐξὸν
658 1689 837 1744 πάντα
874 1694 1015 1759 ἔχειν
1050 1688 1116 1745 τὰ
1154 1695 1268 1746 τῶν
1304 1697 1546 1747 πολιτῶν
1577 1687 1745 1745 οὐδὲν
1775 1704 1863 1751 466
1944 1727 1962 1733 ·

64 1774 266 1840 ἔχοιεν;
304 1767 459 1840 ἡμεῖς
479 1774 541 1825 δέ
556 1791 666 1826 που
687 1779 930 1843 εἴπομεν,
952 1770 1036 1827 ὅτι
1056 1778 1220 1827 τοῦτο
1238 1774 1356 1842 μέν,
1379 1780 1557 1828 εἵπου
1577 1791 1746 1843 παρα·

64 1859 270 1919 πίπτοι,
314 1855 563 1916 εἰσαῦθις
593 1854 935 1924 σκεψόμεθα,
973 1860 1082 1908 νῦν
1107 1854 1164 1910 δὲ
1191 1853 1323 1918 τούς
1358 1852 1460 1923 μὲν
1494 1851 1749 1923 φύλακας

64 1932 316 2003 φύλακας
334 1940 621 2003 ποιοῦμεν,
641 1933 744 2006 τήν
764 1934 822 1991 δὲ
843 1934 1008 1990 πόλιν
1036 1932 1109 1999 (ὃς
1126 1930 1236 1990 οἷοί
1252 1932 1301 1990 τ’
1326 1933 1475 2005 εἶμεν
1496 1931 1747 2005 εὐδαιμο-

63 2013 348 2085 νεστάτην,
379 2012 505 2070 ἀλλ’
541 2014 644 2070 οὐκ
683 2021 758 2080 εἰς
796 2019 856 2071 ἓν
893 2021 1059 2080 ἔθνος
1088 2013 1496 2087 ἀποβλέποντες
1527 2018 1586 2072 ἐν
1605 2013 1749 2088 αὐτῇ

60 2100 226 2150 τοῦτο
264 2100 366 2165 [τό]
405 2095 671 2167 εὔδαιμον
711 2098 1070 2168 πλάττοιμεν;
1118 2099 1439 2168 Μέμνημαι,
1477 2101 1600 2168 ἔφη.
1682 2102 1749 2152 Τί

63 2169 195 2241 οὖν;
234 2183 342 2231 νῦν
360 2174 536 2247 ἡμῖνὸ
567 2184 682 2234 τῶν
713 2179 1028 2247 ἐπικούρων
1057 2184 1192 2251 βίος,
1226 2187 1379 2247 εἴπερ
1409 2184 1512 2234 τοῦ
1541 2199 1604 2248 γε
1634 2185 1748 2234 τῶν

65 2253 478 2326 ὀλυμπιονικῶν
511 2259 655 2314 πολύ
693 2281 750 2314 τε
787 2265 1027 2315 καλλίων
1062 2263 1154 2316 καὶ
1190 2260 1432 2332 ἀμείνων
1473 2266 1745 2331 φαίνεται,

64 2338 138 2408 μή
168 2357 244 2408 πῃ
273 2337 408 2392 κατὰ
444 2337 544 2393 τὸν
567 2347 682 2395 τῶν
711 2342 1071 2413 σκυτοτόμων
1092 2349 1347 2412 φαίνεται
1367 2346 1492 2413 βίον
1512 2340 1549 2413 ἥ
1575 2363 1746 2398 τινων
1778 2358 1809 2399 Β

66 2415 253 2472 ἄλλων
280 2421 634 2488 δημιουργῶν
668 2416 705 2491 ἦ
734 2419 834 2477 τὸν
869 2428 983 2478 τῶν
1019 2430 1311 2494 γεωργῶν;
1351 2421 1438 2479 Οὔ
1455 2445 1548 2494 μοι
1580 2426 1746 2494 δοκεῖ,

68 2502 188 2568 ἔφη.
219 2497 378 2553 Ἀλλὰ
411 2505 613 2569 μέντοι,
642 2499 675 2555 ὅ
703 2522 765 2571 γε
802 2506 890 2558 καὶ
919 2505 1028 2558 έκεῑ
1059 2509 1268 2574 ἔλεγον,
1302 2507 1517 2559 δίκαιον
1546 2505 1636 2559 καὶ
1658 2506 1749 2559 ἐν-

64 2585 248 2634 ταῦθα
271 2585 459 2647 εἰπεῖν,
483 2580 584 2649 ὅτι,
609 2586 657 2637 εἰ
673 2581 851 2647 οὕτως
871 2581 898 2638 ὁ
922 2584 1104 2653 φύλαξ
1118 2584 1445 2655 ἐπιχειρήσει
1467 2582 1748 2655 εὐδαίμων

65 2665 373 2731 γίγνεσθαι,
396 2659 534 2716 ὥστε
553 2665 685 2733 μηδὲ
701 2663 882 2732 φύλαξ
895 2664 1051 2733 εἶναι,
1066 2663 1197 2736 μηδ’
1221 2663 1438 2734 ἀρκέσει
1459 2663 1611 2739 αὐτῷ
1629 2669 1749 2737 βίος

65 2743 212 2798 οὕτω
241 2745 455 2812 μέτριος
480 2746 566 2798 καὶ
599 2747 820 2815 βέβαιος
857 2748 947 2801 καὶ
986 2744 1059 2811 ὠς
1096 2745 1249 2817 ἡμεῖς
1286 2749 1468 2818 φαμὲν
1505 2746 1743 2819 ἄριστος,

66 2819 185 2878 ἀλλ’
207 2823 440 2895 ἀνόητός
460 2846 514 2879 τε
546 2827 634 2880 καὶ
664 2829 1027 2898 μειρακιώδης
1058 2827 1187 2892 δόξα
1213 2830 1524 2899 ἐμπεσοῦσα
1556 2826 1739 2884 εὕδω--
