1962 3236
675 92 1161 176 ΠοΛῘΤΕΙΑΣ
1186 118 1236 174 ε’.
1707 120 1806 171 135

73 280 76 283 ·
124 264 274 315 τείαν
310 257 501 328 ὀρθῶς
535 256 572 331 ἦ
606 258 681 332 μὴ
720 258 912 327 ὀρθῶς
948 258 1295 331 γιγνόμενον.
1338 262 1449 313 νῦν
1481 252 1588 312 οὖν
1618 256 1803 327 ἐπειδὴ

122 340 291 411 ἄλλης
329 343 687 414 ἐπιλαμβάνει
716 346 988 405 πολιτείας
1022 343 1154 409 πρὶν
1187 346 1360 395 ταῦτα
1397 343 1601 403 ἱκανῶς
1630 341 1804 393 διελέ-

123 432 278 488 σθαι,
301 427 553 479 δέδοκται
573 422 706 495 ἡμῖν
732 431 914 487 τοῦτο,
934 420 967 477 ὃ
987 421 1058 477 σὺ
1082 421 1340 494 ἤκουσας,
1362 419 1423 476 τὸ
1445 420 1503 476 σὲ
1523 417 1596 490 μὴ
1615 421 1807 488 μεθιέ-
1837 437 1925 484 430

124 526 235 571 ναι,
257 507 389 571 πρὶν
408 502 483 559 ἂν
501 511 674 560 ταῦτα
696 504 876 558 πάντα
898 502 1083 571 ῶσπερ
1106 498 1280 559 τᾶλλα
1300 506 1536 575 διέλθῃς.
1588 502 1696 556 Καὶ
1716 501 1807 572 ἐμὲ

123 592 333 648 τοι’,νυν
356 582 384 639 6
404 585 679 640 Γλαύκων
696 591 820 655 ἔφη
855 583 1133 640 κοινωνὸν
1157 592 1252 656 τῆς
1270 586 1466 656 ψήφου
1495 583 1697 653 ταύτης
1725 587 1810 637 τί-

122 673 268 719 θετε.
298 663 518 733 ΗΑμελει,
541 661 690 735 ἔφη’
667 687 695 719 ο
719 667 1100 735 Θρασύμαχος,
1133 672 1267 720 πᾶσι
1297 670 1470 720 ταῦτα
1502 664 1806 734 δεδογμένα

40 807 41 810 ¹
121 741 251 814 ἡμῖν
274 744 470 814 νόμιζε
494 767 536 799 ω
558 746 870 813 Σώκρατες.

262 829 322 879 ll.
365 823 518 894 Οἷον,
541 822 612 898 ἦν
642 826 698 882 δ’
728 827 851 898 ἐγώ,
885 815 1220 899 εἰργάσασθε
1255 827 1645 898 ἐπιλαβόμενοί
1666 830 1808 897 μουὶ

37 915 39 920 “
121 905 260 960 ὅσον
280 907 448 976 λόγον
468 910 637 964 πάλιν
657 908 844 978 ὥσπερ
865 913 916 975 ἐξ
946 908 1115 980 ἀρχῆς
1141 921 1339 964 κινεῖτε
1370 909 1494 977 περὶ
1524 914 1618 978 τῆς
1648 915 1806 962 πολι-

122 994 300 1051 telas!
337 986 403 1058 ἣν
424 989 497 1053 ὠς
520 988 620 1060 ἤδη
654 992 999 1061 διεληλυθώς
1027 996 1197 1061 ἔγωγε
1226 994 1445 1060 ἔχαιρον
1474 989 1725 1058 ἀγαπῶν,
1758 996 1815 1045 εἴ

31 1086 33 1090 ’
123 1091 202 1132 τις
240 1070 392 1123 ἐάσοι
429 1078 601 1125 ταῦτα
638 1069 1045 1142 ἀποδεξάμενος
1082 1069 1155 1136 ὡς
1188 1073 1309 1126 τότε
1342 1071 1583 1142 ἐρρήθη·
1622 1066 1659 1124 ὁὶ
1694 1075 1806 1124 νῦν

124 1148 276 1219 ὑμεῖς
295 1159 739 1220 παρακαλοῦντες
760 1151 862 1208 οὐκ
885 1164 999 1209 ι”στε
1020 1153 1158 1209 ὅσον
1186 1151 1358 1223 ἐσμὸν
1387 1154 1570 1225 λόγων
1594 1156 1806 1222 ἐπεγεί-
1836 1173 1867 1213 13

129 1316 197 1366 Τι’
213 1316 296 1375 δέ;
335 1307 367 1383 ἦ
389 1313 441 1368 δ’
465 1311 525 1378 ὃς
544 1312 572 1369 6
589 1316 977 1387 Θρασύμαχος·
999 1316 1475 1387 χρυσοχοήσοντας
1490 1323 1592 1371 οἴει
1606 1315 1806 1370 τούσδε

126 1400 232 1450 νῦν
251 1396 459 1450 ἐνθάδε
478 1393 729 1465 αφῖχθαι,
753 1393 875 1452 ἀλλ’
899 1396 969 1452 οὐ
988 1396 1173 1467 λόγων
1202 1394 1642 1467 ἄκουσομένουςς
1671 1401 1803 1466 Ναί,

122 1479 294 1535 εἷπον.
323 1484 560 1547 μετρίων
589 1499 666 1547 γε.
707 1482 935 1547 Μέτρον
974 1481 1038 1534 δέ
1069 1477 1142 1548 γ’,
1181 1484 1304 1550 ἔφη,
1344 1481 1387 1534 ῶ
1425 1478 1805 1547 Σώκρατες,ο

122 1558 412 1628 Γλαύκων,
426 1560 694 1615 τοιούτων
706 1561 891 1630 λόγων
910 1560 1135 1616 ακούειν
1151 1557 1319 1625 ὅλος’
1297 1582 1325 1615 ο
1345 1566 1465 1632 βίος
1483 1568 1624 1615 νοῦν
1645 1565 1806 1630 ἔχου-

123 1659 227 1696 σιν.
265 1639 403 1696 ἀλλὰ
442 1638 503 1696 τὸ
535 1664 637 1711 μεν
669 1640 932 1713 ἡμέτερον
954 1641 1133 1698 ἔα·σύ
1166 1641 1223 1697 δε
1254 1645 1378 1711 περὶ
1409 1643 1488 1698 ῶν
1517 1646 1806 1713 ἐρωτῶμεν

123 1726 384 1793 μηδαμῶς
413 1719 699 1794 ἅποκάμης
732 1717 767 1795 ᾗ
804 1743 891 1779 σοι
923 1729 1077 1779 δοκεῖ
1103 1723 1336 1792 διεξιών,
1367 1728 1447 1788 τίς
1475 1748 1505 1793 η
1541 1729 1807 1780 κοινωνία
1839 1742 1872 1785 o

123 1816 234 1867 τοῖς
254 1804 493 1871 φύλαξιν
513 1802 643 1875 ἡμῖν
662 1809 876 1859 παίδων
894 1828 951 1860 τε
973 1807 1096 1872 πέρι
1120 1807 1211 1860 καὶ
1234 1810 1522 1874 γυναικῶν
1542 1810 1691 1859 ἔσται
1711 1806 1806 1860 καὶ

123 1890 331 1953 τροφῆς
358 1889 499 1938 νέων
517 1889 594 1938 ἑτι
619 1883 800 1940 ὄντων
822 1893 913 1956 τῆς
932 1889 994 1941 ἐν
1014 1891 1091 1960 τῷ
1112 1883 1313 1955 μεταξὺ
1333 1885 1515 1959 χρόνῳ
1545 1887 1808 1956 γιγνομέ-

123 1987 222 2035 νης
259 1966 523 2034 γενέσεώς
558 1988 615 2022 τε
653 1970 743 2022 καὶ
780 1972 1042 2034 παιδειάς,
1076 1966 1112 2039 ἢ
1142 1966 1208 2038 δὴ
1241 1968 1621 2039 ἐπιπονωτάτη
1655 1971 1811 2023 δοκεῖ

123 2045 275 2101 εἶναι.
314 2052 488 2114 πειρῶ
509 2041 614 2103 οὖν
636 2054 809 2104 εἰπεῖν
829 2055 948 2103 τίνα
967 2048 1179 2116 τρόπον
1197 2052 1283 2103 δεῖ
1297 2056 1590 2119 γίγνεσθαι
1609 2048 1804 2119 αὐτήν.

127 2124 212 2183 Οὐ
234 2127 446 2199 ῥᾴδιον,
474 2123 516 2183 ὦ
539 2124 876 2200 εὔδαιμον,
843 2152 914 2201 ην
933 2128 985 2185 δ’
1007 2130 1131 2200 ἐγώ,
1153 2134 1428 2228 διελθεῖν·
1467 2129 1672 2195 πολλὰς
1694 2128 1803 2200 γὰρ

121 2207 370 2273 ἀπιστίας
400 2216 506 2279 ἔχει
538 2216 613 2267 ἔτι
643 2218 855 2283 μᾶλλον
885 2216 997 2267 τῶν
1023 2217 1340 2282 ἔμπροσθεν
1370 2233 1450 2266 ων
1479 2211 1803 2283 διήλθομεν.

124 2294 213 2345 καὶ
240 2313 345 2360 γαρ
369 2289 441 2356 ὡς
462 2292 673 2348 δυνατὰ
693 2298 924 2364 λέγεται,
949 2291 1216 2349 ἀπιστοῖτ’
1240 2292 1330 2362 άν,
1364 2294 1456 2348 καὶ
1486 2298 1534 2348 εί
1551 2290 1584 2348 ὅ
1614 2315 1664 2348 τι
1694 2293 1804 2365 μά-

124 2377 279 2425 λιστα
300 2375 529 2440 γένοιτο
553 2372 625 2439 ὡς
644 2373 827 2442 ἄριστ’
850 2373 923 2430 ἂν
942 2384 1024 2446 εἴη
1046 2382 1236 2444 ταῦτα,
1258 2376 1346 2429 καὶ
1373 2373 1546 2446 ταύτῃ
1566 2371 1868 2446 άπιστή-Ῑ)

124 2467 289 2504 σεται.
317 2450 400 2506 διὸ
425 2452 491 2523 δὴ
512 2454 651 2509 καὶ”
622 2477 788 2519 οκνος
807 2478 886 2519 τις
905 2452 1091 2511 αὐτῶν
1110 2454 1401 2525 ἅπτεσθαι,
1417 2454 1488 2526 μὴ
1512 2454 1640 2526 εὐχὴ
1665 2461 1804 2528 δοκῇ

125 2529 263 2585 εἶναι
285 2526 314 2585 6
335 2533 515 2602 λόγος,
539 2527 583 2587 ῶ
605 2541 727 2602 φίλε
749 2537 940 2603 εταῖρε.
988 2540 1198 2607 Μηδέν,
1231 2560 1263 2607 η
1246 2530 1336 2591 δ’
1360 2536 1436 2600 ὅς,
1460 2536 1640 2592 ὄκνει·
1674 2535 1801 2592 οὔτε

121 2612 228 2681 γὰρ
250 2610 571 2682 ἀγνώμονες
593 2613 719 2669 οὔτε
740 2635 959 2671 απιστοι
980 2615 1108 2672 οὔτε
1131 2618 1326 2672 δύσνοι
1346 2621 1403 2672 ol*
1416 2614 1803 2687 ἀκουσόμενοι.

121 2696 209 2747 καὶ
232 2692 337 2762 ἐγώ
359 2714 513 2748 ειπυν
525 2688 587 2750 Ὠ
602 2695 802 2765 άριστε,
820 2690 853 2766 ἦ
873 2719 982 2752 που
1002 2698 1344 2768 βουλομενυς
1354 2720 1419 2769 με
1434 2698 1805 2771 παραθαρρύ-

124 2794 241 2829 νειν
261 2778 462 2844 Hyas-3
498 2775 716 2847 ”Εγωγ’,
747 2784 869 2850 ἔφη.
926 2785 1053 2835 Πάν
1084 2786 1294 2851 τοίνυν,
1326 2773 1398 2852 ἦν
1427 2777 1482 2836 δ’
1515 2781 1642 2852 ἐγώ,
1675 2777 1806 2836 τού-
