1962 3236
209 145 315 198 184
822 150 1294 200 ΠΛΑΤΩΝΟΣ

91 292 179 338 496
214 283 498 348 θυγατέρα
539 284 830 350 μέλλοντος
866 291 1086 349 γαμεῑν;
1132 276 1218 333 Οὐ
1251 279 1418 350 πάνυ,
1459 287 1583 352 ἔφη,
1623 285 1885 352 διαφέρει.
1953 283 1962 290 ’

209 359 494 415 Ποῐ”ἁ’ττα
515 354 622 414 οὖν
647 357 794 423 εἰκὸς
819 365 1029 431 γεννᾷν
1047 358 1177 422 τοὺς
1196 361 1510 428 τοιούτους;
1540 361 1608 416 οὐ
1628 363 1774 418 νόθα
1795 365 1887 417 καὶ

210 445 426 509 φαῦλα;
463 441 651 509 Πολλὴ
683 437 912 509 ἀνάγκη.
975 443 1043 493 Τί
1067 443 1162 494 δαί
1169 463 1184 505 3
1214 437 1344 504 τούς
1372 439 1629 506 ἀναξίους
1657 444 1887 498 παιδεύ-

212 538 366 598 σεως,
406 520 544 575 ὅταν
574 518 714 590 αὐτῇ
751 521 1137 590 πλησιάζοντες
1172 518 1401 590 ὁμιλῶσι
1435 521 1507 591 μη
1549 522 1669 577 κατ’
1709 524 1884 593 ἀξίαν,
1959 565 1962 567 -

210 599 326 656 ποῖ’
358 599 492 655 ἄττα
521 606 716 670 φῶμεν
742 607 952 673 γεννᾷν
988 601 1327 671 διανοήματά
1359 623 1416 656 τε
1445 605 1536 658 καὶ
1569 605 1754 669 δόξας;
1792 599 1882 703 ἀρ’

211 679 312 750 οὐχ
333 679 406 746 ὡς
425 680 651 751 ἀληθως
671 682 1023 753 προσήκοντα
1042 682 1280 737 ἀκοῦσαι
1308 689 1636 754 σοφίσματα,
1667 688 1758 739 καὶ
1786 684 1885 740 οὐ-

211 761 308 816 δὲν
325 762 558 833 γνήσιον
577 762 709 818 οὐδὲ
735 764 1060 834 φρονήσεως
1090 762 1279 833 [ἀξιον]
1301 761 1572 835 ἀληθινῆς
1597 766 1885 836 ἐχόμενον;

210 849 510 907 Παντελως
528 842 628 913 μὲν
652 838 774 913 οὖν,
802 849 925 914 ἔφη.

352 929 412 979 Χ.
451 924 818 995 Πάνσμικρον
838 926 906 993 δή
924 947 1008 993 τι,
1021 920 1096 995 ἦν
1115 923 1167 979 δ’
1197 926 1321 995 ἐγώ,
1354 921 1398 980 ὦ
1422 925 1750 997 Ἀδείμαντε,
1772 934 1885 982 λεί-

151 1023 185 1063 Β
211 1023 369 1059 πεται
387 1011 500 1059 τῶν
519 1002 640 1059 κατ’
664 1003 822 1069 ἀξίαν
841 1002 1188 1075 ὁμιλούντων
1215 1013 1536 1079 φιλοσοφία,
1571 1007 1608 1078 ἥ
1635 1029 1746 1063 που
1775 1006 1883 1063 ὑπὸ

213 1092 396 1154 φυγῆς
423 1085 784 1155 καταληφθὲν
811 1098 1070 1155 γενναῖον
1098 1088 1188 1141 καὶ
1219 1089 1282 1141 εὐ
1315 1090 1701 1157 τεθραμμένον
1728 1091 1887 1159 ηθος,

214 1165 417 1237 ἀπορία
436 1187 550 1221 των
569 1167 1033 1238 διαφθερούντων
1052 1165 1190 1222 κατὰ
1212 1168 1385 1237 φύσιν
1403 1179 1598 1237 μειναν
1616 1167 1706 1224 ἐπ’
1727 1167 1885 1240 αὐτῇ,

213 1243 248 1317 ἢ
267 1250 327 1302 ἐν
346 1254 553 1320 σμικρᾷ
570 1247 727 1302 πόλει
744 1244 878 1302 ὅταν
899 1248 1106 1318 μεγάλη
1135 1249 1279 1317 ψυχὴ
1314 1254 1433 1318 φυῇ
1460 1250 1551 1303 καὶ
1577 1248 1886 1319 ἀτιμάσασα

211 1326 280 1383 τὰ
300 1335 396 1398 τῆς
423 1330 635 1392 πόλεως
669 1325 926 1399 ὑπερίδῃ·
957 1327 1135 1429 βραχὺ
1168 1332 1229 1383 δέ
1261 1329 1373 1384 πού
1395 1351 1447 1382 τι
1474 1331 1564 1383 καὶ
1593 1326 1690 1383 ἀπ
1722 1329 1889 1400 άλλης

215 1412 406 1479 τέχνης
424 1412 646 1473 δικαίως
668 1407 940 1478 ἀτιμάσαν
962 1408 1173 1479 εὐφυὲς
1182 1407 1267 1464 ἐπ’
1289 1405 1520 1479 αὐτὴνἫ
1486 1432 1556 1463 αν
1575 1414 1747 1465 ἔλθοι.
1805 1419 1886 1481 εἴη

214 1487 267 1545 δ’
288 1512 361 1546 αν
387 1491 479 1545 καὶ
507 1486 535 1545 ὁ
572 1495 675 1544 τοῦ
703 1487 971 1559 ἡμετέρου
999 1492 1218 1558 ἑταίρου
1246 1490 1494 1558 Θεάγους
1521 1491 1744 1559 χαλινὸς
1775 1497 1888 1555 οἱος

211 1582 527 1640 κατασχεῖν·
564 1572 657 1625 καὶ
682 1570 788 1639 γὰρ
803 1570 1000 1640 Θεάγει
1018 1570 1084 1625 τὰ
1104 1593 1204 1640 μεν
1224 1569 1362 1626 άλλα
1383 1570 1562 1626 πάντα
1580 1572 1890 1642 παρεσκευέ

158 1664 188 1705 C
216 1667 376 1706 ασται
394 1652 532 1722 πρὸς
550 1650 610 1706 τὸ
634 1654 883 1706 ἐκπεσεῖν
903 1656 1249 1721 φιλοσοφίας,
1269 1650 1302 1721 ἡ
1325 1654 1385 1706 δὲ
1403 1651 1505 1707 τοῦ
1523 1653 1771 1723 σώματος
1788 1675 1890 1707 νο-

214 1738 483 1802 σοτροφία
513 1732 852 1802 ἀπείργουσα
893 1731 1069 1789 αὐτὸν
1093 1740 1205 1788 τῶν
1236 1739 1530 1788 πολιτικῶν
1558 1738 1784 1804 κατέχει.
1820 1735 1881 1789 τὸ

214 1812 268 1869 δ’
306 1812 574 1885 ἡμέτερον
598 1813 702 1868 οὐκ
736 1812 888 1878 ἄξιον
925 1816 1120 1884 λέγειν,
1155 1815 1215 1869 τὸ
1249 1815 1539 1885 δαιμόνιον
1567 1827 1816 1887 σημεῖον·
1854 1811 1892 1885 ἢ

212 1895 320 1965 γάρ
341 1895 452 1950 πού
481 1915 589 1950 τινι
608 1894 756 1968 ἄλλῳ
787 1892 825 1966 ἦ
854 1894 1042 1951 οὐδενὶ
1070 1902 1183 1950 τῶν
1214 1901 1531 1966 ἔμπροσθεν
1550 1899 1760 1966 γέγονε.
1799 1899 1889 1952 καὶ

214 1977 432 2031 τούτων
464 1975 530 2046 δὴ
562 1983 676 2031 τῶν
709 1975 912 2045 ὀλίγων
943 1979 999 2031 οἱ
1022 1975 1309 2046 γενόμενοι
1336 1979 1426 2031 καὶ
1457 1978 1786 2046 γευσάμενοι
1815 1974 1889 2040 ὥς

214 2054 323 2127 ἡδύ
342 2058 434 2112 καὶ
456 2058 730 2128 μακάριον
757 2059 818 2112 τὸ
849 2064 1045 2127 κτῆμα,
1078 2059 1169 2111 καὶ
1197 2064 1309 2110 τῶν
1330 2063 1552 2111 πολλῶν
1584 2050 1659 2110 αὖ
1684 2060 1887 2121 ἱκανῶς

216 2138 429 2202 ἰδόντες
455 2136 558 2207 τὴν
589 2143 809 2207 μανίαν,
835 2139 926 2192 καὶ
956 2137 1039 2192 ὅτι
1073 2135 1252 2200 οὐδεὶς
1281 2135 1447 2191 οὐδὲν
1475 2135 1626 2206 ὑγιὲς
1664 2135 1736 2201 ὡς
1762 2142 1891 2202 ἔπος

218 2222 391 2273 εἰπεῖν
410 2219 533 2286 περὶ
555 2216 622 2271 τοὶ
649 2223 764 2272 τῶν
791 2217 1009 2272 πόλεων
1034 2216 1272 2286 πράττει,
1297 2214 1419 2270 οὐδ’
1461 2221 1573 2271 ἔστι
1591 2218 1885 2314 ξύμμαχος,

150 2317 186 2360 D
217 2295 349 2368 μεθ’
375 2295 507 2352 ὅτου
526 2319 605 2361 τις
626 2296 768 2352 ἰων’
742 2299 826 2352 επὶ
845 2320 947 2368 την
966 2319 1076 2351 των
1108 2300 1335 2352 δικαίων
1364 2297 1643 2395 βοηθειαν
1667 2295 1884 2363 σωζοιτ’

217 2379 305 2448 άν,
327 2376 451 2434 ἀλλ’
474 2377 657 2448 ὥσπερ
675 2383 750 2443 είς
768 2384 939 2448 θηρία
959 2379 1259 2448 ἅνθρωπος
1279 2378 1551 2447 εμπεσιόν,
1573 2377 1699 2432 οὔτε
1720 2382 1892 2442 ξυνα-

220 2463 392 2514 δικεῑν
412 2461 623 2514 ἐθέλων
643 2457 770 2514 οὔτε
790 2460 978 2523 ι”κανὸς
1000 2456 1078 2513 ὢν
1108 2464 1184 2523 εἱς
1205 2476 1375 2512 πασιν
1395 2457 1604 2528 ἀγρίοις
1624 2455 1889 2527 ἀντέχειν,

219 2546 350 2608 πρίν
377 2563 429 2595 τι
447 2541 550 2610 τὴν
569 2539 732 2596 πόλιν
760 2537 795 2610 ἢ
824 2545 1018 2607 φίλους
1048 2538 1244 2609 ὀνῆσαι
1272 2539 1723 2609 προαπολόμενος
1744 2537 1888 2592 ἀνω-

220 2624 390 2692 φελὴς
420 2620 573 2692 αὐτῷ
607 2643 664 2676 τε
693 2623 782 2676 καὶ
812 2633 923 2685 τοῖς
954 2622 1136 2684 ἄλλοις
1161 2618 1232 2675 ἀν
1250 2622 1481 2690 γένοιτο,
1511 2626 1682 2674 ταῦτα
1709 2620 1889 2672 πάντα

221 2710 464 2776 λογισμῷ
483 2701 670 2773 λαβών
687 2700 920 2775 ἡσυχίαν
940 2709 1078 2772 ἔχων
1096 2702 1273 2757 καὶτὰ
1293 2699 1466 2756 αὑτοῦ
1485 2700 1755 2767 πράττων,
1770 2695 1889 2754 οἷον

222 2786 284 2838 ἐν
302 2791 524 2853 χειμῶνι
544 2790 834 2856 κονιορτοῦ
848 2785 937 2838 καὶ
957 2783 1115 2853 ζάλης
1133 2781 1238 2837 ὑπὸ
1253 2782 1560 2851 πνεύματος
1579 2787 1887 2850 φερομένου
