1962 3236
0 102 74 175 ⁵4⁷
694 117 912 167 TIMA
925 119 1082 167 102.
1599 117 1704 170 365

12 253 159 324 πρὸς
183 253 363 325 αὑτὴν
381 262 666 323 πεφυκυῖα
684 251 994 323 βούλεσθαι
1011 252 1274 322 ξυνιέναι,
1286 257 1507 322 σφίγγει
1523 251 1705 307 πάντα

12 340 107 393 καὶ
126 334 298 407 κενὴν
315 334 506 406 χώραν
530 330 796 404 οὐδεμίαν
815 334 880 406 ἑᾷ
907 337 1210 390 λείπεσθαι.
1259 330 1344 388 διό
1368 332 1434 404 δὴ
1466 339 1580 403 πῦρ
1603 332 1706 404 μὲν

16 422 95 483 εἰς
122 416 341 472 ἅπαντα
369 413 667 486 διελήλυθε
694 413 948 484 μάλιστα,
979 411 1087 485 άὴρ
1116 414 1177 469 δὲ
1205 414 1486 483 δεύτερον,
1516 411 1588 478 ὡς
1617 420 1703 469 λε-
1735 423 1766 462 Β

15 498 240 569 πτότητι
262 497 527 566 δεύτερον
544 486 672 566 ἔφυ,
690 495 783 550 καὶ
802 488 973 550 τᾶλλα
993 495 1190 566 ταύτῃ·
1229 494 1296 551 τὰ
1326 494 1433 566 γὰρ
1463 497 1523 551 ἐκ
1549 500 1707 566 μεγί-

17 596 166 634 στων
185 585 374 650 μερῶν
393 577 661 649 γεγονότα
678 581 945 646 μεγίστην
965 576 1232 647 κενότητα
1263 579 1324 632 ἐν
1351 583 1420 649 τῇ
1447 577 1705 643 ξυστάσει

17 662 405 730 παραλέλοιπε,
435 658 502 713 τὰ
539 659 599 713 δὲ
627 657 964 727 σμικρότατα
987 660 1286 729 ἐλαχίστην.
1335 656 1369 729 ἡ
1393 657 1460 729 δὴ
1485 665 1581 729 τῆς
1611 670 1704 713 πι-

15 741 227 812 λήσεως
257 742 490 807 ξύνοδος
513 738 582 795 τοὶ
610 737 815 809 σμικροὶ
846 743 923 804 εἰς
949 738 1016 795 τά
1043 746 1157 794 τῶν
1183 739 1441 810 μεγάλων
1480 739 1704 795 διάκενα

14 826 273 888 ξυνωθεῖ.
316 828 564 893 σμικρῶν
592 815 696 876 οὖν
723 818 873 891 παρὰ
894 821 1444 891 μεγάλατιθεμένων
1473 825 1564 877 καὶ
1591 827 1706 877 τῶν

16 905 327 960 ἐλαττόνων
361 902 427 959 τὰ
463 908 684 974 μείζονα
722 903 1154 974 διακρινόντων,
1192 910 1306 957 τῶν
1343 905 1403 959 δὲ
1438 904 1706 974 μειζόνων

17 989 199 1042 ἐκεῖνα
214 987 648 1057 συγκρινόντων,
671 982 835 1039 πάντ’
864 984 980 1039 ἅνω
998 983 1146 1039 κάτω
1175 987 1538 1055 μεταφέρεται
1569 983 1706 1054 πρὸς

15 1066 148 1133 τούς
186 1069 400 1123 ἑαυτῶν
436 1067 670 1132 τόπους·
707 1066 1051 1137 μεταβάλλον
1078 1065 1185 1135 γάρ
1216 1065 1278 1121 τὸ
1309 1069 1548 1136 μέγεθος
1574 1068 1705 1122 ἕκα-
1738 1078 1767 1120 C

19 1165 155 1204 στον
189 1152 280 1205 καὶ
322 1148 426 1220 τὴν
467 1149 657 1204 τόπων
692 1148 1018 1219 μεταβάλλει
1058 1149 1269 1203 στάσιν.
1318 1146 1466 1203 οὕτω
1509 1146 1576 1219 δὴ
1615 1148 1704 1203 διὰ

18 1230 195 1285 ταῦτα’
223 1251 281 1285 τε
310 1227 344 1301 ἡ
375 1237 469 1301 τῆς
508 1227 936 1299 άνωμαλότητος
966 1231 1337 1299 διασωζομένη
1370 1232 1583 1298 γένεσις
1622 1226 1705 1284 ἀεὶ

17 1308 119 1382 τὴν
139 1309 221 1367 ἀεὶ
241 1318 461 1383 κίνησιν
479 1312 695 1367 τούτων
707 1304 886 1366 οὖσαν
907 1312 1174 1381 ἐσομένην
1183 1332 1242 1365 τε
1256 1311 1546 1381 ἐνδελεχῶς
1560 1331 1705 1382 παρ-

21 1395 211 1463 έχεται.

159 1479 329 1529 XXlV.
371 1473 532 1530 Μετὰ
554 1474 619 1546 δὴ
639 1481 814 1530 ταῦτα
845 1477 931 1531 δεῖ
956 1485 1127 1543 νοεῖν,
1160 1472 1245 1528 ὅτι
1277 1473 1455 1544 πυρός
1481 1494 1541 1528 τε
1570 1476 1702 1544 γένη

14 1556 193 1613 πολλά
217 1559 465 1627 γέγονεν,
486 1552 607 1613 οἷον
625 1556 764 1627 φλὸξ
790 1556 855 1612 τό
883 1578 942 1611 τε
969 1554 1077 1611 άπὸ
1109 1562 1204 1626 τῆς
1232 1553 1441 1625 φλογός
1467 1553 1651 1625 ἀπιόν,
1674 1552 1704 1610 ὃ

17 1646 156 1694 καίει
176 1639 278 1710 μὲν
298 1638 383 1710 οὔ,
407 1645 528 1710 φῶς
561 1641 620 1694 δὲ
646 1650 758 1704 τοῖς
790 1636 995 1710 ὄμμασι
1022 1640 1260 1708 παρέχει,
1298 1637 1360 1694 τό
1400 1658 1457 1692 τε
1494 1637 1716 1708 φλογὸςΙ

16 1719 460 1793 ἀποσβεσθείσης
480 1724 539 1777 ἐν
558 1733 670 1787 τοῖς
690 1721 979 1791 διαπύροις
1008 1719 1480 1791 καταλειπόμενον
1510 1717 1701 1775 αὐτοῦ.

18 1802 157 1858 κατὰ
176 1803 350 1859 ταύτὰ
381 1806 439 1859 δὲ
467 1801 629 1872 άέρος
655 1801 717 1858 τὸ
749 1803 851 1874 μὲν
881 1801 1248 1873 εὐαγέστατον
1276 1804 1503 1872 ἐπίκλην
1533 1800 1703 1872 αἰθὴρ
1738 1822 1772 1862 ῐ)

21 1886 393 1956 καλούμενος,
432 1882 463 1956 ἠ
512 1887 571 1941 δὲ
612 1885 993 1954 θολερώτατος
1032 1883 1224 1956 ὁμίχλη
1259 1906 1317 1939 τε
1357 1886 1447 1939 καὶ
1490 1883 1703 1951 σκότος,

21 1966 179 2036 ἕτερά
198 1988 256 2021 τε
285 1965 556 2037 ἀνώνυμα
575 1971 693 2038 εἴδη
723 1967 993 2037 γεγονότα
1027 1964 1117 2021 διὰ
1146 1963 1250 2037 τὴν
1277 1970 1391 2021 τῶν
1417 1964 1708 2036 τριγώνων

20 2044 329 2118 ἀνισότητα.
365 2045 432 2102 τὰ
454 2049 512 2102 δὲ
535 2046 738 2112 ὕδατος
758 2052 880 2120 διχῇ
901 2048 1004 2118 μὲν
1023 2054 1261 2116 πρῶτον,
1285 2044 1346 2102 τὸ
1378 2048 1478 2117 μὲν
1508 2043 1706 2117 ὑγρόν,

18 2126 82 2184 τὸ
103 2130 164 2183 δὲ
181 2128 351 2198 χυτὸν
369 2131 530 2199 γένος
547 2127 736 2184 αὐτοῦ.
761 2128 821 2184 τὸ
843 2132 945 2200 μὲν
964 2123 1069 2184 οὖν
1088 2127 1266 2198 ὑγρὸν
1287 2127 1373 2184 διὰ
1397 2126 1459 2183 τό
1482 2131 1708 2198 μετέχον

21 2206 163 2264 εἶναι
180 2215 295 2263 τῶν
311 2217 494 2278 γενῶν
522 2215 636 2265 τῶν
656 2209 877 2279 ὕδατος,
902 2208 1007 2264 ὅσα
1031 2207 1251 2280 σμικρά,
1275 2208 1487 2265 ἀνίσων
1507 2208 1708 2279 ὄντων,

22 2290 310 2358 κινητικὸν
328 2286 463 2344 αὐτό
483 2311 539 2344 τε
561 2287 695 2345 καθ’
719 2289 857 2347 αὐτὸ
878 2293 969 2346 καὶ
990 2288 1088 2346 ὑπ’
1123 2290 1297 2346 ἄλλου
1326 2288 1415 2345 διὰ
1435 2288 1538 2361 τὴν
1558 2289 1709 2345 άνω-

22 2371 302 2442 μαλότητα
331 2372 421 2426 καὶ
452 2369 556 2441 τὴν
591 2376 693 2426 τοῦ
721 2373 992 2442 σχήματος
1023 2375 1175 2427 ἰδέαν
1211 2374 1431 2446 γέγονε·
1469 2374 1531 2427 τό
1565 2373 1624 2426 δὲ
1649 2373 1708 2427 ἐκ

20 2451 279 2523 μεγάλων
293 2453 384 2507 καὶ
408 2449 633 2521 ὁμαλῶν
662 2451 1069 2523 στασιμώτερον
1089 2453 1190 2522 μὲν
1212 2454 1427 2507 ἐκείνου
1446 2453 1538 2508 καὶ
1562 2451 1708 2523 βαρὺ
1742 2477 1775 2517 ss

22 2531 269 2602 πεπηγὸς
300 2531 408 2588 ὑπὸ
440 2530 776 2605 ὀμαλότητός
805 2537 971 2601 ἐστιν,
1003 2531 1112 2588 ὑπὸ
1146 2535 1206 2588 δὲ
1235 2531 1413 2601 πυρός
1441 2533 1709 2597 εἰσιόντος

21 2617 113 2669 καὶ
134 2613 457 2679 διαλύοντος
477 2612 613 2669 αὐτὸ
644 2613 747 2685 τὴν
782 2613 1094 2685 ὁμαλότητα
1124 2612 1467 2685 [άποβάλλει,
1501 2614 1709 2684 ταύτην

23 2692 101 2765 δὲ]
138 2693 415 2750 ἅπολέσαν
448 2700 684 2765 μετίσχει
720 2702 934 2766 μᾶλλον
977 2695 1264 2765 κινήσεως,
1304 2694 1611 2766 γενόμενον
1650 2696 1710 2750 δὲ

22 2772 333 2848 εὐκίνητον,
359 2774 467 2831 ὑπὸ
489 2783 589 2832 τοῦ
610 2782 844 2847 πλησίον
867 2775 1028 2846 ἀέρος
1057 2774 1391 2847 ὠθούμενον
1420 2778 1511 2832 καὶ
1538 2797 1708 2832 κατα-
