1962 3236
261 185 364 235 266
878 185 1371 233 ΠΛΑΤΩΝΟΣ.

263 323 515 391 φοτέροις
551 317 883 388 μεθυστικός
918 337 975 370 τε
1011 318 1103 371 καὶ
1139 314 1394 386 ἐρωτικὰς
1425 318 1515 371 καὶ
1545 315 1936 386 μελαγχολικὸς

263 405 498 472 γένηται.
535 403 827 461 Παντελῶς
846 398 974 497 μὲν
969 418 1088 452 ουν.

207 491 242 532 D
403 484 486 534 ΙΙΙ.
526 484 778 547 Γίγνεται
798 480 915 547 μέν,
938 474 1008 540 ὡς
1021 480 1214 546 ἔοικεν,
1236 475 1381 532 οὕτω
1402 480 1492 532 καὶ
1512 484 1758 540 τοιοῦτος
1777 474 1931 547 ἀνήρ·

266 567 329 633 ζῇ
354 561 413 616 δὲ
433 559 498 630 δὴ
521 565 663 622 πῶςς
703 556 776 612 Τὸ
798 564 911 612 τῶν
937 557 1255 628 παιζόντων,
1281 563 1404 628 ἔφη,
1437 563 1599 612 τοῦτο
1621 557 1690 611 σὺ
1711 560 1801 612 καὶ
1822 560 1936 626 ἐμοὶ

265 645 417 711 ἐρεῖς.
457 644 614 710 Λέγω
653 640 737 710 δή,
776 643 930 710 ἔφην.
968 638 1116 743 οἶμαι
1155 639 1279 709 γάρ,
1305 637 1364 694 τὸ
1402 639 1534 709 μετὰ
1562 643 1724 694 τοῦτο
1759 640 1935 707 ἑορταὶ

261 730 546 794 γίγνονται
571 719 701 791 παρ’
736 719 920 786 αὐτοῖς
948 723 1039 776 καὶ
1065 726 1241 791 κῶμοι
1260 723 1349 776 καὶ
1373 720 1592 776 θάλειαι
1612 722 1702 775 καὶ
1730 720 1934 790 ἑταῖραι

262 806 353 859 καὶ
372 803 436 859 τὰ
455 810 680 859 τοιαῦτα
693 803 888 872 πάντα,
911 796 990 857 ὦν
1011 798 1080 856 ἀν
1101 802 1276 872 Ἐρως
1295 803 1566 872 τύραννος
1585 805 1747 857 ἔνδον
1768 805 1936 855 οἰκῶν

263 889 604 957 διακυβερνα
639 906 706 938 τα
744 888 840 953 τῆς
877 887 1053 952 ψυχῆς
1090 881 1320 940 ἅπαντα.
1369 881 1620 954 Ἀνάγκη,
1660 887 1780 952 ἔφη.
1820 875 1932 947 Αρ

262 959 367 1022 οὖν
397 964 466 1020 οὐ
503 967 701 1021 πολλαὶ
735 966 824 1019 καὶ
859 967 1032 1017 δειναὶ
1066 962 1622 1034 παραβλαστάνουσιν
1651 966 1938 1032 ἐπιθυμίαι

260 1048 465 1120 ἡμέρας
482 1069 539 1102 τε
558 1049 650 1101 καὶ
667 1044 869 1111 νυκτὸς
889 1045 1133 1115 ἑκάστης,
1164 1051 1386 1099 πολλῶν
1406 1044 1658 1115 δεόμεναι
1678 1067 1691 1109 ;
1727 1046 1936 1098 Πολλαὶ

264 1132 465 1199 μέντοι.
504 1125 651 1197 Ταχὺ
673 1125 778 1197 ἄρα
800 1125 1202 1196 ἀναλίσκονται,
1227 1126 1325 1182 ἐάν
1353 1148 1495 1191 τινες
1527 1120 1627 1181 ὦσι
1656 1125 1933 1194 πρόσοδοι.

202 1224 236 1264 Ε
264 1214 394 1273 Παῖς
415 1207 467 1263 δ’
489 1207 587 1274 οὔ;
608 1210 716 1263 Καὶ
737 1209 871 1278 μετὰ
901 1213 1063 1263 τοῦτο
1094 1208 1160 1278 δὴ
1190 1211 1471 1277 δανεισμοὶ
1500 1210 1590 1262 καὶ
1618 1212 1712 1278 τῆς
1745 1205 1935 1270 οὐσίας

262 1293 621 1361 παραιρέσεις.
675 1295 744 1343 Τί
773 1290 911 1359 μήν;
941 1287 1109 1344 Ὅταν
1139 1293 1199 1344 δὲ
1228 1289 1293 1358 δὴ
1325 1286 1488 1344 πάντ’
1527 1291 1788 1359 ἐπιλείπῃ,
1829 1281 1935 1356 ἀρα

264 1369 368 1426 οὐκ
388 1367 604 1439 ἀνάγκη
625 1372 725 1439 μὲν
745 1369 840 1433 τὰς
861 1370 1157 1439 ἐπιθυμίας
1178 1375 1321 1442 βοοῖν
1339 1369 1552 1433 πυκνάς
1581 1390 1639 1423 τε
1667 1369 1757 1423 καὶ
1790 1385 1931 1438 σφο-

263 1450 397 1520 δρὰς
423 1452 953 1520 ἐννενεοττευμένας,
973 1449 1103 1514 τούς
1123 1449 1165 1505 δ’
1188 1449 1371 1520 ὥσπερ
1388 1448 1496 1505 ὑπὸ
1517 1451 1762 1518 κέντρων
1781 1451 1933 1504 ἐλαυ-

262 1531 532 1600 νομένους
550 1536 663 1584 τῶν
680 1551 736 1584 τε
757 1528 939 1586 ἄλλων
968 1534 1281 1601 ἐπιθυμιῶν
1309 1534 1400 1586 καὶ
1431 1531 1804 1601 διαφερόντως
1832 1527 1929 1584 ὑπ’

264 1610 439 1665 αὐτοῦ
457 1615 558 1665 τοῦ
580 1614 797 1680 ἔρωτος,
820 1611 1019 1677 πάσαις
1036 1623 1152 1677 ταῖς
1171 1611 1361 1676 ἄλλαις
1381 1611 1565 1680 ὥσπερ
1599 1609 1933 1680 δορυφόροις

260 1689 593 1761 ἡγουμένου,
605 1695 842 1788 οἰστρᾷν
866 1693 956 1746 καὶ
976 1702 1218 1761 σκοπεῖν,
1250 1697 1330 1756 τίς
1358 1714 1408 1746 τι
1439 1696 1560 1761 ἔχει,
1593 1690 1660 1746 ὂν
1692 1690 1933 1745 δυνατὸν

260 1770 568 1842 ἀφελέσθαι
586 1771 940 1842 ἀπατήσαντα
971 1770 1006 1844 ἦ
1035 1774 1398 1845 βιασάμενον;
1435 1773 1671 1844 Σφόδρα
1704 1771 1754 1842 γ’
1763 1813 1778 1841 ,
1811 1775 1933 1842 ἐφη.

145 1871 229 1917 574
255 1852 577 1924 Ἀναγκαῖον
620 1852 686 1924 δὴ
720 1855 1072 1924 πανταχόθεν
1103 1857 1309 1925 φέρειν,
1339 1852 1375 1926 ἢ
1405 1855 1664 1926 μεγάλαις
1696 1853 1855 1910 ωδῖσί
1878 1876 1933 1908 τε

259 1937 350 1991 καὶ
370 1934 596 2000 ὀδύναις
625 1939 961 2005 ξυνέχεσθαι.
996 1934 1331 2006 Ἀναγκαῖον.
1363 1930 1477 2007 ’Ap'
1510 1930 1630 2004 οὖν,
1661 1935 1845 2003 ὥσπερ
1879 1957 1930 1988 αι

262 2020 322 2070 ἐν
341 2014 492 2070 αὐτω
511 2014 705 2087 ἡδοναὶ
730 2017 1139 2087 ἐπιγιγνόμεναι
1167 2040 1281 2072 των
1317 2015 1558 2086 ἀρχαιων
1587 2015 1757 2070 πλέον
1787 2014 1931 2083 εἶχον

259 2094 436 2151 καὶτὰ
461 2099 688 2151 ἐκείνων
703 2094 1043 2166 ἀφῃροῦντο,
1075 2096 1219 2151 οὕτω
1242 2099 1332 2150 καὶ
1354 2094 1519 2159 αὐτὸς
1549 2095 1767 2159 ἀξιώσει
1794 2094 1933 2148 νεώ-

259 2198 415 2247 τερος
436 2173 518 2230 α’)’ν
537 2176 742 2246 πατρός
760 2199 818 2231 τε
843 2180 932 2232 καὶ
962 2177 1165 2248 μητρὸς
1198 2181 1366 2232 πλέον
1398 2181 1538 2246 ἔχειν
1569 2177 1660 2230 καὶ
1680 2173 1932 2245 ἀφαιρεῖ-

259 2265 410 2326 σθαι,
434 2255 530 2310 ἐὰν
559 2256 619 2311 τὸ
651 2255 826 2312 αὑτοῦ
854 2262 1016 2328 μέρος
1046 2256 1322 2328 ἀναλώσῃ,
1357 2255 1792 2326 ἀπονειμάμενος
1821 2260 1934 2309 τῶν

256 2335 557 2408 πατρῴωνς
593 2334 750 2391 Ἀλλά
771 2342 825 2393 τί
837 2339 973 2408 μήν;
1011 2342 1130 2408 ἔφη.
1157 2334 1256 2392 ’Ὰν
1278 2337 1334 2392 δὲ
1357 2337 1424 2408 δὴ
1457 2336 1608 2410 αὐτῷ
1626 2335 1698 2407 μὴ
1721 2338 1929 2404 ἐπιτρέ-

195 2435 228 2474 Β
259 2433 453 2485 πωσιν,
481 2410 572 2488 ἀρ’
598 2416 665 2472 οὐ
697 2416 757 2472 τὸ
790 2419 891 2487 μὲν
918 2423 1142 2487 πρῶτον
1179 2420 1440 2487 ἐπιχειροῖ
1473 2415 1543 2473 ἀν
1573 2420 1820 2472 κλέπτειν
1842 2418 1931 2470 καὶ

263 2496 481 2569 ἀπατᾷν
516 2497 645 2562 τοὺς
681 2500 904 2567 γονέας;
954 2499 1202 2563 Πάντως.
1251 2498 1443 2554 Ὁπότε
1481 2499 1539 2554 δὲ
1573 2498 1645 2568 μὴ
1687 2496 1927 2562 δύναιτο,

257 2576 488 2647 ἁρπάζοι
508 2574 579 2634 ἂν
607 2580 697 2634 καὶ
719 2579 955 2650 βιάζοιτο
985 2579 1116 2650 μετὰ
1141 2586 1335 2646 τοῦτο;
1377 2579 1559 2650 Οἶμαι,
1589 2583 1708 2648 ἔφη.
1750 2577 1928 2630 Ἀντε-

256 2663 506 2727 χομένων
525 2658 591 2730 δὴ
613 2661 703 2715 καὶ
722 2665 1063 2732 μαχομένων,
1091 2655 1136 2716 ὦ
1156 2660 1449 2731 θαυμάσιε,
1469 2659 1725 2730 γέροντός
1749 2677 1807 2710 τε
1839 2660 1927 2711 καὶ

255 2739 443 2808 γραός,
471 2733 563 2810 ἀρ’
586 2739 920 2812 εὐλαβηθείη
945 2737 1017 2795 ἀν
1036 2743 1126 2797 καὶ
1147 2746 1392 2811 φείσαιτο
1412 2740 1487 2810 μή
1514 2760 1565 2794 τι
1587 2742 1785 2805 δράσαι
1815 2741 1927 2790 τῶν

255 2827 632 2889 τυραννικῶνς
676 2822 760 2877 Οὐ
784 2823 952 2891 πάνυ,
982 2817 1017 2892 ἦ
1049 2821 1099 2877 δ’
1135 2821 1210 2892 ὅς,
1243 2826 1412 2891 ἔγωγε
1439 2823 1637 2887 θαρρῶ
1664 2817 1785 2885 περὶ
1815 2822 1931 2872 τῶν
