1962 3236
257 200 327 252 48
852 201 1327 251 ΠΛΑΤΩΝΟΣ

259 335 401 407 σύνη
420 334 649 400 ἀδικίας,
670 331 774 390 οὐκ
795 332 1138 399 ἀπεδέξασθέ
1151 353 1263 402 μου
1277 353 1288 364 ·
1309 329 1419 388 οὔτ’
1443 327 1517 388 αὖ
1537 333 1687 400 ὅπως
1704 334 1778 406 μὴ
1798 341 1931 407 βοη-

259 418 421 489 θήσω
441 423 542 488 ἔχω
556 438 569 452 ·
609 418 828 471 δέδοικα
847 415 982 485 γάρ,
1011 412 1084 485 μὴ
1105 411 1227 469 οὐδ’
1251 412 1408 470 ὅσιον
1426 408 1462 488 ᾗ
1480 416 1934 487 παραγενόμενον

201 507 230 549 C
261 499 588 569 δικαιοσύνῃ
615 497 1071 568 κακηγορουμένῃ
1101 494 1470 567 ἀπαγορεύειν
1501 497 1680 570 καὶμὴ
1702 505 1935 570 βοηθεῖν

258 585 335 635 ἔτι
354 581 660 650 ἐμπνέοντα
680 578 771 633 καὶ
792 577 1108 648 δυνάμενον
1127 579 1492 648 φθέγγεσθαι.
1515 580 1808 649 κράτιστον
1827 573 1934 635 οὖν

260 659 437 724 οὕτως
474 659 624 724 ὅπως
656 657 898 729 δύναμαι
925 660 1239 726 ἐπικουρεῖν
1273 658 1428 733 αὐτῇ.
1466 659 1499 716 δ’
1529 683 1585 716 τε
1614 655 1719 716 οὖν
1747 661 1935 717 Γλαύ-

258 763 374 797 κων
399 742 491 796 καὶ
520 743 576 795 oc
603 738 762 795 ἄλλοι
791 741 1009 797 ἐδέοντο
1039 741 1199 794 παντὶ
1227 740 1414 813 τρόπῳ
1444 746 1724 812 βοηθῆσαι
1753 743 1841 797 καὶ
1859 740 1933 812 μὴ

260 821 475 878 ἀνεῖναι
495 820 595 876 τὸν
612 821 811 892 λόγον,
845 819 984 877 ἀλλὰ
1006 821 1473 893 διερευνήσασθαι
1491 827 1548 877 τί
1562 826 1621 878 τέ
1638 825 1787 877 ε’στιν
1806 823 1938 878 ἑκά-

257 925 421 973 τερον
439 905 530 959 καὶ
546 904 669 971 περὶ
688 908 784 973 τῆς
805 899 1071 972 ὠφελείας
1090 899 1284 956 αὐτοῖν
1299 901 1534 971 τάληθὲς
1552 904 1794 971 ποτέρως
1813 909 1933 973 ἔχει.

260 983 418 1041 εἶπον
437 979 543 1040 οὖν
562 983 698 1052 ὅπερ
722 985 840 1053 ἐμοὶ
860 986 1073 1051 ἔδοξεν,
1111 981 1195 1036 ὅτι
1223 980 1297 1036 Τὸ
1330 983 1534 1054 ζήτημα
1564 975 1610 1056 ᾦ
1628 986 1936 1052 ἐπιχειροῦ-

258 1089 361 1137 μεν
393 1064 462 1120 ού
493 1072 714 1136 φαῦλον
743 1062 867 1120 ἄλλ’
905 1062 1004 1130 ὀξὺ
1042 1066 1370 1135 βλέποντος,
1411 1061 1482 1129 ὡς
1513 1066 1630 1135 ἐμοὶ
1663 1071 1935 1134 φαίνεται.

192 1163 227 1204 D
260 1144 445 1218 ἐπειδὴ
468 1140 573 1202 οὖν
593 1144 746 1217 ἡμεῖς
766 1143 835 1200 ού
857 1148 1046 1215 δεινοί,
1068 1149 1339 1215 δοκεῖμοι,
1361 1139 1432 1215 ἦν
1452 1144 1503 1200 δ’
1528 1147 1653 1216 ἐγώ,
1676 1147 1937 1216 τοιαύτην

259 1226 598 1300 ποιήσασθαι
617 1227 838 1298 ζήτησιν
856 1223 1059 1294 αὐτοῦ,
1099 1228 1326 1293 οἵανπερ
1357 1249 1428 1281 αν
1459 1232 1509 1282 εἰ
1535 1228 1832 1324 προσέταξέ
1861 1249 1939 1291 τις

259 1311 553 1382 γράμματα
590 1325 793 1380 σμικρα
831 1307 1138 1378 πόρρωθεν
1177 1305 1498 1377 άναγνωναι
1534 1309 1607 1380 μὴ
1648 1309 1800 1363 πάνυ
1837 1306 1938 1373 ὀξὺ

259 1393 590 1464 βλέπουσιν,
632 1389 818 1446 ἔπειτά
841 1411 920 1455 τις
940 1389 1259 1462 ἐνενόησεν,
1300 1389 1384 1446 ὅτι
1403 1391 1467 1446 τὰ
1487 1391 1626 1446 αὐτὰ
1646 1393 1938 1462 γράμματα

259 1478 373 1530 ἔστι
395 1493 505 1528 που
532 1474 623 1528 καὶ
656 1471 857 1527 ἄλλοθι
886 1477 1049 1543 μείζω
1077 1494 1135 1527 τε
1153 1475 1243 1528 καὶ
1263 1475 1322 1527 ἐν
1351 1478 1583 1543 μείζονι,
1624 1474 1851 1543 ἕρμαιον
1869 1495 1935 1527 αν

261 1553 440 1626 ἐφάνη
456 1596 472 1623 ,
505 1552 682 1624 οἶμαι,
714 1557 898 1609 ἐκεῖνα
918 1559 1140 1621 πρῶτον
1159 1551 1502 1623 ἀναγνόντας
1521 1553 1697 1618 οὕτως
1715 1557 1938 1610 ἐπισκο-

261 1648 386 1692 πεῖν
405 1633 471 1691 τὰ
492 1634 714 1706 ἐλάττω,
737 1639 786 1690 εἰ
801 1633 867 1691 τά
889 1633 1029 1690 αὐτοὶ
1047 1634 1182 1691 ὅντα
1198 1637 1469 1706 τυγχάνει.
1508 1638 1674 1691 Πάνυ
1692 1637 1795 1706 μὲν
1814 1630 1935 1705 οὖν,

201 1735 235 1777 Ε
263 1721 368 1788 ἔφη
390 1714 419 1772 ὁ
440 1715 790 1788 Ἀδείμαντος
805 1738 816 1749 ·
855 1715 993 1772 άλλά
1016 1724 1071 1772 τί
1085 1723 1357 1785 τοιοῦτον,
1379 1711 1423 1771 ὦ
1442 1718 1764 1787 Σώκρατες,
1795 1720 1855 1772 ἐν
1870 1724 1939 1790 ,τῇ

260 1801 384 1868 περὶ
413 1797 473 1854 τὸ
504 1803 718 1855 δίκαιον
747 1799 961 1871 ζητήσει
989 1807 1267 1868 καθοροῖςς
1302 1799 1437 1870 Ἐγώ
1458 1817 1573 1866 σοι,
1603 1805 1771 1871 ἔφην,
1811 1803 1935 1871 ἐρῶ.

263 1881 604 1952 δικαιοσύνη,
629 1884 843 1953 φαμέν,
861 1885 974 1937 ἔστι
991 1882 1090 1951 μὲν
1112 1880 1316 1950 ἀνδρὸς
1336 1882 1461 1947 ἑνός
1474 1925 1486 1947 ,
1510 1887 1620 1938 ἔστι
1639 1887 1702 1938 δέ
1717 1904 1828 1937 που
1850 1884 1940 1939 καὶ

262 1962 394 2034 ὅλης
425 1962 664 2028 πόλεως;
701 1963 868 2018 Πάνυ
897 1985 990 2033 γε,
1028 1957 1066 2034 ἦ
1094 1961 1147 2019 δ’
1179 1963 1255 2027 ὃς.
1314 1962 1543 2018 Οὐκοῦν
1570 1970 1757 2034 μεῖζον
1785 1965 1940 2029 πόλις

263 2043 387 2108 ἑνὸς
416 2042 645 2111 άνδρός;
682 2050 920 2115 Μεῖζον,
961 2051 1081 2115 ἔφη.
1137 2044 1298 2109 Ἴσως
1327 2053 1519 2100 τοίνυν
1539 2052 1744 2100 πλείων
1764 2043 1835 2102 ἄν
1856 2050 1940 2101 δι-

262 2125 535 2197 καιοσύνη
565 2127 625 2180 ἐν
654 2132 732 2198 τῷ
759 2130 967 2196 μείζονι
997 2127 1143 2196 ἐνείη
1174 2128 1264 2182 καὶ
1304 2127 1459 2199 ῥᾴων
1497 2136 1855 2198 καταμαθεῖν.
1894 2132 1943 2182 εἰ

146 2219 236 2266 369
266 2200 372 2262 οὖν
389 2206 688 2277 βούλεσθε,
708 2212 931 2275 πρῶτον
951 2210 1010 2263 ἐν
1031 2219 1145 2272 ταῖς
1165 2208 1358 2263 πόλεσι
1379 2207 1691 2279 ζητήσωμεν
1711 2209 1871 2264 ποῖόν
1890 2214 1945 2264 τί

262 2289 436 2344 ἐστιν·
475 2291 657 2342 ἔπειτα
696 2286 872 2353 οὕτως
906 2289 1331 2360 ἐπισκεψώμεθα
1367 2291 1456 2346 καὶ
1493 2293 1555 2345 ἐν
1592 2292 1671 2346 ἑνὶ
1710 2291 1936 2364 ἑκάστῳ,

261 2365 363 2440 τὴν
381 2375 484 2424 τοῦ
499 2373 746 2439 μείζονος
775 2368 1066 2441 ὁμοιότητα
1097 2375 1158 2426 ἐν
1177 2379 1242 2443 τῇ
1260 2377 1361 2426 τοῦ
1380 2371 1668 2436 ἐλάττονος
1687 2375 1804 2445 ἰδέᾳ
1821 2375 1940 2427 ἐπι-

263 2457 615 2515 σκοποῦντες.
650 2447 809 2507 Ἀλλά
828 2474 921 2522 μοι
951 2456 1155 2520 δοκεῖς,
1193 2457 1328 2523 ἔφη,
1366 2458 1545 2517 καλῶς
1574 2456 1769 2522 λέγειν.
1818 2447 1933 2522 Ἆρ’

265 2526 398 2604 οὖν,
435 2526 509 2604 ἦν
538 2531 590 2588 δ’
625 2533 759 2604 ἐγώ,
799 2539 849 2590 εἰ
863 2537 1196 2606 γιγνομένην
1219 2536 1382 2591 πόλιν
1401 2541 1749 2606 θεασαίμεθα
1772 2536 1937 2608 λόγῳ,

264 2616 355 2669 καὶ
384 2612 486 2685 τὴν
514 2615 877 2687 δικαιοσύνην
914 2617 1082 2687 αὐτῆς
1118 2620 1332 2688 ἴδοιμεν
1369 2613 1442 2671 ἄν
1480 2621 1814 2687 γιγνομένην
1848 2618 1940 2672 καὶ

263 2692 365 2763 τὴν
385 2692 631 2762 άδικίαν;
672 2694 811 2767 Τάχ’
829 2697 919 2768 ἄν,
940 2692 976 2769 ἦ
996 2697 1044 2753 δ’
1069 2697 1146 2763 ὅς.
1197 2697 1427 2754 Οὐκοῦν
1445 2703 1748 2768 γενομένου
1765 2694 1939 2751 αὐτοῦ

124 2816 126 2818 ψ
200 2789 234 2831 Β
264 2776 414 2838 ἐλπὶς
437 2774 823 2847 εὐπετέστερον
841 2783 978 2835 ἰδεῖν
996 2777 1027 2836 ὃ
1046 2785 1340 2851 ζητοῦμεν;
1360 2779 1518 2834 Πολύ
1531 2800 1605 2848 γε.
1641 2786 1815 2834 Δοκεῖ
1833 2772 1940 2834 οὖν

261 2860 457 2927 χρῆναι
487 2859 820 2931 ἐπιχειρῆσαι
852 2867 1161 2932 περαίνειν;
1201 2859 1348 2930 οἶμαι
1377 2859 1479 2930 μὲν
1497 2857 1603 2931 γὰρ
1624 2858 1726 2915 οὐκ
1748 2857 1940 2931 ὀλίγον
