1962 3236
78 146 156 189 101
474 136 675 184 ΠΕΡΙ
714 133 1003 182 ΨΥΧΑΣ
1037 131 1352 182 ΚΟΣΜΩ.
1659 130 1765 183 419

71 278 215 327 λοῖαι
238 268 576 340 γιγνόμεναι,
608 271 660 332 ἔς
682 288 740 322 τε
770 272 1128 336 μελαγχολίας
1156 266 1246 321 καὶ
1277 271 1534 336 λαγνείας
1555 273 1764 339 λαβρο-

69 353 236 418 τᾰτας
262 350 486 422 α’γοισαι
513 348 635 420 ἁμέ,
668 349 759 404 καὶ
783 346 1214 419 ρευματιζόμενά
1240 369 1365 403 τινα
1393 349 1561 419 μέρεα
1594 352 1825 415 δαξα-Β

71 453 223 506 σμως
243 440 492 488 ποιεῦντι
511 433 601 486 καὶ
620 428 841 501 μορφὰς
861 428 1319 501 φλεγμαινόντων
1338 429 1611 501 σωμάτων
1628 437 1761 501 μάλ-

69 522 170 571 λον
188 511 223 586 ἦ
244 512 631 583 ὑγιαινόντων,
656 508 728 565 δι’
755 531 836 564 ων
857 513 1164 581 δυσθυμίαι
1176 514 1266 566 καὶ
1286 517 1457 584 λῆθαι
1477 531 1762 583 παραφρο-

73 597 242 652 σύναι
261 617 316 651 τε
338 597 428 651 καὶ
448 604 630 649 πτοῖαι
649 590 1071 661 ἀπεργάζονται.

212 681 338 733 XVI.
381 673 563 731 Ἱκανὰ
597 676 657 729 δὲ
689 671 755 728 τὰ
784 677 935 743 ἔθεα,
967 676 1027 729 ἐν
1057 669 1195 739 οἷς
1170 672 1244 729 οἰν
1274 676 1592 745 έντραφῶσι
1623 697 1762 731 κατα

70 759 232 815 πόλιν
251 756 288 830 ἢ
308 758 479 828 οἷκον,
500 757 593 812 καὶ
622 753 655 810 ἁ
677 752 814 810 καθ’
844 753 1060 825 ἁμέραν
1086 759 1282 826 δίαιτα,
1312 755 1630 826 θρύπτοισα
1659 756 1763 813 τὰν

71 839 256 911 ψυχὰν
289 838 327 912 ἦ
356 842 620 911 ρωννῦσα
659 834 781 892 ποτ’
826 834 1019 892 ἀλκάν.
1068 839 1154 893 ταὶ
1188 835 1297 908 γὰρ
1337 843 1644 910 θυραυλίαι
1671 839 1766 894 καὶ

68 921 242 978 ἁπλαῖ
261 924 463 992 τροφαὶ
489 920 555 975 τά
575 941 632 975 τε
650 919 932 990 γυμνάσια
950 921 1039 974 καὶ
1060 919 1126 974 τὰ
1154 917 1299 990 ἤθεα
1329 926 1444 976 τῶν
1472 921 1766 977 συνόντων

69 1003 135 1059 τὰ
167 1007 394 1075 μέγιστα
433 1004 703 1058 δύνανται
738 1002 862 1056 ποτὶ
899 999 1102 1069 ἀρετὰν
1140 1004 1230 1057 καὶ
1260 1004 1383 1057 ποτὶ
1413 1006 1630 1058 κακίαν.
1672 1002 1765 1058 καὶ

74 1093 247 1141 ταῦτα
282 1087 386 1156 μὲν
422 1092 567 1140 αἴτια
599 1086 658 1139 ἐκ
698 1090 808 1138 τῶν
838 1082 1147 1153 γενετόρων
1177 1084 1269 1139 καὶ
1308 1089 1591 1155 στοιχείων
1627 1082 1763 1140 ε’πά-

69 1190 219 1238 γεται
247 1173 459 1238 μᾶλλον
497 1163 533 1236 ἦ
564 1169 616 1231 ἐξ
645 1163 846 1236 ἁμέων,
887 1164 919 1220 ὅ
954 1188 1004 1220 τι
1040 1164 1113 1236 μὴ
1145 1164 1310 1236 ἀργία
1330 1167 1495 1236 ἐστίν,
1524 1163 1766 1237 ἀφιστα-

68 1253 254 1321 μένων
280 1245 437 1319 ἆμαῖν
453 1254 567 1302 τῶν
597 1247 972 1302 ποθακόντων
1000 1252 1192 1316 ἔργων.
1243 1249 1368 1302 ποτὶ
1392 1248 1451 1304 δὲ
1475 1247 1538 1302 τὸ
1561 1241 1627 1302 εὖ
1644 1251 1767 1318 ἔχεν

68 1330 130 1387 τὸ
158 1336 299 1397 ζῶον
339 1334 425 1385 δεῖ
449 1327 510 1385 τὸ
541 1334 700 1399 σῶμα
730 1333 852 1399 ἔχεν
879 1326 975 1392 τὰς
1004 1325 1103 1383 ὑπ’
1138 1325 1287 1401 αὐτῷ
1320 1327 1539 1400 ἀρετάς,
1571 1326 1767 1400 ὑγείαν

71 1435 129 1468 τε
149 1414 240 1468 καὶ
273 1409 640 1482 εὐαίσθησίαν
670 1411 832 1481 ἰσχύν
856 1431 914 1466 τε
943 1412 1035 1466 καὶ
1072 1409 1289 1474 κάλλος.
1328 1407 1489 1480 ἀρχαὶ
1527 1409 1586 1466 δὲ
1622 1410 1762 1465 κάλ-

70 1502 203 1559 λους
241 1498 547 1564 συμμετρία
595 1499 723 1548 ποτί
755 1491 807 1547 τ’
847 1491 999 1547 αὐτῶ
1039 1489 1105 1546 τὰ
1142 1494 1311 1562 μέρεα
1359 1492 1452 1546 καὶ
1499 1494 1625 1548 ποτὶ
1662 1490 1767 1546 τάν

73 1576 284 1647 ψυχάν·
323 1572 356 1630 ἆ
378 1573 485 1646 γὰρ
518 1574 686 1646 φύσις
715 1570 837 1630 οἷον
863 1573 1109 1645 ὄργανον
1138 1571 1416 1645 ἁρμόξατο
1446 1571 1508 1629 τό
1541 1580 1764 1642 σκᾶνος,

71 1657 365 1714 ὑπάκουόν
385 1679 441 1713 τε
463 1656 613 1730 εἶμεν
636 1660 726 1713 καὶ
750 1657 1090 1729 ἐναρμόνιον
1107 1668 1223 1721 ταῖς
1243 1661 1355 1711 τῶν
1381 1661 1523 1728 βίων
1549 1653 1767 1712 ὑποθέ-

72 1758 206 1797 σεσι.
247 1741 405 1797 δεῖδὲ
427 1741 518 1796 καὶ
537 1738 641 1795 τᾶν
668 1738 854 1811 ψυχὰν
878 1742 1249 1811 ρὐθμίζεσθαι
1279 1740 1403 1794 ποτὶ
1428 1737 1528 1804 τὰς
1559 1735 1767 1795 ἀναλό-

72 1845 182 1894 γως
212 1822 427 1894 ἀρετάς,
459 1825 583 1878 ποτὶ
611 1825 714 1894 μὲν
743 1823 1123 1893 σωφροσύναν
1157 1816 1276 1877 οἷον
1306 1823 1430 1876 ποτὶ
1459 1817 1676 1891 ὑγίειαν
1704 1821 1765 1878 τὸ

73 1913 248 1977 σῶμα,
280 1907 404 1961 ποτὶ
435 1908 494 1960 δὲ
523 1903 802 1975 φρόνασιν
830 1899 951 1960 οἷον
982 1906 1104 1960 ποτὶ
1133 1902 1520 1975 εὐαισθησίαν,
1549 1904 1676 1959 ποτὶ
1705 1901 1766 1959 δὲ

70 1986 434 2056 ἀνδρειότατα
462 1982 583 2042 οἷον
601 1988 723 2042 ποτὶ
754 1985 946 2058 ρωμαν
972 1988 1062 2041 καὶ
1090 1985 1269 2057 ἰσχύν,
1302 1987 1427 2042 ποτὶ
1462 1983 1522 2041 δὲ
1552 1989 1766 2042 δικαιο-

71 2070 253 2126 σύναν
271 2064 391 2125 οἷον
410 2071 532 2124 ποτὶ
552 2067 754 2133 κάλλος
772 2067 833 2124 τὸ
856 2074 1029 2140 σῶμα.
1061 2070 1304 2124 τουτέων
1324 2067 1384 2123 δὲ
1404 2066 1564 2139 α’ρχαὶ
1583 2070 1685 2139 μὲν
1703 2070 1766 2125 ἐκ

70 2153 289 2223 φύσιος,
322 2154 460 2223 μέσα
494 2151 553 2206 δὲ
587 2151 678 2206 καὶ
710 2153 918 2221 πέρατα
949 2153 1002 2216 ἐξ
1032 2153 1354 2222 ἐπιμελείας,
1387 2149 1640 2221 σώματος
1661 2151 1766 2222 μὲν

72 2233 164 2290 διὰ
183 2238 558 2304 γυμναστικᾶς
576 2235 667 2287 καὶ
691 2237 954 2302 ἰατρικοῖς,
975 2238 1153 2303 ψυχᾶς
1184 2234 1244 2288 δὲ
1273 2232 1363 2287 διὰ
1394 2235 1644 2297 παιδείας
1673 2234 1765 2287 καὶ

73 2319 431 2386 φιλοσοφίας·
469 2306 630 2369 αὗται
650 2313 757 2384 γὰρ
778 2316 864 2370 ταὶ
886 2315 1151 2386 δυνάμιες
1169 2318 1456 2387 τρέφοισαι
1475 2318 1567 2372 καὶ
1585 2327 1760 2371 τονοῖ-

73 2414 164 2453 σαι
184 2395 358 2452 καὶτὰ
392 2395 615 2467 σώματα
645 2398 735 2452 καὶ
764 2395 860 2460 τὰς
880 2395 1060 2468 ψυχὰς
1081 2395 1171 2452 διὰ
1202 2397 1395 2453 πόνων
1426 2401 1516 2453 καὶ
1544 2418 1765 2469 γυμνα·
1792 2412 1827 2455 Ε

74 2487 211 2535 σίων
229 2481 319 2535 καὶ
340 2482 545 2543 διαίτας
564 2477 963 2549 καθαρότατος,
976 2481 1062 2533 ταὶ
1075 2477 1177 2549 μὲν
1190 2475 1278 2534 διὰ
1293 2483 1666 2549 φαρμακειοῖν,
1679 2478 1768 2534 ταὶ

74 2563 133 2618 δὲ
161 2565 505 2618 παιδευτικαὶ
526 2567 629 2617 τᾶν
649 2568 833 2632 ψυχᾱν
864 2562 953 2616 διὰ
985 2567 1262 2618 κολασίων
1290 2566 1382 2618 καὶ
1413 2565 1761 2629 ἐπιπλαξίων.

73 2644 393 2716 ρωννύουσι
414 2644 521 2714 γὰρ
542 2643 631 2699 διὰ
655 2649 979 2713 προτροπᾶν
999 2648 1295 2715 ἐγείροισαι
1327 2643 1430 2700 τάν
1460 2643 1640 2716 ὁρμὰν
1669 2646 1762 2702 καὶ
1795 2668 1878 2712 104

73 2728 494 2797 ἐγκελευόμεναι
527 2726 592 2782 τὰ
623 2734 898 2797 ποτίφορα
941 2726 1110 2783 ποττὰ
1145 2731 1294 2797 ἔργα.
1350 2725 1633 2783 ἄλειπτικά
1660 2728 1764 2800 μὲν

77 2803 156 2864 ὦν
177 2811 266 2866 καὶ
297 2806 330 2865 ἆ
364 2810 538 2883 ταύτᾳ
561 2828 726 2880 συγγε
739 2810 964 2866 νεστάτα
989 2811 1221 2880 ἰατρικά,
1244 2809 1469 2882 σώματα
1499 2819 1761 2882 ταχθεῖσα

1412 2893 1467 2936 27
1487 2890 1507 2917 ¹⁸¹
