1962 3236
162 161 269 215 104
780 162 1256 212 HAATSZNOZ

165 318 332 368 τομεν
355 291 458 353 οὐκ
477 294 869 365 ἀπολαβόντες,
892 293 1113 363 ὀλίγους
1134 296 1195 349 ἐν
1219 293 1361 367 αὐτῇ
1379 297 1666 363 τοιούτους
1686 299 1842 364 τινάς

166 380 429 448 τιθέντες,
451 374 573 432 ἀλλ’
599 375 738 446 ὅλην
754 397 766 408 ·
801 372 999 429 αὐτίκα
1019 374 1078 429 δὲ
1103 372 1205 445 τὴν
1225 378 1484 431 ἐναντίαν
1503 378 1838 449 σκεψόμεθα.

169 456 354 528 ὥσπερ
390 451 495 513 οὖν
525 455 613 526 ἄν,
643 459 694 510 εί
718 451 860 525 ἡμᾶς
888 452 1219 523 ἀνδριάντας
1247 456 1567 527 γράφοντας
1604 467 1842 528 προσελ-

165 538 291 594 θών
312 559 390 603 τις
410 541 569 607 ἔψεγε
587 538 780 605 λέγων,
801 534 886 589 ὅτι
914 531 983 589 οὐ
1001 547 1113 599 τοῖς
1147 543 1454 603 καλλίστοις
1481 546 1583 593 τοῦ
1603 539 1745 605 ζώου
1773 538 1840 594 τά

166 622 428 675 κάλλιστα
447 617 713 687 φάρμακα
733 620 1130 687 προστίθεμεν·
1172 621 1229 673 οἱ
1250 617 1356 689 γὰρ
1388 616 1672 691 ὀφθαλμοὶ
1701 621 1838 677 κάλ-

166 706 355 756 λιστον
381 694 450 753 ὂν
481 695 584 752 οὐκ
614 694 844 771 ὀστρείῳ
876 699 1294 768 ἐναληλιμμένοι
1326 699 1435 756 εἷεν
1464 699 1603 756 ἀλλά
1631 704 1838 772 μέλανι·

107 798 141 838 D
173 785 402 853 μετρίως
420 776 492 836 ἀν
513 782 815 849 ἐδοκοῦμεν
827 777 963 847 πρὸς
974 776 1147 835 αὐτὸν
1165 780 1561 853 ἀπολογεῖσθαι
1572 785 1839 853 λέγοντες·

165 858 209 919 c3'
227 861 525 933 θαυμάσιε,
549 858 621 931 μὴ
642 867 766 915 οἰόυ
792 863 908 914 δεῖν
931 857 1074 930 ἡμᾶς
1102 859 1250 917 οὕτω
1279 862 1484 927 καλοὺς
1510 862 1842 934 ὀφθαλμοὺς

163 943 420 1014 γράφειν,
438 939 577 997 ὥστε
593 942 729 1012 μηδὲ
747 939 1080 1010 ὀφθαλμοὺς
1097 946 1414 1014 φαίνεσθαι,
1430 943 1560 1014 μηδ’
1582 937 1655 997 αὖ
1669 939 1840 998 τᾶλλα

164 1029 319 1097 μέρη,
348 1020 471 1078 ἀλλ’
491 1021 657 1091 ἄθρει
678 1026 728 1076 εἰ
747 1019 813 1075 τὰ
834 1020 1185 1091 προσήκοντα
1215 1023 1462 1090 ἑκάστοις
1484 1023 1840 1088 ἀποδιδόντες

164 1106 226 1162 τὸ
268 1104 402 1160 όλον
437 1101 612 1159 καλὸν
643 1109 935 1174 ποιοῦμεν
981 1107 1071 1159 καὶ
1111 1106 1177 1176 δὴ
1207 1107 1297 1161 καὶ
1326 1113 1435 1161 νῦν
1468 1107 1539 1178 μὴ
1573 1105 1842 1176 ἀνάγκαζε

162 1186 305 1260 ἡμᾶς
332 1184 598 1256 τοιαύτην
630 1182 991 1255 εὐδαιμονίαν
1027 1196 1139 1250 τοῖς
1174 1186 1379 1282 φύλαξι
1416 1189 1771 1257 προσάπτειν,
1808 1183 1842 1256 ἣ

164 1272 409 1332 ἐκείνους
425 1285 540 1321 παν
557 1272 768 1336 μᾶλλον
788 1263 1151 1334 ἀπεργάσεται
1167 1262 1201 1336 ἠ
1195 1264 1483 1336 ’φύλακας
1506 1268 1843 1338 ἐπιστάμεθα

105 1359 139 1400 Ε
166 1350 275 1422 γὰρ
303 1351 395 1404 καὶ
422 1345 553 1412 τοὺς
571 1368 852 1417 γεωργους
872 1350 1123 1412 ξυστίδας
1142 1345 1507 1418 ἀμφιέσαντες
1527 1350 1618 1404 καὶ
1635 1347 1844 1418 χρυσὸν

165 1433 486 1502 περιθέντες
498 1426 860 1502 πρὸςὴδονὴν
879 1427 1204 1497 ἐργάζεσθαι
1224 1430 1471 1485 κελεύειν
1489 1428 1592 1501 τὴν
1609 1437 1732 1501 γῆν,
1753 1430 1843 1484 καὶ

164 1512 295 1576 τούς
313 1513 580 1582 κεραμέας
599 1513 1022 1573 κατακλίναντες
1055 1512 1290 1576 ἐπιδέξια
1320 1510 1458 1582 πρὸς
1485 1510 1547 1567 τὸ
1576 1517 1688 1582 πῦρ
1721 1515 1849 1566 δια-

165 1587 426 1655 πίνοντάς
443 1611 501 1645 τε
522 1593 612 1645 καὶ
633 1587 1065 1659 εὐωχουμένους,
1078 1589 1178 1646 τὸν
1190 1592 1388 1662 τροχὸν
1401 1594 1841 1664 παραθεμένους,

164 1673 302 1730 ὅσον
321 1669 393 1727 ἀν
411 1675 727 1742 ἐπιθυμῶσι
745 1671 1088 1742 κεραμεύειν,
1126 1674 1216 1728 καὶ
1244 1672 1374 1738 τοὺς
1404 1674 1606 1738 ἄλλους
1636 1673 1845 1737 πάντας

162 1754 396 1828 τοιούτῳ
420 1755 604 1827 τρόπῳ
632 1759 938 1824 μακαρίους
955 1765 1150 1824 ποιεῖν,
1175 1758 1266 1810 ἵνα
1287 1755 1354 1826 δὴ
1375 1754 1476 1826 ὅλη
1502 1753 1535 1825 ἡ
1567 1753 1726 1819 πόλις
1743 1754 1839 1810 εὐ-

165 1841 423 1908 δαιμονῇ·
463 1834 585 1891 ἀλλ’
620 1833 764 1907 ἡμᾶς
793 1836 865 1907 μὴ
900 1835 1047 1891 οὕτω
1077 1840 1358 1892 νουθέτει·
1400 1836 1491 1907 ὠς,
1511 1836 1583 1893 ἄν
1610 1853 1698 1893 σοι
1718 1857 1837 1891 πει-

49 1929 135 1974 421
164 1918 424 1989 θώμεθα,
447 1917 574 1973 οὔτε
593 1915 622 1972 ὁ
644 1915 889 1989 γεωργὸς
904 1917 1151 1989 γεωργὸς
1170 1924 1320 1975 ἔσται
1349 1917 1478 1974 οὔτε
1511 1916 1540 1974 ὁ
1573 1918 1850 1989 κεραμεὺς-

166 1997 436 2069 κεραμεύς
454 1996 584 2053 οὔτε
604 1996 768 2063 ἄλλος
789 1997 970 2063 οὐδεὶς
997 1996 1165 2055 οὐδὲν
1186 2003 1327 2069 ἔχων
1347 2005 1540 2068 σχῆμα,
1564 2000 1618 2063 ἐξ
1639 1991 1717 2053 ὦν
1735 1998 1840 2052 πό-

168 2086 252 2144 λις
268 2085 526 2148 γίγνεται.
578 2076 718 2133 ἀλλὰ
737 2085 852 2133 τῶν
869 2077 971 2148 μὲν
1000 2078 1186 2134 ἄλλων
1213 2079 1454 2134 ἐλάττων
1483 2078 1667 2148 λόγος·
1707 2100 1838 2134 νευ-

165 2161 444 2231 ρορράφοι
478 2159 585 2231 γὰρ
621 2166 828 2229 φαῦλοι
857 2159 1147 2230 γενόμενοι
1174 2162 1265 2216 καὶ
1307 2163 1710 2230 διαφθαρέντες
1753 2163 1844 2214 καὶ

169 2241 679 2312 προσποιησάμενοι
698 2240 836 2296 εἶναι
854 2239 928 2311 μὴ
951 2239 1106 2305 ὄντες
1124 2241 1281 2296 πόλει
1300 2240 1466 2296 οὐδὲν
1486 2239 1671 2295 δεινόν
1686 2262 1696 2272 ·
1730 2239 1845 2310 φύ-

171 2331 334 2388 λακες
354 2322 412 2378 δὲ
433 2322 624 2393 νόμων
642 2344 700 2377 τε
732 2325 822 2377 καὶ
856 2322 1067 2387 πόλεως
1096 2323 1168 2393 μὴ
1198 2323 1353 2386 ὄντες
1379 2320 1519 2377 ἀλλὰ
1549 2325 1846 2384 δοκοῦντες

168 2403 305 2478 ὁρᾷς
334 2404 402 2475 δὴ
441 2403 526 2459 ὅτι
553 2410 738 2459 πᾶσαν
767 2404 945 2474 ἄρδην
972 2403 1138 2460 πόλιν
1168 2402 1492 2472 ἀπολλύασι,
1521 2404 1612 2458 καὶ
1642 2396 1715 2457 αὖ
1743 2408 1846 2456 τοῦ

169 2478 235 2541 εὐ
262 2490 434 2542 οἰκεῖν
469 2487 560 2541 καὶ
589 2483 937 2556 εὐδαιμονεῖν
971 2484 1133 2555 μόνοι
1157 2484 1260 2540 τὸν
1289 2484 1488 2556 καιρὸν
1522 2487 1755 2555 ἔχουσιν.
1799 2488 1849 2538 εἰ

169 2566 274 2637 μὲν
293 2559 400 2622 οὐν
419 2563 574 2638 ἡμεῖς
592 2566 692 2638 μὲν
712 2567 965 2636 φύλακας
985 2565 1059 2631 οἱς
1079 2566 1304 2638 ἀληθῶς
1332 2571 1617 2636 ποιοῦμεν,
1647 2563 1845 2635 ἥκιστα

105 2665 139 2705 Β
169 2645 520 2718 κακούργους
531 2654 625 2718 τῆς
645 2647 869 2716 πόλεως,
893 2645 921 2703 ὁ
947 2646 998 2702 δ’
1021 2651 1194 2703 ἐκεῖνο
1207 2649 1386 2717 λέγων
1397 2646 1677 2717 γεωργούς
1694 2664 1846 2706 τινας

169 2727 260 2783 καὶ
289 2726 473 2797 ὥσπερ
504 2730 571 2800 ἐν,
593 2726 902 2799 πανηγύρει
937 2726 1060 2783 ἀλλ’
1102 2726 1204 2783 οὐκ
1242 2730 1302 2783 ἐν
1338 2727 1496 2782 πόλει
1532 2724 1847 2794 ἑστιάτορας

110 2880 112 2883 .
171 2805 519 2878 εὐδαίμονας,
543 2809 678 2865 ἄλλο
699 2810 771 2865 ἄν
788 2833 839 2866 τι
857 2807 891 2879 ἦ
911 2811 1075 2866 πόλιν
1095 2811 1261 2880 λέγοι,
1291 2811 1555 2863 σκεπτέον
1585 2800 1707 2868 οὗν,
1739 2805 1847 2861 πό-
