1962 3236
54 174 117 222 77
739 165 1116 215 ΤΙΜΑΙΟΣ.
1632 161 1740 215 895

0 328 6 338 ..
54 299 149 358 διὰ
186 306 301 356 τῶν
332 304 576 372 φλεβῶν,
606 299 762 366 τάξιν
786 303 903 355 τῶν
932 295 1072 353 κατὰ
1098 296 1275 368 φύσιν
1301 293 1487 353 οὐκέτ’
1515 302 1740 366 ἴσχοντα

60 381 353 452 περιόδων,
375 379 547 453 ἐχθρὰ
576 379 677 451 μὲν
705 377 846 435 αὐτὰ
875 375 1062 444 αὑτοῖς
1090 376 1179 434 διὰ
1205 377 1268 434 τὸ
1297 381 1570 449 μηδεμίαν
1596 373 1741 431 ἀπό-

57 472 260 519 λαυσιν
283 463 499 519 ἑαυτῶν
525 466 686 532 ἔχειν,
718 466 799 534 τῷ
829 463 1126 526 ξυνεστῶτι
1156 458 1216 515 δὲ
1243 464 1347 515 τοῦ
1374 457 1624 529 σώματος
1650 457 1742 512 καὶ

51 547 281 615 μένοντι
298 542 436 598 κατὰ
472 541 661 612 χώραν
708 536 958 611 πολέμια,
1005 539 1303 596 διολλύντα
1350 540 1443 596 καὶ
1484 538 1738 610 τήκοντα.

56 624 196 681 ὅσον
214 625 318 695 μὲν
336 618 443 679 οὖν
460 620 532 679 ἂν
549 622 919 679 παλαιότατον
938 618 1006 678 ὂν
1023 628 1120 692 τῆς
1138 621 1344 691 σαρκὸς
1361 625 1518 693 τακῇ,
1532 618 1739 676 δύσπε-

59 727 199 762 πτον
227 706 563 776 γιγνόμενον
580 710 822 775 μελαίνει
839 706 941 774 μὲν
969 701 1079 759 ὑπὸ
1111 709 1346 769 παλαιᾶς
1371 702 1741 774 ξυγκαύσεως,

59 787 150 843 διὰ
171 785 231 842 δὲ
248 785 308 842 τὸ
327 785 504 856 πάντη
537 789 952 856 διαβεβρῶσθαι
979 781 1185 853 πικρὸν
1213 778 1282 839 ὂν
1310 785 1472 841 παντὶ
1499 789 1742 854 χαλεπον

58 873 386 938 προσπίπτει
402 871 503 922 τοῦ
522 866 790 936 στόματος,
811 863 948 920 ὅσον
976 863 1048 920 ἄν
1066 865 1229 935 μήπω
1250 867 1668 936 διεφθαρμένον
1683 856 1740 935 ᾗ,
1774 877 1808 919 Β

60 954 152 1006 καὶ
180 948 300 1005 τοτὲ
327 948 429 1018 μὲν
456 945 580 1002 ἀντὶ
604 952 698 1018 τῆς
726 946 1054 1016 πικρότητος
1085 943 1319 1016 ὀξύτητα
1339 951 1460 1017 ἔσχε
1481 943 1543 1000 τὸ
1566 947 1740 1015 μέλαν

59 1036 268 1102 χρῶμα,
289 1028 808 1093 άπολεπτυνθέντος
833 1034 1047 1098 μᾶλλον
1075 1032 1176 1082 τοῦ
1205 1034 1431 1095 πικροῦ·
1469 1025 1590 1082 τοτὲ
1619 1026 1680 1082 δὲ
1706 1022 1741 1096 ἡ

62 1111 323 1182 πικρότης
349 1105 423 1164 αὖ
455 1116 692 1181 βαφεῖσα
722 1112 907 1179 αἵματι
928 1115 1119 1179 χρῶμα
1149 1112 1306 1178 ἔσχεν
1333 1105 1743 1176 ἐρυθρότερον,

57 1198 163 1248 τοῦ
181 1190 241 1246 δὲ
258 1193 491 1262 μέλανος
521 1190 700 1262 τούτῳ
733 1190 1252 1260 ξυγκεραννυμένου
1281 1192 1544 1258 χολῶδες·
1580 1191 1660 1243 ἔτι
1686 1185 1747 1243 δὲ

59 1278 425 1343 ξυμμίγνυται
450 1268 665 1337 ξανθὸν
701 1277 892 1341 χρῶμα
927 1268 1060 1340 μετὰ
1090 1276 1187 1339 τῆς
1223 1268 1567 1341 πικρότητος,
1611 1266 1747 1324 ὅταν

62 1358 159 1410 νέα
180 1358 420 1427 ξυντακῇ
438 1351 575 1421 σὰρξ
595 1350 704 1408 ὑπὸ
727 1359 829 1407 τοῦ
858 1353 983 1420 περὶ
1004 1352 1106 1422 τῆν
1127 1353 1310 1421 φλόγα
1329 1349 1522 1417 πυρός.
1562 1350 1655 1404 καὶ
1681 1347 1741 1404 τὸ

60 1437 162 1507 μὲν
181 1433 375 1491 κοινὸν
393 1434 569 1506 ὄνομα
599 1441 732 1489 πᾶσι
749 1434 965 1497 τούτοις
982 1431 1020 1504 ἤ
1037 1453 1181 1497 τινες
1198 1435 1406 1501 ἰατρῶν
1437 1451 1548 1487 που
1576 1427 1749 1501 χολὴν
1780 1449 1810 1491 c

61 1513 491 1589 έπωνόμασαν“
454 1539 489 1587 η
507 1539 599 1572 και
622 1538 701 1581 τις
721 1513 803 1571 ῶν
833 1513 1067 1578 δυνατὸς
1087 1518 1162 1578 εἰς
1181 1515 1357 1570 πολλὰ
1379 1513 1482 1584 μὲν
1500 1511 1642 1569 καὶ’
1609 1512 1748 1569 ανό-

63 1624 191 1675 μοια
215 1603 455 1679 βλέπειν,
483 1595 626 1671 ὁρᾷν
646 1597 703 1653 δὲ
721 1600 780 1652 ἐν
799 1597 984 1661 αὐτοῖς
1005 1599 1067 1651 ἓν
1085 1597 1246 1666 γένος
1268 1593 1398 1651 ε’νὸν
1426 1594 1582 1660 ἄξιον
1602 1596 1747 1649 ἐπω-

64 1690 263 1755 νυμίας
292 1688 452 1737 πᾶσι
491 1677 557 1736 τὰ
596 1677 651 1735 δ’
685 1676 826 1734 αλλα
864 1676 967 1733 ὅσα
1007 1681 1173 1748 χολῆς
1195 1680 1312 1747 εῐδη
1347 1678 1576 1747 λέγεται,
1606 1673 1745 1731 κατὰ

62 1768 167 1838 τῆν
182 1764 358 1837 χρόαν
376 1768 496 1833 ἔσχε
515 1761 683 1830 λόγον
703 1759 890 1815 αυτῶν
909 1761 1141 1814 ἕκαστον
1164 1762 1323 1815 ἴδιον.
1346 1757 1478 1829 ίχῶρ
1500 1756 1622 1827 δέ,’
1594 1779 1623 1813 ο
1644 1755 1746 1829 μὲν

64 1852 291 1918 αἳματος
309 1843 439 1916 όρὸς
457 1849 648 1912 πρᾶος,
670 1839 699 1897 ὁ
721 1842 779 1897 δὲ
807 1846 1067 1912 μελαίνης
1084 1846 1247 1912 χολῆς
1264 1839 1439 1906 ὀξείας
1458 1861 1515 1896 τε
1539 1839 1746 1911 ἄγριος,

64 1950 201 1984 οταν
221 1924 622 1997 ξυμμιγνύηται
640 1922 730 1979 διὰ
751 1923 1066 1993 θερμότητα
1097 1920 1317 1994 ἁλμυρᾷ
1349 1919 1607 1992 δυνάμει·
1646 1943 1750 1976 κα-

63 2017 232 2066 λεῖται
268 2009 329 2064 δὲ
362 2004 460 2072 όξύ
497 2008 714 2075 φλέγμα
742 2002 803 2059 τὸ
837 2005 1215 2060 τοιοῦτον·τὸ
1246 2001 1303 2059 δ’
1334 1996 1410 2058 αὖ
1438 2000 1558 2074 μετ’
1588 1999 1750 2071 ἀέρος

3 2083 14 2092 ⁰
66 2090 374 2163 τηκόμενον
392 2090 451 2143 ἐκ
470 2090 597 2151 νέας
628 2088 719 2141 καὶ
739 2084 951 2156 ἁπαλῆς
970 2084 1191 2155 σαρκός,
1222 2087 1426 2141 τούτου
1448 2082 1565 2140 δὲ’
1533 2106 1752 2155 ανεμω-

64 2174 262 2235 θέντος
293 2170 383 2225 καὶ
414 2170 959 2238 ξυμπεριληφθέντος
991 2165 1099 2223 ὑπὸ
1130 2165 1453 2238 ὑγρότητος,
1484 2168 1576 2222 καὶ
1603 2186 1749 2237 πομ-
1772 2182 1805 2223 D

67 2251 334 2322 φολύγων
353 2255 638 2314 ξυστασῶν
667 2252 726 2304 ἐκ
744 2254 845 2304 τοῦ
865 2248 1089 2313 πάθους
1116 2247 1319 2304 τούτου
1346 2245 1482 2303 καθ’
1513 2247 1750 2317 ἑκάστην

67 2335 168 2403 μὲν
205 2329 460 2398 ἀοράτων
490 2326 579 2384 διὰ
620 2328 970 2399 σμικρότητα,
1001 2334 1338 2395 ξυναπασῶν
1369 2326 1430 2383 δὲ
1452 2327 1551 2382 τὸν
1579 2326 1751 2398 ὄγκον

68 2413 460 2480 παρεχομένων
478 2405 699 2477 ὁρατόν,
720 2416 909 2480 χρῶμα
926 2413 1173 2481 ἐχουσῶν
1193 2408 1282 2465 διὰ
1310 2408 1412 2479 τὴν
1442 2415 1546 2463 τοῦ
1563 2405 1752 2478 άφροῦ

69 2498 288 2563 γένεσιν
325 2494 462 2546 ἰδεῖν
499 2491 720 2559 λευκόν,
759 2491 967 2560 ταύτην
1008 2497 1194 2546 πᾶσαν
1228 2490 1499 2560 τηκεδόνα
1539 2486 1752 2559 ἁπαλῆς

71 2571 277 2643 σαρκὸς
285 2571 419 2644 μετὰ
434 2573 745 2642 πνεύματος
756 2575 1161 2642 ξυμπλακεῖσαν
1172 2569 1374 2626 λευκὸν
1384 2569 1523 2625 εἶναι
1535 2570 1753 2641 φλέγμα

73 2658 270 2726 φαμέν.
307 2657 616 2725 φλέγματος
651 2654 708 2711 δὲ
741 2647 814 2708 αὖ
846 2657 977 2708 νέου
1006 2657 1407 2722 ξυνισταμένου
1435 2648 1565 2721 όρὸς
1588 2648 1754 2720 ἱδρώς

72 2739 163 2793 καὶ
182 2737 446 2805 δάκρυον,
469 2733 571 2790 ὅσα
602 2756 658 2790 τε
691 2734 829 2790 ἅλλα
858 2742 1083 2790 τοιαῦτα
1110 2741 1268 2804 σῶμα
1295 2731 1357 2789 τὰ
1380 2730 1516 2788 καθ’
1541 2729 1754 2803 ἡμέραν
1786 2747 1819 2788 Ε

74 2827 240 2887 χεῖται
256 2817 694 2889 καθαιρόμενον·
725 2818 814 2872 καὶ
834 2821 1007 2871 ταῦτα
1025 2816 1126 2887 μὲν
1145 2813 1212 2886 δὴ
1239 2814 1421 2870 πάντα
1439 2811 1627 2869 νόσων
1654 2811 1755 2883 ὅρ-
