1962 3236
221 151 290 203 68
829 156 1308 204 ΠΛΑΤῼΝΟΣ

223 290 352 342 Ναί.
401 285 520 343 Τὸν
538 291 598 343 δὲ
614 290 867 343 ἐναντίον
886 288 1062 342 τύπον
1081 286 1296 353 τούτοις
1314 292 1535 345 λεκτέον
1553 311 1612 346 τε
1630 289 1722 345 καὶ
1741 308 1901 357 ποιη-

224 368 375 432 τέον;
422 374 582 439 Δῆλα
613 367 695 439 δή.
760 371 871 424 Καὶ
905 365 1036 432 τοὺς
1071 365 1353 439 ὀδυρμους
1391 366 1502 440 α’ρα
1547 369 1901 441 ἐξαιρήσομεν

156 465 191 505 D
222 449 314 503 καὶ
332 445 462 513 τοὺς
491 457 708 513 οἴκτους
734 448 863 512 τοὺς
893 452 1007 502 τῶν
1032 450 1334 519 ἐλλογίμων
1364 448 1617 521 ἀνδρῶν,
1648 447 1905 518 Ἀνάγκη

226 533 359 601 ἔφη,
390 537 542 601 εἴπερ
573 533 664 586 καὶ
693 528 761 585 τοὶ
785 529 1043 628 πρότερα.
1113 529 1327 585 Σκόπει
1356 531 1452 601 δή,
1490 535 1565 602 ῆν
1601 528 1652 586 δ’
1684 529 1820 600 ἐγώ,
1859 534 1907 584 εἰ

227 609 416 683 ὀρθῶς
452 611 807 682 ἐξαιρήσομεν
842 605 878 682 ἦ
906 609 990 666 ού.
1049 610 1230 682 φαμὲν
1259 612 1319 668 δὲ
1353 611 1448 683 δή,
1486 633 1572 668 οτι
1603 610 1631 667 ὁ
1670 608 1906 709 ἐπιεικὴς

227 689 369 761 ἀνὴρ
389 697 468 764 τῷ
486 693 731 763 ἐπιεικεῖ,
753 685 926 764 οὗπερ
947 695 1038 748 καὶ
1057 693 1266 764 ἑταῖρός
1283 696 1423 763 ἐστι,
1453 693 1513 749 τὸ
1535 693 1806 749 τεθνάναι
1834 691 1901 747 οὐ

227 771 414 827 δεινὸν
433 769 708 845 ἡγήσεται.
766 773 958 844 Φαμὲν
987 775 1109 844 γάρ.
1167 773 1290 830 Ούκ
1315 773 1423 847 ἄρα
1452 773 1591 846 ὑπέρ
1613 775 1668 845 γ’
1690 778 1904 830 ἐκείνου

226 854 301 922 ὥς
341 856 529 912 δεινόν
563 879 615 913 τι
647 859 994 922 πεπονθότος
1028 856 1269 926 ὀδύροιτ’
1299 858 1383 913 ἄν.
1439 856 1523 912 Οὐ
1546 862 1695 928 δῆτα.
1745 855 1903 912 Ἀλλὰ

228 935 340 1008 μὴν
359 940 452 993 καὶ
469 938 597 994 τόδε
615 943 877 1009 λε’γομεν,
902 935 974 1002 ῶς
993 935 1021 993 ὁ
1044 945 1292 1002 τοιοῦτος
1310 937 1542 1008 μάλιστα
1561 935 1727 1002 αὐτὸς
1757 936 1908 1011 αὐτῷ

161 1039 195 1079 Ε
227 1017 506 1091 αὐτάρκης
535 1018 677 1091 πρὸς
712 1019 774 1075 τὸ
805 1023 868 1075 εὐ
900 1024 1014 1091 ζῇν,
1053 1021 1145 1074 καὶ
1175 1018 1550 1090 διαφερόντως
1583 1025 1695 1073 τῶν
1723 1017 1909 1073 άλλων

229 1099 423 1171 ήκιστα
466 1100 654 1171 ἑτέρου
696 1105 1027 1173 προσδεῖται
1096 1100 1333 1172 Ἀληθῆ,
1375 1106 1496 1172 ἔφη.
1557 1099 1773 1156 Ἠκιστ’
1814 1098 1904 1170 άρ’

232 1181 385 1236 αὐτῶ
404 1180 589 1236 δεινὸν
609 1188 949 1254 στερηθῆναι
966 1177 1164 1247 υίέος’
1134 1205 1170 1254 η
1201 1179 1451 1252 ἀδελφοῦ
1476 1178 1514 1252 ἦ
1540 1182 1837 1252 χρημάτων
1871 1204 1903 1252 η

231 1262 406 1319 ἄλλου
424 1283 526 1317 του
554 1268 667 1317 τῶν
698 1263 984 1318 τοιούτων.
1043 1263 1275 1319 Ἥκιστα
1303 1265 1504 1334 μέντοι.
1561 1260 1776 1318 ’”Ἠκιστ’
1791 1262 1907 1362 άρα

230 1345 322 1398 καὶ
342 1340 671 1415 ὀδύρεσθαι,
713 1347 904 1416 φέρειν
935 1344 994 1399 δε
1016 1341 1088 1409 ῶς
1117 1344 1421 1415 πραότατα,
1461 1343 1596 1400 ὅταν
1627 1365 1706 1409 τις
1735 1342 1907 1399 αὐτὸν

230 1423 454 1494 τοιαύτη
475 1422 731 1496 ξυμφορὰ
761 1424 1059 1497 καταλάβῃ.
1134 1426 1297 1481 Πολύ
1326 1447 1404 1496 γε.
1474 1423 1685 1494 Ὀρθῶς
1714 1423 1803 1496 ἄρ’
1837 1421 1909 1480 ὅίν

229 1507 534 1576 ἐξαιροῖμεν
552 1505 683 1570 τοὺς
700 1505 950 1577 θρήνους
965 1512 1079 1562 τῶν
1097 1504 1422 1578 ὀνομαστῶν
1433 1504 1674 1578 ἀνδρῶν,
1694 1510 1909 1576 γυναιξὶ

114 1602 201 1647 388
232 1588 289 1644 δὲ
320 1585 702 1658 ἀποδιδοῖμεν,
740 1590 832 1643 καὶ
860 1586 990 1643 οὐδὲ
1018 1588 1239 1654 ταύταις
1273 1593 1622 1659 σπουδαίαις,
1661 1590 1754 1644 καὶ
1789 1587 1910 1643 ὅσοι

231 1671 390 1724 κακοὶ
408 1675 520 1724 τῶν
541 1667 790 1739 ἀνδρῶν,
811 1672 903 1724 ἵνα
921 1667 1051 1740 ἡμῖν
1069 1674 1502 1742 δυσχεραίνωσιν
1513 1668 1678 1741 ὅμοια
1696 1668 1909 1733 τούτοις

231 1762 410 1805 ποιεῖν
455 1747 553 1814 οὓς
592 1750 660 1821 δή
704 1771 889 1821 φαμεν
927 1753 1013 1807 ἐπὶ
1055 1759 1280 1825 φυλακῇ
1315 1759 1412 1824 τῆς
1446 1751 1626 1823 χώρας
1670 1751 1905 1822 τρέφειν.

229 1828 466 1902 Ὀρθῶς,
488 1834 608 1901 ἔφη.
682 1829 862 1886 Πάλιν
894 1830 960 1903 δὴ
986 1830 1229 1905 Ὁμήρου
1257 1855 1315 1888 τε
1344 1832 1657 1903 δεησόμεθα
1684 1833 1777 1887 καὶ
1797 1837 1909 1886 τῶν

234 1910 420 1968 ἄλλων
438 1919 680 1983 ποιητῶν
698 1912 770 1983 μὴ
792 1926 970 1968 ποιεῖν
986 1913 1224 1984 Ἀχιλλέα
1243 1921 1380 1979 θεοῖς
1398 1917 1565 1969 παῖδα

373 2012 559 2071 ἄλλοτ’
582 2017 668 2069 ἐπὶ
686 2021 927 2085 πλευρᾶς
946 2022 1364 2088 κατακείμενον,
1405 2015 1598 2072 ἄλλοτε
1619 2014 1671 2071 δ’
1693 2009 1824 2070 αὖτε

373 2093 574 2149 ὕπτιον
586 2136 600 2162 ,
621 2093 816 2150 ἄλλοτε
837 2098 896 2150 δὲ
915 2103 1100 2167 πρηνῆ
1113 2138 1127 2165 ,

234 2176 353 2231 τοτὲ
375 2172 426 2229 δ’
451 2173 630 2242 ὀρθὸν
654 2173 965 2231 ἀναστάντα

375 2253 663 2321 πλωΐζοντ’
684 2254 906 2312 ἀλύοντ’
930 2260 1017 2312 ἐπὶ
1033 2258 1154 2313 θῖν’
1178 2253 1305 2322 ἁλὸς
1324 2255 1670 2330 ἀτρυγέτοιο,

166 2390 200 2432 Β
236 2374 370 2443 μηδὲ
390 2368 729 2441 ἀμφοτέρῃσι
746 2372 932 2441 χερσὶν
951 2371 1146 2427 ἑλόντα
1174 2371 1337 2428 κόνιν
1357 2371 1730 2428 αἰθαλόεσσαν
1746 2371 1899 2442 χευά-

238 2474 410 2525 μενον
435 2451 543 2507 κάκ
570 2458 837 2524 κεφαλῆς,
873 2456 1010 2524 μηδὲ
1039 2453 1179 2510 ἄλλα
1207 2453 1472 2510 κλαίοντά
1493 2475 1551 2509 τε
1583 2454 1674 2509 καὶ
1702 2451 1891 2525 ὀδυρό-

237 2555 435 2606 μενον,
457 2532 559 2589 ὅσα
582 2535 673 2589 καὶ
693 2529 779 2590 οἷα
798 2538 1004 2600 ἐκεῖνος
1024 2538 1241 2607 ἐποίησε
1259 2557 1269 2567 ·
1299 2538 1435 2607 μηδὲ
1463 2539 1718 2607 Πρίαμον
1749 2534 1911 2605 ἐγγὺς

238 2622 391 2671 θεῶν
418 2613 685 2685 γεγονότα
715 2616 1074 2672 λιτανεύοντά
1101 2638 1158 2672 τε
1186 2618 1276 2673 καὶ
1304 2616 1746 2688 κυλινδούμενον
1773 2613 1908 2670 κατὰ

239 2715 483 2767 κοπρον,

278 2792 339 2850 >⁴³²
360 2799 384 2828 ·’
450 2799 893 2872 ἐξονομακλήδην
912 2799 1233 2873 ὀνομάζοντ’
1254 2800 1431 2871 ἄνδρα
1451 2802 1697 2855 ἕκαστον.
