1962 3236
252 181 357 233 244
863 137 1340 232 ΠΛΑΤΩΝΟΣ

191 337 223 379 c
252 315 473 383 θρόνου
490 320 592 371 τοῦ
613 317 672 369 ἐν
691 321 759 384 τῆ
778 314 976 368 ἑαυτοῦ
996 318 1145 384 ψυχῇ
1176 319 1492 384 φιλοτιμίαν
1519 337 1577 370 τε
1606 319 1713 372 καὶ
1722 317 1784 372 τό
1816 325 1928 374 θυ-

236 395 461 466 ,μοειδες
480 399 672 464 ἐκεῖνο,
694 395 783 449 καὶ
812 395 1171 458 ταπεινωθεὶς
1199 393 1308 449 ὑπὸ
1338 401 1528 459 πενίας
1555 395 1693 466 πρὸς
1718 419 1929 469 χρημαψ

251 475 448 547 τισμὸν
467 483 806 546 τραπόμενος
834 481 1102 545 γλίσχρως
1121 477 1208 530 καὶ
1239 497 1376 530 κατα
1406 477 1643 548 σμικρὸν
1672 479 1928 550 φειδόμε-

252 579 347 622 νος
384 559 474 612 καὶ
509 556 866 626 ἐργαζόμενος
895 557 1144 627 χρήματα
1175 559 1501 626 ξυλλέγεται.
1562 554 1653 629 αρ’
1692 559 1795 616 οὐκ
1828 569 1929 616 οἰει

250 639 351 694 τόν
369 644 624 693 τοιοῦτον
649 638 771 693 τότε
793 643 867 702 εἰς
886 640 987 707 μὲν
1013 637 1112 693 τὸν
1143 640 1361 708 θρόνον
1390 642 1604 695 ἐκεῖνον
1632 640 1693 697 τὸ
1730 645 1929 697 ἐπιθυ-

250 718 481 789 μητικόν
499 741 555 773 τε
576 720 666 774 καὶ
685 719 1095 789 φιλοχρήματον
1115 723 1424 789 ἐγκαθίζειν
1448 724 1537 777 καὶ
1567 727 1739 793 μέγαν
1769 729 1928 795 βασι-

251 803 345 855 λέα
364 812 542 854 ποιεῖν
561 802 622 855 ἐν
648 802 842 872 ἑαυτῷ,
863 801 1132 869 τιάρας-τε
1163 804 1253 856 καὶ
1283 803 1583 870 στρεπτοὺς
1613 807 1704 860 καὶ
1731 803 1929 859 άκινά-
1956 855 1962 875 ³·

250 903 348 945 κας
371 881 832 950 παραζωννύντα;
855 879 1079 951 ’Έγωγ’,
1112 886 1232 952 ἔφη.
1277 883 1352 937 Τὸ
1387 887 1446 938 δέ
1467 907 1546 954 γε,
1580 885 1745 955 οἶμαι,
1777 893 1927 955 λογι-
1957 881 1962 953 ³

181 981 215 1021 D
250 963 439 1017 στικόν
477 984 533 1016 τε
580 964 670 1017 καὶ
703 965 996 1031 θυμοειδὲς
1022 966 1186 1031 χαμαὶ
1230 967 1398 1018 ἔνθεν
1429 966 1519 1018 καὶ
1550 969 1719 1020 ἔνθεν
1749 966 1962 1035 napa—³

250 1050 486 1108 καθίσας
505 1042 601 1098 ὑπ’
624 1046 815 1115 ἐκείνω
834 1045 924 1098 καὶ
947 1045 1527 1116 καταδουλωσάμενος,
1551 1045 1613 1101 τό
1640 1049 1742 1117 μὲν
1765 1046 1929 1102 οὐδὲν

250 1126 383 1181 ἄλλο
410 1128 472 1198 ἐᾷ
493 1131 807 1195 λογίζεσθαι
826 1123 955 1180 οὐδὲ
980 1138 1207 1181 σκοπεῖν
1237 1124 1354 1182 ἀλλ’
1389 1124 1424 1198 ἢ
1455 1125 1668 1184 ὁπόθεν
1696 1132 1749 1195 ἐξ
1774 1133 1929 1185 ἐλατ-
1958 1149 1962 1159 ’-

248 1209 432 1264 τόνων
450 1208 743 1278 χρημάτων
767 1213 935 1263 πλείω
953 1212 1120 1278 ἔσται,
1141 1206 1202 1263 τό
1225 1208 1282 1264 δὲ
1305 1203 1379 1263 αὖ
1396 1211 1700 1280 θαυμάζειν
1730 1214 1819 1266 καὶ
1847 1233 1929 1264 τι-

250 1298 361 1364 μᾷν
382 1289 554 1361 μηδὲν
573 1289 708 1346 ἄλλο
732 1286 769 1360 ἢ
798 1291 1043 1346 πλοῦτόν
1061 1312 1118 1345 τε
1149 1294 1239 1346 καὶ
1268 1297 1584 1362 πλουσίους,
1606 1296 1695 1348 καὶ
1716 1301 1930 1363 φιλοτι-

249 1380 474 1444 μεῖσθαι
492 1369 622 1442 μηδ’
642 1370 727 1440 ἐφ’
753 1373 833 1427 ἑνὶ
862 1368 1055 1444 ἄλλω
1030 1370 1064 1442 η’
1091 1373 1178 1427 ἐπὶ
1199 1373 1493 1442 χρημάτων
1513 1375 1696 1444 κτήσει
1721 1377 1811 1430 καὶ
1832 1375 1930 1430 ε’άν

248 1475 299 1508 τι
332 1452 466 1508 ἄλλο
498 1457 572 1516 εἰς
593 1458 757 1507 τοῦτο
784 1455 940 1524 φέρη.
986 1451 1107 1508 Οὐκ
1150 1452 1262 1508 ἔστ’
1299 1453 1455 1525 ἄλλη,
1495 1460 1618 1525 ἔφη,
1655 1453 1925 1526 μεταβολὴ

249 1533 396 1590 οὕτω
413 1534 597 1603 ταχεῖά
615 1555 672 1588 τε
693 1556 782 1588 και
803 1535 999 1604 ἰσχυρὰ
1019 1537 1077 1589 ἐκ
1098 1541 1391 1605 φιλοτίμου
1416 1539 1548 1590 νέου
1568 1541 1643 1601 εἰς
1666 1535 1931 1606 φιλοχρή-

187 1638 220 1677 Ε
248 1638 437 1687 ματον.
468 1608 584 1684 Ἆρ’
609 1608 716 1669 οὖν
736 1609 914 1685 οὗτος,
946 1621 1017 1686 ην
1040 1614 1091 1671 δ’
1126 1617 1248 1685 ἐγώ,
1281 1615 1627 1691 ὀλιγαρχικός
1657 1621 1833 1684 ἐστιν;
1863 1615 1934 1672 ‘H

250 1704 392 1767 γοῦν
412 1695 685 1767 μεταβολὴ
710 1695 884 1751 αὐτοῦ
911 1695 1006 1762 «ᾆξ’
984 1703 1182 1767 ομοίου
1203 1697 1407 1770 ανὸρός
1427 1701 1539 1755 ἐστι
1569 1707 1636 1772 τῇ
1666 1705 1929 1768 πολιτειᾳ,

250 1771 359 1844 εξ
322 1800 389 1848 ης
407 1775 439 1847 ἡ
463 1776 747 1848 ὀλιγαρχία
767 1779 1008 1849 μετεσ.τη
1044 1786 1356 1850 Σκοπωμεν
1377 1779 1443 1850 δὴ
1466 1778 1560 1835 εἰ’
1528 1801 1713 1850 ομοιος
1738 1802 1809 1834 αν
1829 1788 1924 1850 εἴη.

250 1865 576 1930 Σκοπῶμεν.

390 1945 474 1997 ΙΧ.
518 1939 748 1996 Οὐκοῦν
768 1949 991 2010 πρῶτον
1011 1945 1111 2012 μὲν
1141 1950 1215 2016 τῷ
1244 1945 1489 2014 χρήματα
1519 1946 1642 2011 περὶ
1671 1948 1929 1998 πλείστου

136 2047 223 2092 554
253 2032 532 2079 ποιεῖσθαι
550 2023 739 2094 ὅμοιος
757 2020 829 2079 ἂν
849 2025 970 2095 εἴης
996 2031 1126 2088 Πῶς
1145 2024 1195 2080 δ’
1220 2025 1317 2091 οὕς
1348 2027 1456 2080 Καὶ
1478 2023 1592 2094 ’μὴν
1610 2030 1688 2096 τῷ
1716 2044 1778 2092 γε
1807 2044 1931 2091 φει-

252 2102 425 2168 δωλὸς
447 2103 585 2160 εἶναι
603 2106 696 2160 καὶ
716 2105 962 2175 ἐργάτης,
973 2105 1069 2168 τὰς
1086 2103 1421 2173 ἀναγκαίους
1438 2107 1735 2173 ἐπιθυμίας
1754 2102 1930 2172 μόνον

250 2194 365 2242 τῶν
386 2184 515 2258 παρ’
547 2185 702 2259 αὐτῷ
732 2186 1106 2257 ἀποπιμπλάς,
1139 2187 1204 2241 τὰ
1236 2190 1294 2242 δὲ
1325 2185 1464 2241 ἄλλα
1493 2183 1826 2254 ἀναλώματα
1855 2182 1927 2254 μὴ

252 2266 642 2337 παρεχόμενος,
662 2264 801 2322 ἀλλὰ
823 2267 1197 2337 δουλούμενος
1214 2265 1312 2331 τὰς
1341 2267 1508 2331 ἄλλας
1536 2269 1831 2335 ἐπιθυμίας
1856 2263 1929 2327 ὠς

252 2353 529 2419 ματαίους.
570 2348 736 2403 Πάνυ
772 2350 873 2419 μὲν
909 2341 1026 2403 οὖν.
1078 2347 1378 2418 Αὐχμηρός
1405 2349 1471 2418 γε’
1493 2369 1591 2417 τις,
1620 2341 1693 2419 ἦν
1720 2345 1772 2401 δ’
1804 2346 1927 2415 ἐγώ,

253 2426 334 2486 οόν
350 2431 441 2485 καὶ
460 2426 567 2484 ἀπὸ
589 2428 796 2493 παντὸς
808 2433 1134 2500 περιουσίαν
1152 2430 1501 2500 ποιούμενος,
1514 2426 1931 2500 θησαυροποιὸς

189 2529 222 2570 Β
253 2510 396 2583 ἀνήρ
413 2532 425 2545 ·
464 2508 563 2575 οὓς
584 2511 650 2581 δὴ
671 2512 762 2566 καὶ
781 2513 998 2567 ἐπαινεῖ
1011 2509 1073 2566 τὸ
1096 2517 1335 2581 πλῆθος·
1370 2510 1406 2581 ἢ
1426 2509 1527 2580 οὐχ
1557 2503 1717 2573 οὗτος
1746 2505 1819 2563 σ’ἰν
1847 2515 1930 2576 εἴη

252 2590 281 2648 ὁ
319 2598 388 2664 τῇ
422 2592 649 2664 τοιαύτῃ
686 2597 933 2664 πολιτείᾳ
971 2590 1185 2663 ὅμοιος;
1217 2589 1362 2662 Ἐμοὶ
1398 2596 1557 2660 γοῦν,
1593 2595 1716 2660 ἔφη,
1754 2592 1927 2643 δοκεῖ·

251 2673 499 2744 χρήματα
529 2680 670 2743 γοῦν
699 2675 936 2744 μάλιστα
973 2680 1163 2744 ἔντιμα
1190 2679 1256 2745 τῇ
1284 2693 1344 2728 τε
1368 2672 1524 2727 πόλει
1551 2673 1642 2727 καὶ
1674 2667 1823 2735 παρὰ
1852 2676 1932 2741 τῷ

251 2754 502 2827 τοιούτῳ.
553 2752 640 2810 Οὐ
671 2755 795 2824 γάρ.
828 2754 995 2824 οἶμαι,
1030 2748 1103 2825 ἦν
1132 2752 1185 2809 δ’
1221 2753 1343 2823 ἐγώ,
1376 2757 1595 2822 παιδείᾳ
1623 2749 1652 2804 ὁ
1682 2753 1929 2811 τοιοῦτος

253 2831 640 2905 προσέσχηκεν.
683 2834 770 2892 Οὐ
789 2839 955 2905 δοκῶ,
976 2840 1082 2905 ἔφη
1097 2857 1107 2866 ·
1146 2832 1215 2889 οὐ
1234 2831 1340 2903 γάρ
1361 2829 1432 2886 ἂν
1449 2828 1665 2901 τυφλὸν
1683 2827 1929 2900 ἡγεμόνα
