1962 3236
1800 3 1806 7 ·
1848 62 1850 65 ψ
1891 2 1962 106 >2

191 156 297 208 454
901 159 1206 208 ΜΙΝΩΣ.
1794 120 1911 214 136ἒ

333 286 462 347 XVI.
502 298 617 348 ET.
663 290 772 346 Διά
812 297 868 347 τί
902 286 1008 347 οὖν
1043 295 1192 363 ποτέ,
1229 286 1274 348 ὦ
1310 292 1626 365 Σώκρατες,
1668 293 1808 367 αὕτη
1842 294 1878 366 ἡ
1937 288 1962 369 j

130 396 166 438 Ε
194 375 348 447 φήμη
370 375 796 429 κατεσκέδασται
815 380 916 429 τοῦ
936 380 1105 429 Μίνω
1138 372 1212 438 ὡς
1243 372 1585 430 ἀπαιδεύτου
1611 374 1760 441 τινὸς
1788 378 1879 432 καὶ

191 463 437 529 χαλεποῦ
459 455 650 523 &mom
1956 459 1962 467 ⁵

333 543 458 595 ΣΩ.
497 535 593 593 Δι’
626 535 657 593 ὂ
681 541 772 594 καὶ
796 537 884 608 σύ,
914 532 959 593 ὦ
978 541 1237 609 βέλτιστε,
1259 536 1358 594 ε’ἀν
1379 545 1691 611 σωφρονῇς,
1714 537 1879 595 εὕλα-
1960 606 1962 608 ,

191 621 351 693 βήσει
369 622 461 675 καὶ
476 620 642 685 ἄλλος
657 627 763 685 πᾶς
783 619 944 692 ἀνήρ,
967 619 1075 695 ὅτῳ
1101 624 1249 693 μέλει
1269 627 1368 677 τοῦ
1397 619 1699 692 εὐδόκιμον
1720 622 1876 692 εἶναι,
1956 637 1962 679 ³.

191 706 462 774 μηδέποτε
492 700 914 772 ἀπεχθάνεσθαι
949 701 1111 771 ἀνδρὶ
1140 710 1402 775 ποιητικςό
1433 707 1642 775 μηδενί.
1693 707 1749 760 οἰ
1771 702 1878 774 γὰρ
1944 703 1962 785 Ῑ

190 785 410 855 ποιηταὶ
427 787 564 855 μέγα
585 785 853 840 δυ’νανται
880 790 955 850 εἰς
984 786 1169 855 δόξαν,
1191 784 1282 856 ἐφ’
1307 784 1530 854 ὁπότερ’
1553 782 1624 841 ἂν
1643 790 1879 842 ποιῶσιν

189 872 266 932 εἰς
296 864 428 931 τοὺς
458 865 815 938 ἀνθρώπους,
845 865 880 939 ἢ
904 866 1265 938 εὐλογοῦντες
1293 865 1330 939 ἢ
1359 875 1810 938 κατηγοροῦντες.
1847 865 1880 924 ὃ
1961 879 1962 884 ’

190 947 257 1020 δὴ
278 950 369 1004 καὶ
387 949 686 1021 ἐξήμαρτεν
715 948 744 1004 ὁ
776 955 991 1019 Μίνως,
1015 949 1328 1021 πολεμήσας
1357 953 1487 1022 τῇδε
1516 956 1583 1022 τῇ
1615 950 1788 1019 πόλει,
1819 952 1879 1004 ἐν
1958 974 1962 1043 1

188 1022 384 1103 ᾗᾶλλη
416 1052 473 1085 τε
502 1031 674 1102 πολλὴ
711 1038 880 1102 σοφία
912 1035 1022 1087 ἐστὶ
1050 1033 1141 1088 καὶ
1173 1035 1390 1103 ποιηταὶ
1414 1036 1756 1087 παντοδαποὶ
1783 1037 1880 1102 τῆς
1954 1044 1962 1157 ¹

188 1135 246 1169 τε
272 1112 440 1184 ἄλλης
459 1112 729 1185 ποιήσεως
749 1116 840 1170 καὶ
858 1119 1177 1189 τραγῳδίας.
1207 1113 1241 1187 ἡ
1267 1114 1324 1170 δὲ
1343 1117 1618 1188 τραγῳδία
1638 1115 1752 1170 ἐστὶ
1771 1132 1875 1168 πα-

71 1205 158 1251 321
192 1196 352 1251 λαιὸν
389 1197 613 1265 ἐνθάδε,
653 1194 754 1267 οὐχ
793 1195 867 1262 ὠς
901 1205 1112 1252 οἴονται
1148 1196 1255 1252 ἀπὸ
1293 1200 1562 1261 Θέσπιδος
1603 1195 1876 1267 ἀρξαμένη

191 1275 314 1333 οὐδ’
351 1275 458 1334 ἀπὸ
492 1284 795 1350 Φρυνίχου,
827 1277 951 1335 ἀλλ’
988 1284 1039 1335 εἰ
1065 1283 1246 1343 θέλεις
1273 1282 1552 1350 ἐννοῆσαι,
1588 1279 1742 1334 πάνυ
1771 1300 1879 1334 πα-

189 1360 349 1417 λαιόν
369 1358 505 1415 αὐτὸ
531 1359 782 1432 εὑρήσεις
804 1358 873 1416 ὂν
889 1365 1057 1432 τῆσδε
1076 1367 1172 1432 τῆς
1190 1362 1402 1425 πόλεως
1421 1361 1650 1432 εὕρημα.
1692 1365 1803 1417 ἔστι
1819 1363 1878 1418 δὲ

188 1449 285 1514 τῆς
304 1443 578 1514 ποιήσεως
598 1443 1108 1515 δημοτερπέστατόν
1137 1465 1194 1498 τε
1220 1446 1310 1499 καὶ
1338 1444 1877 1515 ψυχαγωγικώτατον

187 1522 220 1596 ἦ
242 1528 548 1598 τραγῳδία
586 1528 647 1580 ἐν
666 1520 703 1597 ᾗ
727 1525 794 1597 δὴ
814 1527 905 1582 καὶ
925 1523 1310 1591 ἐντείνοντες’
1278 1538 1434 1598 ημεῖς
1454 1524 1553 1581 τὸν
1571 1531 1778 1582 Μίνων
1795 1549 1878 1582 τι·-

187 1607 532 1710 μωρούμεθα
550 1605 687 1663 ἀνθ’
712 1632 792 1664 ων
811 1607 952 1680 ἡμᾶς
970 1607 1250 1679 ἠνάγκασε
1272 1607 1404 1673 τοὺς
1434 1608 1679 1680 δασμους
1702 1616 1878 1666 τελεῖν

188 1691 448 1755 ἐκείνους.
496 1696 660 1745 τοῦτο
699 1685 803 1746 οὖν
841 1691 1141 1762 ἐξήμαρτεν
1176 1688 1204 1747 ὁ
1242 1696 1457 1761 Μίνως,
1496 1689 1878 1796 ἀπεχθόμενος

185 1768 337 1841 ἡμῖν,
360 1769 500 1826 όθεν
520 1769 657 1843 δή,
639 1771 670 1827 ὀ
693 1770 764 1826 συ
787 1775 1009 1846 ἐρωτᾷς,
1030 1772 1461 1843 κακοδοξότερος
1480 1775 1726 1843 γέγονεν.
1763 1776 1877 1829 ἐπεὶ

126 1870 162 1912 B
190 1850 274 1907 ὅτι
293 1874 355 1922 γε
379 1851 595 1924 ἀγαθὸς
618 1849 691 1926 ἧν
724 1858 816 1910 καὶ
847 1856 1093 1927 νόμιμος,
1125 1854 1261 1926 ὅπερ
1291 1857 1381 1911 καὶ
1402 1858 1461 1910 ἐν
1488 1867 1603 1921 τοῖς
1623 1854 1877 1924 πρόσθεν

184 1936 460 2007 ἐλέγομεν,
501 1936 725 2008 νομεὺς
718 1935 973 2008 ἀγαθός,
1011 1945 1176 1994 τοῦτο
1211 1941 1470 2010 μέγιστον
1506 1950 1751 2009 σημεῖον,
1791 1936 1876 1992 ὅτι

185 2014 434 2088 ἀκίνητοι
453 2018 630 2074 αὐτοῦ
650 2023 708 2074 οὗ
722 2020 887 2091 νόμοι
909 2025 1066 2089 εἰσίν,
1087 2020 1183 2076 ἅτε
1202 2027 1306 2076 τοῦ
1323 2019 1484 2086 ὄντος
1512 2023 1636 2090 περὶ
1663 2021 1876 2084 πόλεως

185 2099 450 2171 οἰκήσεως
468 2102 791 2172 ἐξευρόντος
810 2096 875 2158 εὖ
889 2102 993 2172 τὴν
1012 2100 1300 2172 ἀλήθειαν.

326 2189 439 2237 ΕΤ.
478 2190 680 2248 Δοκεῖς
694 2206 805 2254 μοι,
837 2176 881 2239 ὦ
912 2184 1224 2254 Σώκρατες,
1256 2183 1440 2239 εἰκότα
1468 2181 1568 2238 τὸν
1594 2183 1765 2253 λόγον
1795 2187 1874 2238 εί-
1959 2178 1962 2195 ³

187 2264 430 2333 ρηκέναι.

327 2350 452 2399 ΣΩ.
498 2343 728 2401 Οὐκοῦν
748 2350 798 2401 εἰ
814 2346 920 2416 ἐγώ
942 2346 1129 2418 ἀληθῆ
1149 2348 1308 2417 λέγω,
1330 2350 1566 2402 δοκοῦσί
1582 2364 1669 2402 σοι
1687 2355 1870 2403 παλαι-

185 2427 397 2492 οτάτοις
415 2434 629 2499 Κρῆτες
649 2432 707 2484 οἱ
718 2435 888 2486 Μίνω
908 2431 1000 2485 καὶ
1012 2427 1428 2500 Ῥαδαμάνθυος
1447 2435 1660 2484 πολῖται
1679 2429 1872 2500 νόμοις

183 2514 454 2580 χρῆσθαι;

322 2597 435 2645 ΕΤ.
478 2598 797 2648 Φαίνονται.

322 2678 449 2727 ΣΩ.
493 2667 664 2728 Οὗτοι
683 2674 793 2744 ἄρα
811 2680 925 2729 τῶν
944 2680 1196 2730 παλαιῶν
1217 2673 1430 2745 ἄριστοι
1447 2678 1748 2745 νομοθέται
1773 2693 1868 2742 γε-

115 2763 150 2808 c
181 2751 395 2822 γόνασι,
415 2767 600 2825 νομεῖς
617 2777 677 2811 τε
695 2758 785 2812 καὶ
805 2759 1061 2827 ποιμένες
1091 2755 1332 2827 ἀνδρῶν,
1368 2756 1551 2825 ὥσπερ
1582 2759 1672 2811 καὶ
1694 2753 1868 2825 Ὅμη-

183 2854 278 2901 ρος
297 2838 402 2906 ἔφη
423 2840 656 2907 ποιμένα
673 2844 826 2893 λαῶν
847 2837 986 2894 εἶναι
1005 2837 1106 2894 τὸν
1124 2837 1344 2908 ἀγαθὸν
1365 2837 1687 2909 στρατηγόν.
