1962 3236
220 182 322 234 178
836 187 1315 235 ΠΛΑΤΩΝΟΣ

358 320 438 375 vl.
481 316 694 387 Ταύτης
714 315 800 386 δή,
814 310 885 386 ἦν
906 314 958 369 δ’
981 316 1104 386 ἐγώ,
1125 323 1220 388 τῆς
1238 317 1458 387 φύσεως
1478 324 1560 374 δεῖ
1577 320 1895 379 θεάσασθαι

218 396 314 462 τὰς
336 398 576 468 φθοράς,
600 419 672 461 ως
703 396 984 451 διόλλυται
1012 399 1074 452 ἐν
1106 405 1343 467 πολλοῖς,
1374 398 1610 472 σμικρὸν
1641 404 1702 457 δέ
1726 425 1778 458 τι
1803 406 1880 459 ε’κ-
1863 437 1896 446 -·

218 478 429 548 φεύγει,
451 475 549 542 οὓς
572 475 637 547 δὴ
667 479 758 532 καὶ
785 475 854 532 οὐ
882 480 1181 548 πονηρούς,
1211 476 1516 578 ἀχρήστους
1546 482 1604 537 δὲ
1631 490 1892 538 καλοῦσι·

104 569 188 613 491
218 559 307 614 καὶ
325 581 459 630 μετα
479 565 643 613 τοῦτο
665 551 740 611 αὐ
758 556 855 622 τὰς
872 560 1212 629 μιμουμένας
1238 560 1447 631 ταύτην
1475 563 1566 616 καὶ
1597 567 1672 628 εἰς
1693 562 1752 618 τὸ
1777 566 1895 619 ἐπι-

217 641 462 712 τήδευμα
498 643 906 709 καθισταμένας
934 639 1145 738 αύτῆς,’
1151 637 1260 696 οἷαι
1289 645 1452 698 οὐσαι
1481 644 1676 713 φύσεις
1700 652 1895 716 ψυχῶν

218 726 294 786 εἰς
313 719 541 786 ανάξιον
559 723 651 776 καὶ
670 722 902 791 μείζον’
874 727 1087 776 εαυτοδν
1114 719 1517 794 ἀφικνούμεναι
1546 724 1894 796 ἐπιτήδευμα,

216 808 462 876 πολλαχῇ
493 808 925 873 πλημμελοῦσαι,
956 808 1202 874 πανταχῇ
1233 805 1324 859 καὶ
1362 806 1447 860 ἐπὶ
1484 805 1693 870 πάντας
1728 806 1896 872 δόξαν

218 888 342 940 οιάν
363 887 534 954 λέγεις
554 889 857 955 φιλοσοφία
873 890 1183 954 προσῆψαν.
1226 891 1389 949 Τίνας
1416 889 1535 956 δέ,’
1515 891 1639 956 ἐφη,
1660 885 1755 951 τὰς
1773 890 1894 940 δια-

218 965 442 1037 φθορὰς
462 969 660 1036 λέγεις;
695 962 829 1035 Ἐγώ
851 982 955 1035 σοι,
978 963 1151 1033 εἷπον,
1173 961 1244 1019 ἄν
1265 962 1379 1030 οἷός
1406 988 1462 1021 τε
1492 968 1751 1038 γένωμαι,
1774 987 1896 1022 πει-

220 1047 456 1118 ράσομαι
475 1049 735 1101 διελθεῖν.
773 1045 901 1100 τόδε
931 1067 1032 1115 μεν
1053 1049 1176 1116 οὐν,
1203 1044 1369 1117 οἶμαι,
1399 1053 1504 1112 πᾶς
1531 1045 1661 1119 ἡμιν
1691 1046 1894 1119 ὁμολο-

216 1127 393 1199 γήσει,
410 1127 674 1197 τοιαύτην
693 1127 866 1197 φύσιν
888 1130 980 1182 καὶ
1011 1127 1190 1182 πάντα
1211 1132 1464 1198 ἔχουσαν,
1484 1127 1588 1184 ὅσα
1621 1129 1896 1200 προσετά-
1946 1140 1956 1150 “

159 1217 191 1257 Β
218 1211 385 1279 ξαμεν
406 1214 516 1263 νῦν
533 1207 620 1279 δή,
641 1212 692 1263 εἰ
707 1210 901 1272 τελέως
928 1211 1114 1278 μέλλοι
1143 1208 1449 1279 φιλόσοφος
1475 1214 1755 1280 γενέσθαι,
1777 1207 1894 1265 ὀλι-

219 1290 376 1358 γάκις
415 1292 475 1344 ἐν
512 1286 837 1357 ἀνθρώποις
882 1288 1128 1359 φύεσθαι
1166 1292 1257 1345 καὶ
1293 1287 1504 1389 ὀλίγας
1550 1287 1586 1362 ἦ
1624 1290 1727 1347 οὐκ
1764 1300 1894 1356 οἰἐι;

216 1369 458 1440 Σφόδρα
494 1390 572 1439 γε.
615 1369 843 1424 Τούτων
880 1369 946 1440 δὴ
982 1392 1095 1424 των
1123 1368 1326 1441 ὀλίγων
1357 1372 1551 1428 σκόπει
1591 1371 1664 1437 ὥς
1700 1374 1892 1428 πολλοὶ

216 1449 446 1521 ὄλεθροι
476 1452 567 1506 καὶ
595 1450 837 1522 μεγάλοι.
882 1457 1039 1516 Τίνες
1070 1452 1165 1522 δή·
1153 1493 1167 1518 ,
1191 1451 1254 1507 Ο
1284 1453 1385 1523 μὲν
1415 1452 1640 1508 πάντων
1669 1461 1894 1524 θαυμα-

217 1532 482 1587 στότατον
503 1530 755 1602 ἀκοῦσαι,
780 1531 864 1587 ὅτι
882 1536 944 1587 ἓν
963 1525 1264 1588 ἕκαστον
1217 1555 1298 1588 ων
1317 1534 1662 1605 ἐπῃνέσαμεν
1676 1542 1771 1606 τῆς
1790 1534 1892 1605 φύ-

215 1629 355 1678 σεως
384 1610 658 1668 ἀπόλλυσι
686 1612 788 1684 τὴν
817 1617 1053 1683 ἔχουσαν
1074 1612 1258 1684 ψυχὴν
1288 1616 1379 1670 καὶ
1409 1612 1633 1689 ἀποσπᾷ
1663 1621 1894 1686 φιλοσο-

214 1699 371 1764 φίας·
409 1697 548 1764 λέγω
571 1694 629 1750 δὲ
650 1692 932 1765 ἀνδρείαν,
953 1695 1344 1766 σωφροσύνην,
1365 1698 1456 1752 καὶ
1476 1697 1655 1752 πάντα
1676 1695 1712 1752 ὁὶ
1738 1698 1893 1768 διήλ-

156 1788 186 1829 C
215 1783 410 1847 θομεν.
434 1775 694 1847 ’Ἀτοπον,
734 1779 858 1847 ἔφη,
897 1775 1145 1832 ἀκοῦσαι.
1171 1776 1288 1833 'En
1319 1784 1528 1849 τοίνυν,
1566 1772 1639 1850 ἦν
1675 1778 1727 1834 δ’
1767 1779 1891 1849 ἐγώ,

215 1854 355 1927 πρὸς
373 1857 588 1923 τούτοις
606 1857 672 1913 τὰ
691 1858 963 1927 λεγόμενα
988 1856 1174 1929 ἀγαθὰ
1200 1860 1378 1914 πάντα
1399 1866 1621 1931 φθείρει
1645 1862 1735 1916 καὶ
1754 1861 1895 1916 ἄπο-

216 1944 345 2012 σπᾷ,
366 1938 566 2004 κάλλος
584 1941 675 1994 καὶ
694 1945 932 2004 πλοῦτος
951 1942 1042 1995 καὶ
1062 1939 1214 2011 ἰσχὺς
1234 1940 1484 2012 σώματος
1507 1944 1596 1998 καὶ
1608 1945 1893 2013 ξυγγένεια

218 2023 500 2092 ἐρρωμένη
521 2024 581 2076 ἐν
599 2020 755 2076 πόλει
772 2021 864 2076 καὶ
883 2021 1063 2075 πάντα
1083 2021 1148 2075 τα
1165 2021 1380 2076 τούτων
1400 2026 1571 2077 οἰκεῖα
1589 2043 1599 2053 ·
1631 2027 1766 2092 ἔχεις
1780 2021 1890 2094 ’γὰρ

213 2099 315 2156 τὸν
332 2101 512 2155 τύπον
533 2095 612 2156 c5v
628 2105 783 2170 λέγω.
823 2101 975 2170 Ἔχω,
999 2105 1130 2171 ἔφη·
1168 2103 1259 2156 καὶ
1285 2099 1458 2172 ἡδέως
1478 2101 1534 2171 γ’
1563 2098 1636 2158 ἂν
1665 2101 1889 2174 ἀκριβέ-

218 2198 416 2249 στερον
457 2177 493 2235 62
528 2184 700 2251 λέγεις
737 2186 1034 2252 πυθοίμην.
1094 2187 1288 2252 Λαβοῦ
1325 2187 1535 2254 τοίνυν,
1565 2178 1637 2254 ἦν
1676 2183 1726 2238 δ’
1767 2185 1892 2254 ἐγώ,

217 2258 354 2317 ὅλου
373 2259 549 2316 αὐτοῦ
577 2260 781 2332 ὀρθῶς,
803 2268 901 2317 καί
923 2279 1010 2317 σοι
1038 2262 1276 2333 εὔδηλόν
1304 2285 1361 2318 τε
1391 2275 1644 2334 φανεῖται
1668 2267 1758 2321 καὶ
1788 2264 1892 2321 οὐκ

216 2342 392 2400 ἄτοπα
413 2342 558 2409 δόξει
576 2342 643 2398 τὰ
662 2346 1031 2415 προειρημένα
1056 2346 1179 2414 περὶ
1210 2343 1411 2400 αὐτῶν.
1462 2351 1592 2410 Πῶς
1621 2340 1744 2415 οὖν,
1767 2350 1891 2417 ἔφη,

158 2441 193 2481 D
218 2424 488 2491 κελεύεις;
520 2422 754 2496 Παντός,
787 2418 861 2494 ἦν
892 2422 944 2479 δ’
977 2426 1101 2495 ἐγώ,
1132 2427 1441 2497 σπέρματος
1468 2429 1592 2494 πέρι
1618 2423 1656 2496 ἠ
1690 2435 1892 2497 φυτοῦ,

215 2514 322 2563 εἴτε
341 2508 568 2577 ἐγγείων
588 2514 695 2563 εἴτε
721 2511 835 2561 τῶν
866 2506 1037 2576 ζώων,
1065 2515 1240 2578 ἴσμεν,
1271 2505 1355 2563 ὅτι
1383 2506 1444 2563 τὸ
1473 2528 1548 2578 μη
1578 2506 1747 2577 τυχὸν
1764 2530 1894 2578 τρο-

166 2594 331 2659 φῆς
347 2610 413 2658 ης
432 2587 698 2689 προσήκει
725 2588 934 2662 ἑκαστῳ
965 2587 1096 2659 μηδ’
1124 2587 1270 2658 ω’ρας
1297 2589 1433 2660 μηδὲ
1461 2588 1651 2657 τόπου,
1679 2588 1790 2660 ὅσῳ
1820 2609 1893 2641 αν

217 2670 692 2739 ἐρρωμενέστερον
725 2663 792 2742 ᾗ,
830 2668 1074 2725 τοσούτω
1112 2670 1386 2726 πλειόνων
1420 2673 1568 2726 ἐνδεῖ
1605 2690 1720 2724 των
1755 2688 1892 2737 πρε-

215 2750 464 2805 πόντων·
501 2750 701 2824 ἀγαθῷ
726 2752 835 2822 γάρ
866 2773 976 2806 που
1006 2749 1181 2808 κακὸν
1209 2750 1603 2821 ἐναντιώτερον
1640 2745 1677 2820 ἦ
1703 2755 1780 2822 τῷ
1813 2747 1887 2819 μὴ

215 2828 428 2905 ἀγαθῷ.
463 2838 592 2898 Πῶς
611 2831 666 2887 δ’
693 2832 788 2898 οὔ;
820 2831 963 2902 Ἔχει
995 2833 1081 2903 δή,
1117 2831 1281 2903 οἶμαι,
1313 2831 1500 2900 λόγον,
1530 2827 1633 2900 τὴν
1661 2827 1890 2901 ἀρίστην
