1962 3236
78 45 115 69 τ.
191 32 258 46 ⁹
395 34 403 39 ⁴
489 32 521 68 “’,
570 38 576 42 “
671 33 678 38 ”
790 29 795 38 ’
931 30 940 35 '

61 75 68 82 ι
412 82 428 91 ae
487 87 489 89 .

0 190 124 262 ,εὔιε
720 183 935 231 TIMA
947 182 1098 231 102.
1637 180 1738 233 351

19 294 42 303 v

0 320 4 384 ζ
70 322 311 388 ναντιόν,
331 315 467 372 ὅταν
482 319 757 389 μεταπέσῃ
785 313 1255 387 συμπηγνύμευον
1282 305 1330 388 ᾧ
1350 312 1740 385 συμπήγνυται

68 402 212 468 φώς·
250 403 414 453 τοῦτο
434 398 512 468 δέ,
532 395 668 452 ὅταν
685 395 720 468 ἡ
738 402 851 452 ταῖν
877 394 1199 466 κατόπτρων
1217 394 1444 466 λειότης,
1465 398 1633 451 ἔνθεν
1652 396 1742 451 καὶ
1774 402 1805 445 C

68 485 237 536 ἔνθεν
269 478 385 550 ὕψη
423 483 690 550 λαβοῦσα,
726 475 789 547 τὸ
825 475 1008 543 δεξιὸν
1043 481 1118 543 εἰς
1152 474 1214 532 τό
1260 476 1551 546 ἀριστερὸν
1578 477 1742 548 μέρος

67 558 265 631 ἀπώσῃ
280 565 376 630 τῆς
403 557 583 626 ὅψεως
612 559 703 613 καὶ
731 556 977 627 θάτερον
1010 559 1096 613 ἐπὶ
1125 556 1384 626 θάτερον.
1423 557 1561 613 κατὰ
1591 556 1651 614 δὲ
1677 555 1739 613 τὰ

0 630 12 694 Ξ
67 645 239 711 μῆκος
258 641 503 709 στραφὲν
518 644 622 694 τοῦ
638 636 943 706 προσώπου
970 636 1174 693 ταύτὸν
1191 646 1355 694 τοῦτο
1374 636 1574 694 ὕπτιον
1591 641 1743 694 ἐποί-

72 738 166 790 ησε
185 726 299 775 πᾶν
316 724 633 790 φαίνεσθαι,
652 718 713 773 τὸ
735 718 882 773 κάτω
902 716 1041 788 πρὸς
1057 717 1118 773 τὸ
1142 718 1261 774 ἅνω
1282 725 1376 789 τῆς
1394 717 1569 790 αὐγῆς
1597 719 1660 775 τό
1687 717 1740 775 τ’

67 800 186 856 ἅνω
213 797 351 869 πρὸς
379 798 439 854 τὸ
473 798 621 854 κάτω
650 798 819 854 πάλιν
845 796 1092 854 ἀπῶσαν.
1115 797 1272 854 ταῦτ’
1295 794 1399 855 οὖν
1420 800 1600 856 πάντα
1629 804 1743 855 ἔστι

66 886 179 936 τῶν
196 883 504 949 ξυναιτίων,
529 875 609 944 οἷς
634 878 771 945 θεὸς
793 877 1130 950 ὑπηρετοῦσι
1147 887 1338 951 χρῆται
1363 879 1464 952 τὴν
1491 886 1592 936 τοῦ
1619 878 1743 950 ἀρί-

69 978 205 1017 στου
223 958 359 1017 κατὰ
379 962 439 1016 τὸ
461 958 702 1016 δυνατὸν
722 961 875 1016 ἰδέαν
893 959 1177 1017 ἀποτελῶν
1190 985 1201 996 ·
1242 961 1518 1029 δοξάζεται
1537 962 1596 1018 δὲ
1627 960 1736 1018 ὑπὸ
1771 973 1806 1014 D

69 1047 183 1097 τῶν
201 1048 472 1098 πλείστων
492 1040 561 1098 οὐ
581 1046 828 1108 ξυναίτια
859 1039 982 1097 ἀλλ’
1003 1049 1150 1097 αἴτια
1176 1042 1316 1098 εἶναι
1346 1048 1460 1098 τών
1495 1042 1739 1109 πάντων,

71 1123 316 1192 ψύχοντα
335 1124 428 1179 καὶ
450 1129 827 1193 θερμαίνοντα
845 1122 1131 1194 πηγνύντα
1149 1145 1206 1179 τε
1232 1124 1323 1179 καὶ
1348 1127 1632 1195 διαχέοντα
1650 1125 1743 1180 καὶ

70 1202 175 1258 ὅσα
198 1210 425 1259 τοιαῦτα
454 1202 887 1274 ἀπεργαζόμενα,
912 1205 1083 1274 λόγον
1113 1205 1173 1261 δὲ
1203 1203 1407 1260 οὐδένα
1435 1203 1566 1261 οὐδὲ
1600 1213 1742 1261 νοῦν

69 1287 146 1349 εἰς
163 1281 330 1341 οὐδὲν
349 1282 558 1340 δυνατά
578 1288 721 1355 ἔχειν
737 1286 863 1341 ἐστί.
901 1292 1011 1340 τῶν
1028 1284 1133 1355 γὰρ
1155 1284 1335 1340 ὄντων
1354 1278 1400 1358 ᾦ
1426 1293 1568 1341 νοῦν
1586 1286 1740 1360 μόνῳ

70 1369 309 1419 κτᾶσθαι
344 1365 624 1435 προσήκει,
663 1367 885 1421 λεκτέον
921 1366 1129 1437 ψυχήν·
1178 1372 1342 1422 τοῦτο
1378 1367 1437 1423 δὲ
1479 1365 1740 1438 ἀόρατον,

69 1451 180 1514 πῦρ
201 1445 367 1501 δὲκαὶ
388 1444 540 1515 ὕδωρ
561 1448 651 1502 καὶ
668 1452 738 1517 γῆ
759 1450 848 1503 καὶ
876 1444 983 1518 ἀὴρ
1006 1448 1232 1518 σώματα
1261 1447 1439 1503 πάντα
1459 1446 1629 1517 ὁρατὰ
1648 1451 1743 1518 γέ-

69 1548 224 1597 γονε·
262 1526 360 1583 τὸν
381 1526 439 1583 δὲ
460 1534 567 1583 νοῦ
593 1529 682 1583 καὶ
702 1527 995 1599 ἐπιστήμης
1022 1529 1255 1599 ἐραστὴν
1279 1527 1493 1600 ἀνάγκη
1522 1530 1620 1594 τὰς
1647 1537 1742 1601 τῆς

69 1612 346 1678 ἔμφρονος
365 1608 587 1678 φύσεως
606 1614 778 1674 αἰτίας
794 1610 1012 1679 πρώτας
1031 1610 1403 1682 μεταδιώκειν,
1425 1609 1551 1667 ὅσαι
1570 1611 1628 1667 δὲ
1649 1607 1740 1666 ὑπ’
1771 1622 1802 1662 E

70 1687 255 1743 ἄλλων
282 1691 383 1759 μὲν
413 1693 776 1760 κινουμένων,
804 1693 963 1760 ἕτερα
995 1691 1053 1747 δὲ
1078 1693 1131 1756 ἐξ
1159 1688 1403 1761 ἀνάγκης
1435 1691 1744 1747 κινούντων

70 1775 368 1840 γίγνονται,
391 1773 661 1842 δευτέρας.
710 1772 964 1841 ποιητέον
995 1770 1062 1842 δὴ
1092 1770 1228 1826 κατὰ
1260 1776 1433 1827 ταῦτα
1469 1773 1559 1827 καὶ
1586 1769 1741 1842 ἡμῖν·

69 1854 258 1906 λεκτέα
278 1852 380 1921 μὲν
408 1851 693 1923 ἀμφότερα
723 1850 787 1908 τὰ
824 1858 936 1908 τῶν
963 1857 1151 1908 αἰτιῶν
1179 1854 1330 1924 γένη,
1353 1857 1516 1925 χωρὶς
1540 1853 1598 1909 δὲ
1620 1850 1746 1908 ὅσαι

68 1931 203 2004 μετὰ
226 1941 329 1988 νοῦ
349 1940 535 1989 καλῶν
564 1937 652 1990 καὶ
673 1933 908 2004 ἀγαθῶν
939 1936 1260 2005 δημιουργοὶ
1291 1935 1380 1990 καὶ
1406 1933 1531 1990 ὅσαι
1560 1956 1746 2006 μονω-

70 2021 254 2070 θεῖσαι
274 2016 597 2085 φρονήσεως
614 2016 675 2071 τὸ
709 2016 877 2086 τυχὸν
896 2016 1134 2071 ἄτακτον
1154 2015 1408 2072 ἑκάστοτε
1428 2015 1745 2086 ἐξεργάζον-

71 2117 175 2151 ται.
213 2094 278 2150 τὰ
299 2098 401 2167 μὲν
419 2090 526 2152 οὖν
543 2102 657 2152 τῶν
686 2097 949 2169 ὀμμάτων
968 2102 1318 2168 ξυμμεταίτια
1348 2097 1485 2168 πρὸς
1513 2096 1573 2153 τὸ
1604 2102 1746 2168 ἔχειν

70 2175 170 2246 τὴν
193 2177 430 2248 δύναμιν
450 2175 520 2248 ἣν
538 2185 645 2234 νῦν
668 2185 880 2249 εἴληχεν
905 2179 1145 2250 εἰρήσθω
1161 2201 1171 2211 ·
1208 2177 1269 2234 τὸ
1293 2179 1351 2235 δὲ
1374 2182 1631 2249 μέγιστον
1652 2177 1744 2234 αὐ-

69 2263 183 2312 τῶν
203 2262 278 2320 εἰς
299 2255 564 2326 ὠφέλειαν
583 2263 765 2329 ἔργον,
793 2258 869 2315 δι’
891 2258 923 2316 ὂ
943 2260 1074 2325 θεὸς
1101 2258 1238 2316 αὔθ’
1269 2261 1401 2331 ἡμῖν
1422 2260 1743 2331 δεδώρηται,
1773 2270 1829 2316 47

70 2338 204 2409 μετὰ
240 2345 402 2394 τοῦτο
431 2342 640 2409 ῥητέον.
678 2340 802 2406 ὄψις
831 2340 897 2411 δὴ
937 2341 1072 2397 κατὰ
1107 2341 1207 2397 τόν
1237 2340 1372 2412 ἐμὸν
1407 2342 1576 2412 λόγον
1603 2346 1746 2398 αἰτία

71 2427 164 2489 τῆς
183 2424 436 2490 μεγίστης
456 2420 720 2490 ὠφελείας
749 2425 979 2491 γέγονεν
998 2419 1144 2493 ἡμῖν,
1175 2421 1258 2478 ὅτι
1285 2430 1397 2479 τῶν
1427 2428 1537 2478 νῦν
1564 2423 1747 2494 λόγων

72 2502 193 2568 περὶ
222 2508 323 2556 τοῦ
350 2500 551 2566 παντὸς
571 2506 883 2573 λεγομένων
903 2502 1082 2568 οὐδεὶς
1112 2502 1183 2558 ἅν
1214 2523 1343 2558 ποτε
1372 2504 1581 2575 ἐρρήθη
1612 2504 1746 2574 μήτε

73 2579 247 2649 ἄστρα
266 2583 395 2653 μήτε
419 2581 574 2654 ἥλιον
593 2585 723 2654 μήτε
747 2582 992 2653 οὐρανὸν
1012 2584 1269 2639 ἰδόντων
1292 2591 1399 2639 νῦν
1420 2583 1469 2639 δ’
1492 2582 1668 2655 ἡμέρα
1686 2606 1744 2640 τε

71 2666 159 2717 καὶ
181 2665 279 2728 νύξ
298 2662 442 2733 ὀφθε
452 2677 558 2719 ἴσαι
581 2669 748 2736 μῆνές
766 2686 820 2720 τε
843 2667 931 2721 καὶ
953 2668 1220 2722 ἐνιαυτῶν
1238 2669 1483 2733 περιόδοι
1503 2665 1747 2737 μεμηχά-

75 2766 264 2814 νηνται
289 2744 389 2815 μὲν
408 2745 669 2816 ἀριθμόν,
700 2747 906 2816 χρόνου
926 2749 983 2801 δὲ
1013 2750 1234 2802 ἔννοιαν
1268 2751 1395 2816 περί
1429 2767 1484 2802 τε
1512 2751 1612 2817 τῆς
1645 2750 1748 2802 τοῦ

72 2824 276 2891 παντὸς
306 2826 526 2896 φύσεως
546 2828 765 2899 ζήτησιν
794 2831 1016 2884 ἔδοσαν·
1055 2830 1108 2894 ἐξ
1140 2822 1221 2884 ών
1251 2828 1625 2900 ἐπορισάμεθα
1654 2849 1749 2899 φι-
