1962 3236
290 171 359 222 46
883 175 1359 225 ΠΛΑΤΩΝΟΣ

290 326 403 361 των
432 304 598 363 οὐδὲν
625 305 757 363 ἀλλο
787 314 966 362 αἴτιον
994 305 1032 377 ἦ
1061 309 1263 375 ἐκεῖνο,
1301 305 1548 378 ὅθενπερ
1576 308 1719 375 ἅπας
1745 309 1774 367 ὁ
1796 310 1958 380 λόγος

291 382 455 451 οὗτος
486 386 706 458 ὥρμησε
734 389 825 443 καὶ
851 390 991 460 τῷδε
1018 389 1109 442 καὶ
1138 389 1255 457 ἐμοὶ
1283 387 1421 458 πρὸς
1448 390 1513 445 σέ
1520 431 1535 461 ,
1576 383 1621 445 αἶ
1646 390 1956 460 Σώκρατες,

289 474 488 539 εἰπεῖν,
528 469 614 526 ὅτι
651 464 696 526 ὦ
719 468 999 540 θαυμάσιε
1033 469 1260 525 πάντων
1294 468 1483 542 ὑμῶν,
1521 469 1644 528 ὅσοι
1685 474 1959 528 ἐπαινέται

222 556 257 599 Ε
289 552 426 620 φατὲ
449 551 802 621 δικαιοσύνης
822 549 990 620 εἶναι,
1030 547 1136 606 ἀπὸ
1156 557 1268 606 τῶν
1294 553 1349 617 ἐξ
1379 549 1550 623 ἀρχῆς
1567 550 1768 623 ἥρω’ων
1787 549 1958 624 ἀρξά-

288 652 444 702 μενοι
456 674 470 700 ,
492 630 643 687 ὅσων
661 631 814 700 λόγοι
831 632 1171 702 λελειμμένοι
1184 672 1199 702 ,
1218 633 1372 703 μέχρι
1385 637 1498 686 τῶν
1513 638 1623 687 νῦν
1639 630 1960 703 ἀνθρώπων

291 709 473 776 οὐδεὶς
490 710 712 766 πώποτε
728 714 919 778 ἔψεξεν
938 709 1158 767 ἀδικίαν
1188 710 1314 767 οὐδ’
1343 712 1575 785 ἐπῄνεσε
1600 712 1959 784 δικαιοσύνην

290 791 472 857 ἄλλως
507 787 545 863 ἢ
574 792 735 858 δόξας
769 813 827 847 τε
857 793 946 848 καὶ
973 792 1131 862 τιμάς
1159 794 1250 848 καὶ
1279 791 1490 863 δωρεὰς
1516 792 1614 858 τάς
1642 792 1737 850 ἀπ’
1772 792 1959 850 αὐτῶν

289 875 644 946 γιγνομένας·
685 870 819 927 αὐτὸ
850 871 906 927 δ’
936 872 1196 942 ἑκάτερον
1226 880 1295 944 τῇ
1324 871 1498 928 αὑτοῦ
1527 873 1760 944 δυνάμει
1795 875 1855 928 ἐν
1891 878 1958 943 τῇ

288 960 393 1010 τοῦ
429 957 647 1024 ἔχοντος
675 961 823 1025 ψυχῇ
851 952 982 1009 ἐνὸν
1013 955 1104 1008 καὶ
1132 953 1422 1008 λανθάνον
1451 953 1624 1017 θεούς
1651 975 1708 1008 τε
1737 955 1827 1009 καὶ
1858 952 1958 1008 ἀν-

287 1035 557 1104 θρώπους
588 1033 769 1098 οὐδεὶς
794 1034 1015 1089 πιόποτε
1044 1031 1167 1089 οὔτ’
1203 1036 1266 1089 ἐν
1298 1033 1513 1104 ποιήσει
1549 1029 1666 1089 οὔτ’
1706 1035 1767 1090 έν
1804 1037 1957 1098 ἰδίοις

288 1118 473 1188 λόγοις
500 1120 801 1188 ἐπεξῆλθεν
829 1119 1033 1181 ἱκανῶς
1059 1121 1138 1189 τῷ
1166 1114 1340 1189 λόγῳ,
1381 1112 1454 1181 ὥς
1479 1115 1541 1171 τὸ
1572 1118 1675 1187 μὲν
1701 1117 1957 1188 μέγιστον

288 1204 478 1254 κακῶν
509 1195 613 1253 ὅσα
644 1204 780 1268 ἴσχει
806 1197 950 1267 ψυχὴ
978 1199 1038 1252 ἐν
1062 1193 1229 1269 αὑτῇ,
1275 1195 1599 1269 δικαιοσύνη
1619 1199 1679 1253 δὲ
1704 1202 1960 1269 μέγιστον

170 1284 260 1336 367
289 1277 523 1351 ἀγαθόν.
546 1282 596 1333 εἰ
608 1275 716 1349 γὰρ
737 1276 914 1341 οὕτως
933 1278 1147 1347 ἐλέγετο
1167 1279 1222 1343 ἐξ
1240 1275 1408 1349 ἀρχῆς
1427 1274 1536 1334 ὑπὸ
1556 1277 1781 1334 πάντων
1799 1275 1958 1348 ὑμῶν

287 1363 379 1418 καὶ
398 1363 458 1416 ἐκ
476 1361 622 1415 νέων
638 1357 779 1430 ἡμᾶς
796 1360 1057 1429 ἐπείθετε,
1080 1355 1183 1414 οὐκ
1204 1354 1275 1414 ἀν
1293 1356 1564 1430 ἀλλήλους
1582 1359 1960 1430 ἐφυλάττομεν

288 1441 362 1514 μὴ
384 1441 620 1511 ἀδικεῖν,
660 1439 783 1497 ἀλλ’
804 1438 971 1506 αὐτὸς
990 1438 1164 1495 αὑτοῦ
1182 1434 1255 1511 ἦν
1274 1441 1500 1505 ἕκαστος
1519 1439 1726 1512 φύλαξ,
1765 1437 1958 1505 δεδιώς

288 1523 360 1594 μὴ
383 1519 590 1578 ἀδικῶν
608 1527 686 1594 τῷ
705 1526 938 1595 μεγίστῳ
971 1527 1120 1595 κακῷ
1146 1523 1402 1587 ξύνοικος
1430 1514 1482 1593 ᾗ.
1517 1527 1715 1593 ταῦτα,
1755 1514 1801 1576 ὦ
1828 1520 1958 1576 Σω’-

268 1623 507 1675 ’κρατες,’
541 1611 672 1668 ἴσως
704 1603 871 1659 δὲκαὶ
891 1606 967 1657 ἔτι
986 1602 1200 1658 τούτων
1219 1607 1388 1659 πλείω
1410 1601 1775 1674 Θρασύμαχός
1790 1623 1849 1658 τε
1867 1603 1955 1658 καὶ

284 1685 452 1750 ἄλλος
472 1684 584 1740 πού
603 1705 682 1749 τις
702 1680 841 1755 ὑπὲρ
862 1684 1216 1755 δικαιοσύνης
1234 1705 1291 1738 τε
1310 1685 1400 1739 καὶ
1423 1681 1636 1747 ἀδικίας
1655 1684 1867 1753 λέγοιεν
1888 1681 1959 1738 ἀν

284 1768 751 1838 μεταστρέφοντες
772 1762 966 1820 αὐτοῖν
982 1765 1084 1836 τὴν
1103 1765 1360 1835 δύναμιν,
1383 1770 1673 1835 φορτικῶς,
1696 1763 1769 1829 ὥς
1786 1767 1852 1834 γέ
1865 1785 1957 1835 μοι

222 1856 256 1898 Β
289 1852 461 1904 δοκεῖ·
500 1844 622 1903 ἀλλ’
657 1847 792 1917 ἐγώ,
832 1847 998 1902 οὐδὲν
1027 1847 1136 1919 γάρ
1166 1865 1228 1902 σε
1258 1848 1448 1918 δέομαι
1483 1845 1955 1917 ἀποκρύπτεσθαι,

287 1935 395 1985 σοῦ
429 1931 723 2000 ἐπιθυμῶν
754 1926 990 1984 ἀκοῦσαι
1017 1927 1305 1999 τάναντία,
1346 1927 1418 1993 ὥς
1448 1928 1688 1999 δύναμαι
1724 1927 1957 1998 μάλιστα

286 2015 604 2075 κατατείνας
623 2013 779 2080 λέγω.
802 2009 874 2081 μὴ
898 2004 1004 2065 οὖν
1021 2009 1153 2081 ἡμῖν
1171 2011 1348 2081 μόνον
1367 2013 1576 2081 ἐνδείξῃ
1593 2014 1668 2080 τῷ
1688 2007 1853 2081 λόγῳ,
1875 2007 1959 2063 ὅτι

289 2091 613 2163 δικαιοσύνη
640 2089 853 2155 ἀδικίας
881 2103 1155 2163 κρεῖττον,
1195 2090 1331 2147 ἀλλά
1368 2096 1424 2147 τί
1457 2095 1695 2147 ποιοῦσα
1733 2091 1958 2160 ἑκατέρα

252 2204 255 2206 ·
288 2172 390 2230 τὸν
409 2178 601 2245 ἔχοντα
621 2170 758 2244 αὐτὴ
780 2172 844 2227 δι’
866 2172 1093 2244 αὑτὴνὴ
1115 2173 1216 2245 μὲν
1233 2172 1424 2244 κακόν,
1445 2170 1479 2244 ἡ
1503 2172 1562 2228 δὲ
1582 2170 1802 2243 ἀγαθόν
1821 2174 1956 2227 ἐστι·

286 2253 382 2319 τάς
403 2256 463 2310 δὲ
483 2254 643 2320 δόξας
671 2251 920 2326 ἀφαίρει,
958 2252 1144 2326 ὥσπερ
1172 2255 1446 2310 Γλαύκων
1475 2254 1872 2310 διεκελεύσατο.
1913 2256 1962 2308 εἰ

285 2336 393 2406 γὰρ
406 2334 479 2407 μὴ
494 2334 818 2407 ἀφαιρήσεις
832 2337 1177 2408 ἑκατέρωθεν
1186 2335 1283 2402 τὰς
1294 2335 1536 2408 ἀληθεῖς,
1555 2334 1651 2401 τάς
1663 2337 1722 2391 δὲ
1739 2337 1960 2401 ψευδεῖς

285 2416 651 2490 προσθήσεις,
684 2415 752 2472 οὐ
771 2416 832 2474 τὸ
853 2421 1070 2474 δίκαιον
1089 2417 1342 2489 φήσομεν
1361 2421 1602 2473 ἐπαινεῖν
1622 2431 1709 2486 σε,
1738 2412 1875 2470 ἀλλά
1893 2411 1956 2469 τὸ

230 2515 261 2558 G
291 2502 504 2571 δοκεῖν,
534 2496 744 2555 οὐδὲτὸ
765 2501 960 2556 ἄδικον
980 2499 1120 2556 εἶναι
1137 2502 1353 2571 ψέγειν,
1383 2497 1523 2554 ἀλλὰ
1542 2497 1602 2554 τὸ
1623 2501 1838 2566 δοκεῖν,
1867 2495 1960 2551 καὶ

288 2581 769 2653 παρακελεύεσθαι
798 2582 994 2638 ἄδικον
1023 2580 1159 2639 ὄντα
1177 2580 1512 2651 λανθάνειν,
1551 2580 1642 2635 καὶ
1668 2575 1959 2649 ὁμολογεῖν

289 2663 664 2739 Θρασυμάχω,
695 2663 778 2721 ότι
799 2664 860 2721 τὸ
883 2664 985 2736 μἐν
1005 2668 1220 2721 δίκαιον
1238 2662 1526 2734 ἀλλότριον
1545 2659 1790 2732 ἀγαθόν,
1821 2661 1958 2727 ξυμ-

288 2747 461 2817 φέρον
489 2753 592 2802 τοῦ
619 2751 956 2819 κρείττονος,
994 2745 1055 2802 τὸ
1087 2747 1146 2803 δε
1175 2744 1372 2801 ἄδικον
1389 2741 1537 2816 αὑτῷ
1556 2743 1657 2813 μεν
1676 2741 1957 2811 ξυμφέρον

287 2829 376 2882 και
416 2833 768 2901 λυσιτελοῦν,
807 2835 886 2903 τῷ
926 2829 984 2885 δε
1020 2827 1209 2899 ἥττονι
1250 2825 1590 2896 ἀξύμφορον.
1630 2818 1814 2893 ἐπειδὴ
1853 2813 1957 2875 οὖν
