1962 3236
139 170 214 222 14
748 172 1220 221 ΠΛΑΤΩΝΟΣ

143 308 306 359 τοῦτο
330 305 536 358 ἐκείνω.
579 300 763 358 Οὐδέν
777 324 840 374 γε
859 304 1087 373 κωλύει,
1117 298 1190 375 ἦν
1211 302 1261 358 δ’
1285 304 1392 374 ε’γω’
1405 326 1416 336 ·
1458 310 1508 360 εἰ
1524 304 1575 360 δ’
1603 300 1708 361 οὖν
1727 309 1819 363 καὶ

144 381 218 456 μὴ
256 388 404 440 ἔστιν
439 382 660 455 όμοιον,
699 390 952 454 φαίνεται
981 384 1039 439 δὲ
1067 406 1141 457 τω
1174 387 1509 482 ἐρωτηθέντι
1544 392 1819 457 τοιοῦτον,

141 458 310 536 ’ἧττόν
329 486 380 519 τι
399 462 574 520 αὐτὸν
593 472 696 520 οἴει
715 439 1137 533 ἀποκρινεῖσθαι
1161 463 1222 520 τὸ
1247 465 1610 564 φαινόμενονῗ
1621 468 1817 541 ἑαυτῷ,

144 540 244 601 ἐάν
261 566 318 600 τε
337 542 490 615 ἡμεῖς
509 545 946 615 ἀπαγορεύωμεν
966 547 1065 601 ἐάν
1084 567 1141 601 τε
1159 546 1260 617 μή·
1249 588 1262 611 ,
1283 546 1449 602 ’Άλλο
1469 568 1519 601 τι
1540 568 1644 601 ουν
1655 551 1815 619 ,ἔφη,

143 623 326 681 καὶσὺ
347 624 494 680 οὕτω
514 625 786 696 ποιήσεις;
820 646 903 680 ων
930 626 1035 696 ἐγω
1057 625 1322 698 ἀπεῖπον,
1358 627 1572 682 τούτων
1599 650 1651 682 τι
1678 627 1819 683 ἀπο-

142 716 346 802 κρινεῖ·
333 747 347 773 ,
387 705 508 760 Οὐκ
529 727 603 759 αν
615 705 980 777 θαυμάσαιμι,
1001 710 1074 777 ἦν
1093 705 1141 762 δ’
1166 708 1289 778 ἐγώ,
1314 715 1368 763 εἴ
1380 729 1473 778 μοι
1492 709 1818 782 σκεψαμένῳ

81 794 116 835 D
145 784 291 841 οὕτω
313 785 538 884 δόξειεν.
582 789 651 840 Τί
669 807 791 854 ουν,
815 790 919 857 ἔφη
933 828 948 856 ,
981 783 1053 842 ἀν
1072 787 1175 857 ἐγω
1199 788 1401 853 δείξω
1375 794 1564 858 ετέραν
1585 785 1819 858 ἀπόκρι-

143 883 234 923 σιν
252 866 401 936 παρὰ
424 867 602 931 πάσας
620 866 822 931 ταύτας
842 869 966 939 περὶ
986 870 1338 939 δικαιοσύνης
1357 874 1552 939 βελτίω
1572 869 1815 924 τούτων·
1800 910 1815 937 ,

141 946 381 1026 τί,άξιοῖς
400 956 628 1013 παθεῖν;
671 953 741 1004 Τί
765 948 927 1019 ἄλλο,
964 944 1035 1019 ἦν
1065 947 1116 1004 δ’
1148 949 1280 1020 ἐγώ,
1318 945 1356 1019 ἦ
1385 949 1521 1019 ὅπερ
1551 950 1819 1020 προσήκει

144 1031 375 1100 πάσχειν
393 1035 473 1103 τῷ
491 1030 563 1100 μὴ
585 1029 778 1094 είδότι;
815 1030 1080 1100 προσήκει
1113 1034 1174 1085 δέ
1189 1052 1299 1085 που
1320 1038 1524 1101 μαθεῖν
1546 1030 1694 1102 παρὰ
1714 1036 1815 1086 τοῦ

144 1110 378 1174 εἰδότος·
416 1111 507 1165 καὶ
536 1108 640 1180 ἐγώ
673 1103 778 1164 οὖν
807 1118 969 1166 τοῦτο
1000 1110 1134 1177 ἀξιῶ
1163 1120 1380 1168 παθεῖν.
1429 1109 1597 1176 Ἡδῦς
1624 1111 1732 1182 γὰρ
1753 1111 1816 1181 εἴ,

141 1195 247 1262 ἔφη
261 1213 272 1224 ·
311 1189 450 1246 ἀλλά
470 1188 608 1261 πρὸς
627 1197 703 1263 τῷ
724 1199 926 1262 μαθεῖν
944 1196 1034 1248 καὶ
1052 1192 1319 1249 ἀπότισον
1338 1192 1620 1266 ἀργύριον.
1663 1191 1815 1249 Οὐκ-

76 1312 93 1322 -
116 1278 249 1349 Πϊοὖν
269 1272 493 1327 ἐπειδάν
511 1293 604 1342 μοι
624 1275 870 1344 γένηται,
903 1272 1072 1329 εἷπον.
1122 1272 1258 1330 Ἀλλ’
1279 1279 1444 1346 ἔστιν,
1466 1280 1569 1346 ἔφη
1591 1273 1818 1330 ὁΓλαύ-

141 1350 444 1411 κῶνὲ.ἄλλ’,
473 1353 634 1418 ἕνεκα
664 1352 961 1425 ἀργυρίου,
984 1348 1028 1418 ὦ
1049 1356 1404 1427 Θρασύμαχε,
1437 1358 1585 1426 λέγε·
1617 1355 1817 1419 πάντες

79 1451 112 1492 Β
143 1436 250 1507 γὰρ
270 1435 423 1508 ἡμεῖς
440 1435 729 1507 Σωκράτει
749 1441 1069 1507 εἰσοίσομεν.
1105 1436 1271 1491 Πάνυ
1289 1458 1378 1506 γε,
1401 1435 1575 1506 οἶμαι,
1604 1430 1641 1506 ἦ
1662 1434 1710 1490 δ’
1737 1434 1816 1505 ὅς,

140 1522 233 1575 ἵνα
253 1518 557 1588 Σωκράτης
576 1517 636 1572 τὸ
663 1517 860 1583 εἰωθὸς
881 1519 1253 1589 διαπράξηται,
1276 1515 1442 1582 αὐτὸς
1462 1517 1562 1588 μὲν
1581 1515 1653 1587 μὴ
1677 1515 1819 1571 ἀπο-

141 1606 419 1670 κρίνηται,
459 1599 632 1654 ἄλλου
662 1597 713 1654 δ’
747 1598 1190 1670 ἀποκρινομένου
1218 1602 1474 1672 λαμβάνῃ
1515 1599 1688 1668 λόγον
1726 1598 1818 1653 καὶ

141 1684 348 1753 ἐλέγχῃ.
388 1686 517 1745 Πῶς
534 1679 639 1751 γὰρ
661 1679 758 1750 ἅν,
791 1686 934 1752 ἔφην
954 1681 1061 1752 ἐγω’
1074 1724 1089 1752 ,
1123 1675 1167 1736 ὦ
1184 1685 1454 1753 βέλτιστε,
1484 1684 1563 1746 τὶς
1586 1680 1818 1751 ἀποκρί-

139 1783 296 1817 ναιτο
318 1769 539 1832 πρῶτον
558 1764 659 1832 μὲν
677 1761 749 1832 μὴ
772 1761 928 1826 εἰδώς
947 1765 1081 1833 μηδὲ
1103 1763 1336 1833 φάσκων
1357 1764 1587 1833 εἰδέναι,
1618 1766 1817 1832 ἔπειτα,

54 1855 56 1857 ’
141 1852 259 1899 εἴτι
275 1845 367 1898 καὶ
388 1850 557 1898 οἰέται
576 1844 699 1912 περὶ
716 1843 958 1913 τούτων,
980 1842 1349 1915 ἀπειρημένον
1376 1844 1526 1917 αὐτῷ
1548 1853 1649 1916 εἴη,
1670 1842 1819 1906 ὅπως

139 1924 311 1996 μηδὲν
330 1926 446 1993 ἐρεῖ
459 1917 539 1978 ὦν
557 1921 785 1995 ἡγεῖται,
811 1922 900 1979 ὑπ’
923 1923 1127 1996 ἀνδρὸς
1150 1924 1217 1980 ού
1236 1926 1486 1995 φαύλους
1512 1923 1650 1980 ἀλλὰ
1670 1924 1730 1978 σὲ
1750 1921 1817 1993 δὴ

25 2014 115 2060 338
185 2012 357 2060 ἄλλον
393 2003 536 2068 εἰκὸς
571 2008 750 2073 λέγειν
766 2027 777 2037 ·
822 2007 892 2059 σύ
932 2006 1038 2076 γὰρ
1076 2005 1143 2076 δὴ
1181 2006 1289 2078 φῂς
1324 2009 1528 2061 εἰδέναι
1557 2006 1647 2060 καὶ
1677 2008 1817 2073 ἔχειν

0 2124 137 2148 ,β
192 2124 206 2142 ⁴
260 2097 286 2123 ³⁰
321 2132 331 2142 .
366 2083 439 2156 μὴ
463 2078 569 2140 οὖν
586 2084 766 2150 ἄλλως
785 2092 955 2155 ποίει,
985 2085 1108 2141 ἀλλ’
1133 2089 1257 2157 ἐμοί
1271 2108 1327 2141 τε
1345 2091 1567 2157 χαρίζου
1584 2085 1817 2152 ἀποκρι-

142 2168 378 2238 νόμενος
409 2168 500 2221 καὶ
529 2164 601 2237 μὴ
633 2167 928 2239 φθονήσῃς
955 2168 1043 2222 καὶ
1072 2167 1382 2223 Γλαύκωνα
1416 2167 1577 2222 τόνδε
1607 2166 1819 2230 διδάξαι

142 2249 382 2312 καὶτοὺς
402 2247 617 2311 ἄλλους.

281 2335 387 2387 XII.
426 2331 698 2394 Εἰπόντος
728 2333 790 2384 δέ
816 2352 926 2400 μου
954 2338 1125 2386 ταῦτα
1165 2330 1198 2386 ὅ
1224 2353 1282 2386 τε
1311 2330 1584 2387 Γλαύκων
1631 2330 1721 2382 καὶ
1765 2330 1822 2382 οί

143 2414 299 2470 ἄλλοι
318 2415 534 2467 ἐδέοντο
556 2409 732 2466 αὐτοῦ
751 2411 823 2482 μὴ
855 2411 1033 2477 ἄλλως
1061 2423 1262 2467 ποιεῖν·
1294 2409 1429 2466 καὶὸ
1453 2408 1818 2477 Θρασύμαχος

144 2495 384 2566 φανερὸς
420 2492 520 2564 μὲν
554 2486 628 2563 ἦν
667 2495 957 2563 ἐπιθυμῶν
1006 2499 1205 2563 εἰπεῖν,
1253 2491 1333 2548 ἵν’
1385 2489 1816 2560 εὐδοκιμήσειεν,

141 2573 452 2644 ἡγούμενος
487 2578 628 2643 ἔχειν
656 2571 947 2643 ἀπόκρισιν
986 2573 1298 2643 παγκάλην·
1341 2583 1718 2640 προσεποιεῖτο
1757 2568 1816 2623 δὲ

143 2662 479 2724 φιλονεικεῖν
498 2651 636 2724 πρὸς
653 2651 714 2708 τὸ
740 2654 830 2723 ἐμὲ
852 2652 990 2707 εἶναι
1008 2651 1108 2708 τὸν
1135 2652 1589 2722 ἀποκρινόμενον.
1628 2657 1817 2705 τελευ-

83 2748 117 2787 Β
145 2739 259 2789 τῶν
279 2736 338 2788 δὲ
361 2734 719 2804 ξυνεχώρησε,
741 2734 970 2789 κᾶπειτα
989 2733 1145 2804 Αὕτη
1167 2733 1262 2803 δή,
1285 2738 1405 2803 ἔφη,
1426 2731 1459 2802 ἡ
1481 2731 1817 2797 Σωκράτους

143 2821 340 2887 σοφία,
366 2812 539 2870 αὐτὸν
557 2816 658 2885 μὲν
676 2816 747 2887 μὴ
769 2818 985 2871 ἐθέλειν
1004 2815 1313 2885 διδάσκειν,
1335 2811 1482 2882 παρὰ
1508 2811 1566 2866 δὲ
1588 2818 1695 2865 τῶν
1715 2809 1815 2865 ἄλ·-

0 945 55 974 αἰ·
