1962 3236
201 125 306 180 44⁶2
893 131 1200 179 ΜΙΝΩΣ.
1316 110 1324 113 ’
1792 139 1881 183 ,124

339 269 452 318 ET.
477 262 641 319 ’Άλλο
663 284 756 333 μοι
775 268 884 317 νῦν
904 261 1101 334 ἐφάνη.

340 347 401 400 11
441 349 564 400 ΣΩ.
609 341 775 399 Ούκ’
751 343 858 412 α’ρα
879 342 1049 413 νόμος
1069 345 1180 398 ἐστὶ
1197 343 1264 398 τὰ
1285 344 1629 416 νομιζόμενα.

343 431 454 480 ET.
494 424 582 480 Οὔ
603 446 696 495 μοι
726 427 890 479 δοκεῖ.

339 512 464 562 ΣΩ.
509 510 579 559 Τί
592 503 712 576 δῆτ’
735 502 806 560 ἀν
827 513 908 575 εἴη
926 504 1122 575 νόμος;
1153 506 1578 578 ἐπισκεψώμεθα
1600 505 1732 563 αὐτὸ
1756 499 1878 563 ὦδε.

200 598 255 646 εἴ
279 611 360 653 τις
394 586 537 659 ἡμᾶς
582 585 648 642 τὰ
688 593 798 642 νῦν
837 585 903 659 δὴ
942 586 1210 659 λεγόμενα
1248 587 1501 661 ἀνήρετο,
1535 588 1718 661 ἐπειδὴ
1758 589 1880 657 ὄψει

76 680 167 726 314
200 672 337 742 φατὲ
356 667 422 724 τὰ
444 667 699 769 ὁρώμενα
720 667 979 740 ὁρᾶσθαι,
1000 674 1106 724 τίνι
1129 668 1248 725 ὄντι
1264 678 1333 742 τῇ
1352 670 1474 736 ὄψει
1494 668 1713 742 ὁρᾶται;
1746 669 1882 726 ἀπε-
1959 721 1962 724 ⁴

196 749 485 823 κρινάμεθ’
508 747 579 805 ἂν
600 748 768 825 αὐτω,
783 750 866 806 ὅτι
881 751 1138 822 αἰσθήσει
1150 752 1323 851 ταύτῃ
1339 774 1418 824 τῃ
1386 750 1516 807 διὰ
1537 759 1649 807 τῶν
1669 749 1880 823 ὀφθαλ·

195 838 318 904 μῶν
339 831 585 905 δηλούσῃ
605 830 671 887 τὰ
692 830 1008 903 πράγματα·
1046 838 1096 888 εἰ
1116 832 1169 888 δ’
1190 827 1264 888 αὖ
1287 833 1468 905 ἤρετο,
1490 841 1544 889 τί
1560 839 1673 901 δαίς
1696 831 1878 905 ἐπειδὴ

196 912 339 986 ἀκοῇ
361 910 427 968 τὰ
449 911 763 984 ἀκουόμενα
783 913 1061 985 ἀκούεται,
1083 921 1191 970 τίνι
1221 913 1339 969 ὄντι
1351 923 1434 988 τῇ
1458 914 1623 989 ἀκοῇ;
1653 914 1882 987 ἀπεκρι-

195 992 402 1066 νάμεθ’
436 991 509 1049 ἀν
540 992 709 1068 αὐτῷ,
748 994 833 1049 ὅτι
853 997 1111 1067 αἰσθήσει
1147 997 1320 1069 ταύτῃ
1354 1005 1421 1069 τῇ
1460 996 1547 1053 διὰ
1579 1004 1690 1053 τῶν
1721 996 1880 1054 ω’των

197 1077 446 1149 δηλούσῃ
475 1074 607 1147 ἡμῖν
649 1075 747 1141 τὰς
778 1078 985 1148 φωνάς.
1025 1076 1170 1133 οὕτω
1202 1084 1396 1134 τοίνυν
1425 1081 1514 1135 καὶ
1547 1084 1596 1135 εἰ
1629 1077 1879 1148 ἀνέροιτο

195 1157 354 1230 ἡμᾶς,
377 1157 561 1229 ἐπειδὴ
584 1158 739 1232 νόμῳ
762 1159 829 1213 τὰ
857 1160 1189 1230 νομιζόμενα
1211 1166 1497 1231 νομίζεται,
1518 1166 1626 1217 τίνι
1657 1161 1776 1216 ὄντι
1803 1167 1879 1232 τῷ

195 1240 350 1314 νόμω
371 1244 670 1310 νομίζεται·
657 1282 671 1306 ,
710 1239 946 1311 πότερον
975 1241 1230 1311 αἰσθήσει
1249 1245 1354 1296 τινὶ
1370 1238 1406 1312 ἦ
1426 1242 1675 1312 δηλώσει,
1697 1240 1879 1312 ώσπερ

133 1331 165 1370 Β
196 1319 263 1376 τὰ
283 1320 687 1424 μανθανόμενα
707 1323 1054 1392 μανθάνεται
1075 1323 1320 1394 δηλούσῃ
1337 1330 1403 1393 τῇ
1423 1323 1706 1394 ἐπιστήμῃ,
1731 1319 1767 1392 ἢ
1787 1319 1881 1376 εὑ·-

199 1404 345 1471 ρέσει
363 1407 489 1473 τινί,
518 1401 701 1471 ώσπερ
731 1402 797 1457 τὰ
827 1401 1194 1473 εὑρισκόμενα
1215 1401 1538 1473 εὑρίσκεται,
1561 1400 1679 1458 οἷον
1697 1424 1763 1458 τα
1780 1401 1881 1473 μὲν

196 1481 414 1554 ὑγιεινὰ
435 1487 525 1540 καὶ
544 1484 763 1554 νοσώδη
787 1488 1018 1557 ἰατρικῇ,
1051 1483 1086 1539 ὁὶ
1116 1485 1174 1540 δε
1195 1488 1252 1540 οἱ
1266 1486 1390 1540 θεοὶ
1417 1489 1785 1554 διανοοῦνται,
1808 1483 1881 1547 ώς

197 1581 370 1638 φασιν
396 1569 453 1622 οἱ
465 1565 704 1636 μάντεις,
726 1573 991 1638 μαντικῇ·
1029 1563 1060 1637 ἡ
1084 1565 1189 1637 γάρ
1210 1587 1319 1623 που
1338 1569 1497 1638 τέχνη
1516 1565 1648 1638 ἡμῖν
1667 1565 1881 1637 εύρεσίς

196 1652 309 1706 ἐστι
328 1654 440 1704 τῶν
460 1648 827 1719 πραγμάτων·
861 1652 894 1719 ἠ
915 1649 1048 1720 γάρ·
1037 1692 1050 1714 ,

337 1737 452 1787 ΕΤ.
490 1731 656 1786 Πάνυ
681 1753 757 1800 γε.

336 1817 423 1868 111.
468 1819 593 1869 ΣΩ.
653 1818 721 1868 Τί
748 1807 853 1868 οὖν
887 1809 959 1868 ἀν
987 1814 1203 1868 τούτων
1239 1811 1615 1883 ὑπολάβοιμεν
1648 1819 1878 1883 μαλιστα

195 1893 295 1950 τὸν
314 1895 494 1966 νόμον
515 1893 679 1959 εἶναι;

336 1982 449 2031 ΕΤ.
491 1975 570 2031 Τὰ
594 1976 840 2047 δόγματα
871 1981 1043 2031 ταῦτα
1072 1978 1164 2031 καὶ
1193 1981 1532 2047 ψηφίσματα,
1571 1980 1751 2046 ἔμοιγε
1782 1977 1878 2029 δο-

197 2069 295 2113 κεῖ.
332 2063 389 2114 τί
412 2057 519 2129 γὰρ
549 2054 621 2114 ἀν
651 2058 786 2115 ἄλλο
817 2079 898 2123 τις
933 2065 1067 2129 φαίη
1100 2057 1276 2128 νόμον
1307 2057 1474 2123 εἶναι,
1517 2055 1654 2110 ὥστε
1684 2058 1876 2110 κινδυ-

135 2146 173 2190 G
201 2140 371 2211 νεύει,
403 2139 435 2195 ὂ
463 2140 534 2195 σύ
555 2144 778 2213 ἐρωτᾷς,
809 2138 870 2194 τὸ
903 2138 1038 2195 ὅλον
1056 2146 1238 2207 τοῦτο,
1266 2138 1435 2209 νόμος
1463 2137 1640 2207 δόγμα
1668 2137 1879 2201 πόλεως

198 2219 351 2275 εἶναι.

339 2306 463 2356 ΣΩ.
501 2301 708 2369 Δόξαν,
735 2299 807 2364 ὥς
826 2304 985 2371 ἔοικε,
1006 2302 1179 2371 λέγεις
1199 2298 1485 2368 πολιτικὴν
1503 2296 1605 2353 τὸν
1631 2298 1820 2369 νόμον.

338 2388 453 2438 ΕΤ.
477 2381 705 2453 ’Έγωγε.

340 2470 465 2520 ΣΩ.
505 2465 613 2519 Καὶ
645 2472 776 2528 ἴσως
804 2470 983 2528 καλῶς
1014 2465 1210 2534 λέγεις·
1257 2462 1392 2534 τάχα
1421 2461 1480 2518 δὲ
1509 2455 1616 2518 ὦδε
1649 2461 1877 2533 ἄμεινον

198 2545 480 2616 εἰσόμεθα.
522 2549 694 2614 λέγεις
712 2542 866 2610 τινόις
886 2544 1125 2615 σοφούς;

346 2632 452 2682 ΕΤ.
479 2624 705 2698 ’Έγωγε

342 2711 466 2763 ΣΩ.
509 2705 737 2763 Οὐκοῦν
758 2711 815 2762 oc
829 2711 1002 2778 σοφοί
1023 2711 1126 2762 εἰσι
1156 2711 1326 2779 σοφίᾳ
1343 2711 1514 2775 σοφοί
1524 2729 1537 2770 ;

340 2795 452 2844 ΕΤ.
493 2795 618 2844 Ναί.
