1962 3236
93 571 176 616 621

139 2528 171 2570 D

211 187 314 239 318
847 186 1321 236 ΠΛΑΤΩΝΟΣ

209 329 305 394 τῆς
327 330 430 379 τοῦ
448 320 724 394 ἀτράκτου
745 322 916 388 δίνης,
939 324 1222 388 κυροῦντα
1243 315 1315 388 ἣν
1346 317 1529 388 λαχών
1559 322 1731 374 είλετο
1763 331 1884 389 μοῖ-

210 425 340 502 ραν·
378 404 578 474 ταύτης
598 399 650 456 δ’
685 399 1044 470 ἐφαψάμενον
1075 392 1242 463 αὖθις
1260 401 1345 454 ἐπι
1371 397 1472 470 τὴν
1501 405 1595 469 τῆς
1618 397 1886 466 Ἀτρόπου

208 485 363 556 ἄγειν
399 490 582 556 νῆσιν,
620 480 1009 552 ἀμετάστροφα
1043 502 1110 535 τα
1146 483 1556 535 ἐπικλωσθέντα
1593 485 1883 535 ποιοῦντα

207 569 474 622 ἐντεῦθεν
494 564 552 619 δὲ
573 561 639 634 δὴ
663 561 1057 632 ἀμεταστρεπτὶ
1084 559 1193 616 ὑπὸ
1223 559 1324 616 τὸν
1353 568 1448 632 τῆς
1466 560 1728 631 Ἀνάγκης
1748 562 1888 616 ἰέναι

207 648 441 719 θρόνον,
470 647 561 700 καὶ
583 643 656 700 δι’
687 648 902 700 ἐκείνου
923 643 1294 713 διεξελθόντα,
1318 643 1501 713 ἐπειδὴ
1523 645 1614 698 καὶ
1643 646 1699 698 οἱ
1732 641 1890 697 ἄλλοι
1948 651 1962 670 ”

209 733 463 799 διῆλθον,
496 726 841 794 πορεύεσθαι
869 723 1114 789 ἅπαντας
1145 729 1220 789 εἰς
1247 724 1307 780 τὸ
1338 731 1433 795 τῆς
1461 723 1658 794 Λήθης
1693 726 1886 778 πεδίον

179 882 185 886 ,
209 809 298 866 διὰ
319 808 600 879 καύματός
617 829 675 863 τε
696 808 787 862 καὶ
806 811 1040 876 πνίγους
1070 809 1285 861 δεινοῦ·
1325 809 1414 861 καὶ
1441 805 1548 875 γὰρ
1581 804 1721 860 εἶναι
1749 800 1884 858 αὐτὸ

208 889 375 947 κενὸν
397 893 645 960 δένδρων
669 910 727 944 τε
745 891 836 944 καὶ
855 887 959 943 όσα
977 893 1055 966 γῆ
1079 887 1236 957 φύει·
1271 893 1584 958 σκηνᾶσθαι
1613 880 1719 942 οὖν
1743 891 1888 955 σφᾶς

206 972 311 1044 ἥδη
329 972 556 1042 ἑσπέρας
585 973 914 1041 γιγνομένης
941 967 1090 1039 παρὰ
1116 966 1216 1023 τὸν
1235 960 1497 1038 Ἀμέλητα
1529 967 1796 1036 ποταμόν,
1817 988 1885 1021 ου

207 1052 270 1110 τὸ
301 1052 455 1124 ὕδωρ
484 1051 709 1122 αγγεῖον
739 1049 905 1106 οὐδὲν
935 1051 1159 1120 στέγειν.
1199 1053 1400 1121 μέτρον
1432 1051 1532 1119 μὲν
1563 1069 1670 1103 ουν
1697 1069 1749 1102 τι
1784 1052 1883 1101 τοῦ

207 1133 408 1199 ύδατος
427 1139 596 1189 πᾶσιν
620 1131 925 1203 ἀναγκαῖον
944 1130 1083 1188 εἶναι
1102 1142 1263 1200 πιεῖν,
1288 1152 1420 1195 τους
1440 1130 1500 1186 δὲ
1521 1129 1789 1200 φρονήσει
1813 1126 1884 1198 μὴ

208 1219 550 1286 σωζομένους
568 1216 737 1269 πλέον
754 1218 936 1268 πίνειν
965 1218 1065 1267 τοῦ
1095 1214 1324 1283 μέτρου·
1361 1209 1460 1266 τὸν
1492 1213 1550 1266 δὲ
1581 1208 1664 1265 ἀεὶ
1688 1209 1884 1264 πιόντα

207 1297 433 1352 πάντων
452 1294 944 1350 ἐπιλανθάνεσθαι.
973 1291 1157 1362 ἐπειδὴ
1179 1295 1237 1347 δὲ
1255 1299 1593 1363 κοιμηθῆναι
1611 1293 1702 1346 καὶ
1721 1292 1886 1360 μέσας

205 1379 410 1442 νύκτας
438 1378 716 1446 γενέσθαι,
749 1374 993 1445 βροντήν
1020 1395 1078 1428 τε
1113 1375 1205 1428 καὶ
1235 1372 1462 1443 σεισμὸν
1485 1374 1764 1442 γενέσθαι,
1796 1372 1884 1424 καὶ

207 1462 475 1514 ἐντεῦθεν
493 1459 746 1525 ἐξαπίνης
772 1454 942 1510 ἄλλον
959 1455 1099 1526 ἄλλῃ
1118 1457 1390 1524 φέρεσθαι
1415 1452 1532 1508 ἅνω
1565 1457 1638 1516 εἰς
1658 1452 1762 1522 τὴν
1791 1455 1882 1520 γέ-
1948 1483 1960 1526 ,j

206 1557 377 1609 νεσιν,
398 1538 659 1607 ᾄττοντας
681 1536 864 1606 ὥσπερ
886 1534 1130 1605 ἀστέρας.
1170 1534 1335 1599 αὐτὸς
1365 1535 1423 1591 δὲ
1443 1541 1544 1590 τοῦ
1563 1534 1665 1605 μὲν
1683 1532 1886 1597 ὕδατος
1953 1532 1958 1598 ⁷·

204 1614 531 1692 κωλυθῆναι
550 1630 718 1674 πιεῖν·
758 1616 867 1689 ὅπῃ
883 1621 1068 1688 μέντοι
1092 1621 1182 1672 καὶ
1202 1615 1349 1682 ὅπως
1374 1621 1450 1681 εἰς
1476 1616 1536 1672 τὸ
1560 1633 1717 1686 σωμα
1751 1613 1884 1685 ἀφί-

203 1724 372 1771 κοιτο,
397 1699 499 1757 οὐκ
520 1693 736 1769 εἰδέναι,
759 1698 882 1754 ἀλλ’
916 1701 1174 1769 ἐξαίφνης
1201 1697 1515 1770 α’ναβλέψας
1544 1702 1682 1753 ἰδεῖν
1707 1699 1886 1751 ἕωθεν

206 1782 380 1838 αὑτὸν
414 1787 672 1853 κείμενον
708 1783 794 1836 ἐπὶ
829 1787 896 1851 τῇ
932 1800 1098 1852 πυρα.
1154 1781 1246 1835 καὶ
1283 1778 1475 1849 οὕτως,
1515 1782 1557 1835 ὠ
1591 1777 1883 1846 Γλαύκων,

204 1871 387 1935 μῦθος
408 1863 593 1935 ἐσώθη
614 1864 707 1919 καὶ
728 1861 832 1918 οὐκ
852 1860 1117 1932 ἀπώλετο,
1138 1864 1229 1918 καὶ
1256 1861 1403 1933 ἡμας
1432 1858 1505 1916 α“ν
1534 1860 1781 1930 σώσειεν,
1813 1855 1880 1914 ἄν

204 1946 531 2016 πειθώμεθα
551 1943 720 2018 αὐτῷ,
745 1947 835 1999 καὶ
855 1944 957 2000 τὸν
975 1950 1070 2015 τῆς
1098 1944 1294 2015 Λήθης
1322 1944 1570 2015 ποταμὸν
1600 1937 1663 1998 εὖ
1692 1945 1885 2014 διαβη-

204 2028 419 2099 σόμεθα
447 2029 539 2083 καὶ
570 2026 672 2097 τὴν
704 2025 889 2097 ψυχὴν
917 2024 986 2080 οὐ
1016 2026 1470 2096 μιανθησόμεθα·
1512 2022 1629 2079 ἀλλ’
1663 2019 1736 2077 ἂν
1767 2024 1883 2091 ἐμοὶ

206 2108 563 2178 πειθώμεθα,
610 2112 923 2178 νομίζοντες
958 2103 1245 2160 ἀθάνατον
1285 2103 1471 2175 ψυχὴν
1505 2107 1596 2158 καὶ
1634 2102 1880 2172 δυνατὴν

205 2189 384 2243 πάντα
421 2189 523 2258 μὲν
559 2187 700 2242 κακὰ
736 2185 1045 2256 ἀνέχεσθαι,
1086 2185 1265 2240 πάντα
1304 2184 1364 2239 δὲ
1399 2183 1603 2254 άγαθά,
1640 2190 1734 2254 τῆς
1764 2182 1882 2237 ἄνω
1954 2228 1962 2235 .

206 2267 343 2324 ὁδοῦ
364 2268 447 2323 ἀεὶ
467 2268 705 2339 ἑξόμεθα
725 2269 816 2322 καὶ
841 2266 1198 2337 δικαιοσύνην
1220 2266 1353 2337 μετὰ
1373 2264 1697 2337 φρονήσεως
1718 2266 1878 2318 παντὶ

192 2350 389 2423 τρόπω
410 2349 901 2420 ἐπιτηδεύσομεν,”
878 2369 967 2402 ινα
988 2350 1078 2403 καὶ
1096 2345 1228 2419 ἡμῖν
1248 2345 1434 2411 αὐτοις
1452 2352 1604 2417 φίλοι
1624 2367 1771 2416 ωμεν
1791 2346 1881 2399 καὶ
1946 2370 1947 2374 ’

201 2442 313 2495 τοῖς
329 2438 500 2500 θεοῖς,
515 2427 689 2484 αὐτοῦ
707 2450 764 2483 τε
782 2430 1040 2499 μένοντες
1058 2428 1283 2496 ἐνθάδε,
1296 2428 1386 2483 καὶ
1404 2425 1628 2483 ἐπειδὰν
1647 2423 1712 2480 τὰ
1733 2419 1883 2479 ἆθλα

203 2511 372 2583 αὐτῆς
392 2511 762 2582 κομιζώμεθα,
787 2508 970 2580 ὥσπερ
992 2513 1048 2565 oc
1073 2509 1371 2580 νικηφόροι
1391 2506 1882 2588 περιαγειρόμενοι2

202 2595 290 2648 καὶ
302 2591 516 2685 ,ἐνθάδε
535 2593 626 2646 καὶ
646 2593 707 2646 ἐν
725 2597 793 2662 τῇ
808 2593 1022 2660 χιλιέτει
1048 2596 1261 2663 πορείᾳ,
1281 2588 1351 2660 ἣν
1371 2588 1793 2659 διεληλύθαμεν,
1816 2579 1882 2639 εὖ

203 2694 540 2743 πραττωμεν.
600 2736 604 2740 ,
656 2730 657 2734 ,
