1962 3236
876 0 934 21 ru

130 184 197 236 12
738 185 1210 232 ΠΛΑΤΩΝΟΣ

131 317 191 374 δὲ
211 321 391 387 φίλοις
409 314 705 386 ὠφέλειαν,
725 314 828 371 οὐκ
850 309 922 385 ἦν
941 313 1112 385 σοφὸς
1131 310 1159 368 ὁ
1179 319 1352 368 ταῦτα
1373 313 1568 368 εἰπών·
1604 310 1673 367 ού
1693 311 1799 381 γὰρ

131 395 318 467 άληθῆ
343 402 551 467 ἔλεγεν·
582 396 834 466 οὐδαμοῦ
862 395 966 465 γὰρ
997 399 1211 450 δίκαιον
1240 391 1445 448 οὐδένα
1474 392 1602 464 ἡμῖν
1622 393 1800 462 ἐφάνη

131 474 201 533 ὂν
217 479 494 550 βλάπτειν.
547 482 859 547 Συγχωρεό,
877 471 913 546 ἦ
933 474 984 531 δ’
1007 475 1082 540 ὅς.
1119 475 1476 546 Μαχούμεθα
1498 474 1631 544 ἄρα,
1649 468 1722 545 ἦν
1742 472 1796 528 δ’

131 561 265 631 ἐγώ,
301 566 462 630 κοινῇ
491 558 596 628 ἐγώ
623 580 680 612 τε
700 560 790 612 καὶ
815 558 913 627 σύ,
943 557 1041 614 ε’άν
1061 580 1140 622 τις
1164 556 1298 613 αὐτὸ
1321 564 1399 629 φῇ
1424 553 1462 628 ἦ
1479 559 1801 626 Σιμωνίδην

130 637 166 711 ἢ
185 647 394 696 Βίαντα
421 637 457 710 ἦ
477 638 757 694 ,Πιττακὸν
785 638 1107 711 εἰρηκέναι’
1085 638 1120 739 η’
1147 638 1256 694 τιν’
1286 639 1458 694 άλλον
1475 659 1587 692 των
1606 642 1801 706 σοφῶν

130 745 188 778 τε
206 725 296 778 καὶ
314 729 599 792 μακαρίων
619 719 856 793 ἀνδρῶν.
914 719 1115 792 ’Έγωγ’
1140 716 1272 791 οὖν,
1305 726 1409 792 ἔφη
1424 763 1438 790 ,
1460 718 1674 791 ε’τοιμός
1694 722 1802 789 εἰμι

16 821 101 867 336
135 814 424 860 κοινωνεῖν
444 824 540 872 της
565 809 750 873 μάχης.
806 801 948 858 Ἀλλ’
970 803 1166 872 οἶσθα,
1185 806 1256 883 ἡν
1275 800 1328 858 δ’
1350 802 1483 871 ἐγώ,
1503 796 1574 857 οὗ
1592 823 1685 872 μοι
1705 805 1801 856 δο-

133 895 221 940 κεῖ
241 883 379 939 εἶναι
406 881 467 939 τό
493 885 638 981 ρῆμα
668 884 728 939 τό
753 884 927 954 φάναι
946 889 1159 940 δίκαιον
1179 884 1316 940 εἶναι
1339 883 1469 948 τοὺς
1488 884 1588 954 μεν
1606 890 1803 953 φίλουο

135 963 394 1034 ὠφελεῖν,
419 962 548 1026 τοὺς
568 961 618 1017 δ’
642 964 878 1033 ἐχθρούς
898 966 1186 1036 βλάπτειν·
1229 971 1417 1028 Τινος·
1405 1007 1418 1031 ,
1455 970 1576 1034 ἔφη.
1639 963 1799 1033 Οἶμαι

134 1043 268 1100 αὐτὸ
289 1045 642 1115 Περιάνδρου
662 1045 800 1100 εἶναι
816 1047 852 1114 ἢ
869 1043 1229 1116 Περδίκκου
1202 1070 1236 1117 η
1231 1043 1508 1118 ’Ξέρξου
1483 1045 1518 1117 η’
1528 1043 1801 1117 Ἰσμηνίου

132 1133 233 1183 τοῦ
247 1131 495 1196 Θηβαίου
507 1124 545 1196 ἤ
553 1147 700 1190 τινος
719 1126 891 1182 ἄλλου
909 1131 1046 1198 μέγα
1066 1132 1322 1199 οἰομένου
1332 1128 1611 1183 δύνασθαι
1629 1133 1792 1181 πλου·

134 1214 260 1263 σίου
281 1206 502 1276 ἀνδρός.
537 1205 926 1278 Ἀληθέστατα,
946 1213 1052 1280 ἔφη
1065 1251 1081 1279 ,
1102 1213 1287 1278 λέγεις.
1325 1208 1481 1278 Εἶεν,
1501 1203 1573 1279 ἦν
1593 1207 1645 1262 δ’
1667 1207 1772 1277 ἐγώ
1789 1227 1800 1236 ·

135 1290 319 1360 ἐπειδὴ
345 1289 405 1344 δὲ
424 1288 554 1344 οὐδὲ
581 1295 744 1344 τοῦτο
765 1290 943 1360 ἐφάνη
964 1287 998 1360 ἡ
1019 1291 1345 1362 δικαιοσύνη
1372 1287 1440 1345 ὂν
1467 1287 1598 1345 οὐδὲ
1625 1288 1685 1343 τὸ
1720 1292 1799 1343 δί-

134 1391 296 1425 καιον
311 1410 326 1437 ,
347 1374 402 1424 τί
415 1365 488 1423 ὄίν
508 1369 640 1424 ἄλλο
661 1391 741 1433 τις
759 1369 895 1425 αὐτὸ
918 1377 1050 1442 φαίη
1073 1370 1240 1436 εἷναι;

81 1470 114 1509 Β
275 1456 336 1505 Χ.
376 1452 486 1504 Καὶ
514 1449 542 1505 ὁ
577 1451 939 1521 Θρασύμαχος
968 1453 1230 1516 πολλάκις
1260 1452 1359 1522 μὲν
1377 1453 1468 1505 καὶ
1488 1451 1799 1519 διαλεγομέ-

135 1555 251 1588 νων
286 1529 445 1603 ἡμῶν
481 1531 682 1602 μεταξὺ
728 1531 884 1603 ὥρμα
929 1530 1433 1604 ἀντιλαμβάνεσθαι
1471 1537 1572 1586 τοῦ
1618 1531 1804 1599 λόγου,

136 1618 318 1669 ἔπειτα
338 1611 446 1667 ὑπὸ
472 1619 584 1667 τῶν
603 1618 1086 1683 παρακαθημένων
1106 1614 1430 1669 διεκωλύετο
1450 1613 1806 1683 βουλομένων

137 1698 427 1749 διακοῦσαι
445 1693 544 1747 τὸν
571 1692 766 1762 λόγον·
806 1691 878 1757 ὡς
897 1693 956 1748 δὲ
976 1694 1391 1768 διεπαυσάμεθα
1410 1697 1500 1749 καὶ
1519 1692 1625 1763 ἐγώ
1645 1690 1800 1747 ταῦτ’

137 1774 320 1843 εἶπον,
353 1773 537 1829 ούκέτι
550 1771 782 1844 ἡσυχίαν
801 1769 965 1845 ἦγεν,
988 1773 1125 1831 ἄλλα
1150 1779 1458 1845 συστρέψας
1476 1775 1677 1830 ἑαυτὸν
1701 1772 1806 1837 ὥς-

135 1877 238 1924 περ
255 1861 460 1926 θηρίον
479 1849 615 1925 ἧκεν
635 1855 726 1924 ἐφ’
747 1856 888 1926 ἡμᾶς
909 1879 980 1920 ως
1000 1857 1454 1927 διαρπασόμενος.
1502 1857 1593 1910 καὶ
1618 1854 1726 1923 ἐγώ
1748 1875 1806 1908 τε
1848 1879 1857 1887 f

134 1940 225 1992 καὶ
262 1935 290 1991 ὁ
319 1941 671 2006 Πολέμαρχος
706 1939 982 2001 δείσαντες
1017 1939 1420 2008 διεπτοήθημεν
1434 1959 1445 1968 ·
1487 1935 1517 1991 ὁ
1554 1934 1610 1991 δ’
1642 1941 1716 1999 εἰς
1743 1937 1802 1990 τὸ

78 2029 111 2070 G
139 2020 310 2088 μέσον
333 2016 714 2086 φθεγξάμενος
739 2022 857 2085 Τίς,
888 2021 1019 2087 ἔφη,
1050 2015 1192 2087 ἡμᾶς
1210 2017 1377 2072 πάλαι
1410 2022 1652 2087 φλυαρία
1680 2020 1804 2086 ἔχει,

139 2093 183 2153 ὦ
205 2098 521 2168 Σώκρατες;
542 2100 633 2152 καὶ
651 2103 706 2153 τί
721 2097 1046 2168 εὐηθίζεσθε
1064 2098 1201 2167 πρὸς
1226 2096 1494 2169 ἀλλήλους
1518 2096 1803 2152 ὑποκατα-

281 2178 292 2195 ,
489 2175 502 2195 e
682 2175 1057 2202 ‚‚‚‚‚
1205 2176 1219 2195 ς
1288 2177 1300 2196 ,
1442 2187 1464 2196 ,
1605 2177 1617 2192 ,

0 2259 20 2269 χ
43 2286 64 2301 “x
137 2264 289 2316 δέναι
307 2260 370 2315 τὸ
393 2264 607 2314 δίκαιον
636 2258 667 2314 ὅ
697 2282 748 2314 τι
767 2263 907 2326 ἐστί,
941 2281 1014 2329 μη
1039 2260 1216 2329 μόνον
1234 2260 1409 2330 ἐρώτα
1436 2260 1571 2331 μηδὲ
1591 2267 1805 2329 φιλοτι-

135 2349 246 2412 μοῦ
264 2344 524 2411 ἐλέγχων,
546 2341 771 2396 ἐπειδάν
788 2346 867 2405 τίς
884 2364 935 2396 τι
953 2340 1330 2412 ἀποκρίνηται,
1351 2339 1603 2411 ἐγνωκώς
1621 2348 1803 2407 τοῦτο,

135 2421 216 2479 ὅτι
246 2425 386 2495 ῥᾷον
416 2424 629 2493 ἐρωτᾷν
657 2418 693 2491 ἢ
713 2421 1140 2492 άποκρίνεσθαι,
1179 2421 1318 2478 ἀλλὰ
1347 2425 1439 2477 καὶ
1468 2419 1634 2484 αὐτὸς
1662 2419 1805 2475 ἀπό-

70 2521 105 2562 D
138 2524 323 2572 κριναι
340 2505 433 2557 καὶ
454 2505 573 2557 εἰπέ
585 2543 600 2571 ,
619 2508 675 2557 τί
690 2502 799 2573 φῂς
818 2502 956 2557 εἶναι
975 2503 1035 2557 τὸ
1059 2507 1297 2557 δίκαιον·
1336 2503 1428 2557 καὶ
1449 2500 1598 2564 ὅπως
1617 2523 1710 2570 μοι
1729 2499 1803 2570 μὴ

133 2586 300 2655 ἐρεῖς,
339 2582 427 2638 ὅτι
445 2581 506 2638 τὸ
529 2586 659 2638 δέον
677 2585 787 2638 ἐστὶ
807 2582 940 2653 μηδ’
971 2585 1054 2638 ὅτι
1072 2583 1132 2638 τὸ
1161 2582 1437 2652 ὠφέλιμον
1466 2582 1597 2653 μηδ’
1628 2580 1712 2635 ὅτι
1739 2580 1800 2636 τό

132 2670 460 2720 λυσιτελοῦν
484 2662 611 2734 μηδ’
646 2662 731 2718 ὅτι
758 2664 819 2718 τὸ
840 2666 1140 2732 κερδαλέον
1158 2661 1285 2734 μηδ’
1317 2663 1402 2718 ὅτι
1423 2661 1482 2717 τὸ
1503 2660 1801 2732 ξυμφέρον,

132 2742 270 2799 άλλά
305 2752 495 2813 σαφῶς
524 2767 616 2815 μοι
642 2746 733 2800 καὶ
757 2743 998 2815 άκριβῶς
1015 2748 1137 2814 λέγε
1158 2744 1190 2799 ὅ
1217 2767 1268 2799 τι
1285 2741 1355 2798 ἂν
1377 2745 1536 2814 λέγῃς
1551 2762 1561 2772 ·
1604 2740 1676 2805 ὥς
1695 2742 1800 2810 ἐγώ

131 2824 236 2880 οὐκ
257 2822 618 2895 ἀποδέξομαι,
655 2826 752 2881 ἐὰν
785 2825 999 2890 ὕθλους
1024 2825 1307 2888 τοιούτους
1339 2827 1513 2894 λέγῃς,
1571 2825 1658 2876 καὶ
1695 2819 1798 2891 ἐγώ
