1962 3236
253 199 354 252 188
868 201 1343 249 ΠΛΑΊΩΝΟΣ
1789 160 1802 166 ς
1878 0 1962 266 ³¹

253 333 360 406 ἄρα
389 337 534 390 ἐστὶν
571 333 865 402 ἀδύνατον,
898 331 1002 402 ἐγώ
1033 331 1134 402 μὲν
1170 329 1370 387 οὐδένα
1408 337 1704 404 φημὶέχειν
1738 310 1918 403 λόγοῖἷ

254 414 400 471 οὕτω
436 412 542 484 γὰρ
581 411 654 468 ἂν
687 411 841 483 ἡμεῖς
887 416 1108 478 δικαίως
1149 414 1607 486 καταγελώμεθα,
1642 412 1713 478 ὡς
1748 413 1924 477 ἄλλως
1958 475 1962 481 ¹

253 495 435 565 εὐχαῖς
460 493 623 564 ὅμοια
654 497 917 563 λέγοντες.
957 489 992 564 ἢ
1022 491 1122 563 οὐχ
1154 492 1357 558 οὕτως;
1397 493 1605 558 Οὕτως.
1640 499 1713 549 Εἰ
1734 498 1922 548 τοίνυν
1951 506 1962 537 ἒ

252 574 443 643 α’κροις
463 580 540 639 εἰς
568 579 907 644 φιλοσοφίαν
936 573 1146 639 πόλεως
1173 597 1252 638 τις
1281 597 1495 646 αναγκη
1525 577 1925 645 ἐπιμεληθῆναι

251 657 535 725 η’γέγονεν
568 658 630 710 ἐν
651 661 730 728 τῷ
763 652 968 728 απείρςο
1007 662 1083 727 τῷ
1113 656 1523 727 παρεληλυθότι
1554 654 1734 726 χρόνῳ
1764 649 1799 723 ἦ
1837 654 1926 707 καὶ

252 741 362 790 νῦν
382 739 569 791 ε”στιν
550 739 610 790 έν
629 757 737 790 τινι
754 741 1078 831 βαρβαρικῷ
1095 736 1262 810 τόπῳ,
1284 735 1473 808 πόρρω
1504 756 1614 791 που
1633 731 1786 798 ἐκτὸς
1806 732 1926 789 ὄντι

191 824 226 865 D
258 821 353 886 τῆς
372 813 633 887 ἡμετέρας
650 811 965 883 ἐπόψεως,
939 814 976 885 η’
1006 817 1093 870 καὶ
1116 819 1297 870 ἔπειτα
1316 814 1619 886 γενήσεται,
1648 818 1770 886 περὶ
1793 814 1926 869 τού-

251 917 351 951 του
372 898 575 967 ἕτοιμοι
597 902 672 969 τῷ
695 897 840 969 λόγῳ
868 896 1245 966 διαμάχεσθαι,
1278 895 1350 960 ὥς
1367 894 1648 967 γέγονενὴ
1670 898 1926 967 εἰρημένη

252 983 493 1032 πολιτεία
513 980 604 1033 καὶ
623 982 734 1032 ἔστι
752 979 842 1032 καὶ
861 976 1155 1048 γενήσεταί
1166 999 1246 1048 γε,
1268 977 1402 1033 ὅταν
1422 976 1560 1048 αὕτη
1579 975 1611 1048 ἡ
1633 984 1813 1048 μοῦσα
1832 977 1925 1031 πό-

253 1065 389 1122 λεως
409 1056 673 1129 ἐγκρατὴς
692 1059 928 1128 γένηται.
970 1056 1037 1113 οὐ
1066 1057 1174 1128 γὰρ
1195 1059 1465 1124 ἀδύνατος
1492 1063 1770 1129 γενέσθαι,
1802 1055 1923 1113 οὐδ’
1959 1088 1962 1089 ’

249 1135 402 1209 ἡμεῖς
422 1136 670 1193 αδύνατα
690 1139 944 1208 λέγομεν·
981 1138 1185 1209 χαλεπα
1206 1140 1373 1195 δὲκαὶ
1392 1138 1524 1211 παρ’
1545 1137 1702 1212 ἡμων
1724 1136 1926 1209 ὁμολο-
1958 1132 1962 1137 ’

249 1229 437 1288 γεῖται
474 1220 627 1274 Καὶ’
599 1223 735 1288 εμοί,
759 1223 882 1289 ἔφη,
903 1217 1049 1275 οὕτω
1071 1224 1233 1277 δοκεῖ
1275 1226 1399 1284 Τοῖς
1419 1218 1479 1274 δὲ
1505 1226 1743 1288 πολλοῖς,
1776 1214 1848 1288 ἦν
1868 1215 1924 1272 δ’

250 1298 431 1368 ἐγώ,
408 1298 493 1353 ότι
522 1298 625 1354 οὐκ
654 1320 727 1352 αυ
760 1303 924 1369 δοκεῖ,
951 1303 1114 1371 ἐρεῖς;
1141 1301 1310 1371 Ἴσως,
1344 1305 1463 1371 ἔφη.
1498 1304 1559 1355 Ω
1587 1300 1834 1371 μακάριε,
1856 1292 1926 1368 ἦν

100 1447 103 1450 ἢ
190 1392 222 1431 Ε
254 1376 306 1433 δ’
331 1378 456 1449 ἐγώ,
481 1378 554 1450 μὴ
585 1378 734 1432 πάνυ
759 1378 906 1435 οὕτω
935 1403 1047 1436 των
1071 1389 1290 1437 πολλῶν
1313 1380 1622 1451 κατηγόρει,
1645 1377 1766 1435 ἀλλ’
1803 1382 1926 1434 οιάν

248 1481 334 1515 τοι
354 1457 522 1525 δόξαν
543 1461 777 1529 ἕξουσιν,
799 1459 897 1515 ἐὰν
918 1459 1103 1526 αὐτοῖς
1122 1460 1194 1532 μὴ
1218 1468 1550 1532 φιλονεικῶν
1576 1458 1715 1516 ἀλλὰ
1746 1479 1926 1530 παρα-

248 1540 607 1611 μυθούμενος
625 1543 714 1595 καὶ
733 1537 1110 1611 ἀπολυόμενος
1130 1539 1231 1612 τὴν
1249 1549 1344 1612 τῆς
1372 1546 1710 1612 φιλομαθίας
1730 1545 1924 1611 διαβο-

249 1620 356 1692 λὴν
390 1620 681 1692 ἐνδεικνύῃ
713 1619 811 1686 οὕς
838 1624 1012 1691 λέγεις
1051 1621 1181 1693 τοὺς
1215 1622 1578 1692 φιλοσόφους,
1609 1624 1700 1676 καὶ
1721 1624 1926 1690 διορίζῃ

133 1713 220 1759 500
250 1701 435 1773 ὥσπερ
456 1703 579 1771 ἄρτι
597 1703 699 1773 τήν
719 1724 778 1757 τε
801 1704 973 1773 φύσιν
991 1701 1182 1758 αὐτῶν.
1195 1705 1285 1759 καὶ
1311 1702 1413 1773 τὴν
1441 1702 1802 1774 ἐπιτήδευσιν,
1834 1705 1924 1756 ἵνα

248 1782 322 1854 μὴ
346 1780 594 1853 ἡγῶνταί
609 1798 670 1838 σε
688 1786 865 1852 λέγειν
884 1781 984 1849 οὓς
1011 1782 1167 1839 αὐτοὶ
1199 1792 1424 1840 οἴονται.
1463 1780 1499 1855 ἦ
1531 1785 1621 1839 καὶ
1651 1783 1748 1838 ἐὰν
1779 1780 1924 1836 οὕτω

247 1869 510 1934 θεῶνται,
544 1862 772 1919 ἀλλοίαν
793 1886 850 1919 τε
876 1864 1069 1935 φήσεις
1098 1863 1303 1929 αὐτοὺς
1334 1866 1499 1931 δόξαν
1528 1866 1804 1935 λήψεσθαι
1835 1864 1926 1917 καὶ

248 1943 390 2000 ἄλλα
414 1943 858 2014 ἀποκρινεῖσθαις
896 1942 932 2016 ἢ
964 1953 1067 2001 οἰέι
1094 1944 1216 2000 τινὰ
1245 1952 1594 2016 χαλεπαίνειν
1627 1953 1705 2019 τῷ
1724 1946 1795 2016 μὴ
1827 1967 1926 2014 χα-

248 2021 450 2099 λεπῷῆ
478 2033 718 2096 φθονεῖν
747 2034 826 2096 τῷ
852 2024 925 2097 μὴ
957 2033 1237 2099 φθονερῷ,
1258 2025 1520 2096 ἄφθονόν
1555 2047 1612 2080 τε
1635 2028 1725 2081 καὶ
1746 2032 1926 2095 πρᾶον

251 2105 412 2169 ὅντα;
451 2105 557 2175 ἐγώ
589 2106 691 2175 μὲν
726 2105 832 2176 γὰρ
874 2107 934 2161 σὲ
963 2106 1298 2176 προφθάσας
1326 2109 1483 2175 λέγω,
1515 2105 1599 2160 ὅτι
1631 2109 1692 2161 ἐν
1721 2106 1925 2174 ὀλίγοις

250 2188 391 2241 τισὶν
408 2183 648 2256 ἡγοῦμαι
668 2185 789 2241 ἀλλ’
813 2185 917 2240 οὐκ
937 2190 997 2241 ἐν
1014 2193 1093 2260 τῷ
1112 2187 1315 2257 πλήθει
1332 2186 1574 2256 χαλεπὴν
1593 2185 1738 2241 οὕτω
1753 2186 1925 2256 φύσιν

185 2279 217 2319 Β
248 2271 553 2336 γίγνεσθαι.
596 2267 704 2320 Καὶ
724 2264 828 2335 ἐγώ
849 2263 1052 2336 ἀμέλει,
1085 2272 1207 2337 ἔφη,
1241 2271 1538 2337 ξυνοίομαι.
1582 2265 1809 2322 Οὐκοῦν
1836 2267 1926 2320 καὶ

248 2344 384 2401 αὐτὸ
406 2352 572 2402 τοῦτο
605 2350 826 2414 ξυνοίει,
855 2353 959 2401 τοῦ
983 2354 1230 2416 χαλεπῶς
1261 2346 1400 2419 πρὸς
1431 2352 1769 2418 φιλοσοφίαν
1796 2346 1924 2410 τούς

247 2426 488 2492 πολλοὺς
509 2431 821 2482 διακεῖσθαι
843 2429 1086 2492 ἐκείνους
1107 2433 1312 2493 αἰτίους
1330 2427 1470 2484 εἶναι
1485 2428 1613 2493 τοὺς
1626 2431 1834 2493 ἔξωθεν
1855 2426 1924 2480 οὐ

246 2514 532 2580 προσῆκον
560 2508 1113 2579 ἐπεισκεκωμακότας,
1146 2514 1607 2581 λοιδορουμένους
1644 2532 1702 2565 τε
1738 2506 1923 2571 αὐτοῖς

244 2591 337 2645 καὶ
373 2589 875 2661 φιλαπεχθημόνως
910 2594 1131 2660 ἔχοντας
1177 2593 1266 2645 καὶ
1306 2589 1388 2645 ἀεὶ
1434 2594 1557 2661 περὶ
1605 2587 1923 2657 ἀνθρώπων

243 2669 375 2735 τοὺς
392 2671 593 2741 λόγους
612 2673 995 2741 ποιουμένους,
1016 2671 1210 2742 ἥκιστα
1233 2678 1534 2744 φιλοσοφίᾳ
1559 2675 1769 2739 πρέπον
1800 2688 1920 2722 ποι-

245 2756 475 2817 οῦντας;
506 2751 664 2806 Πολύ
685 2750 759 2821 γ’,
782 2755 901 2822 ἔφη.

382 2835 512 2885 XIII.
554 2831 702 2888 Οὐδὲ
722 2834 828 2902 γάρ
860 2854 986 2902 που,
1019 2828 1064 2888 οἷ
1095 2832 1423 2903 Ἀδείμαντε,
1456 2830 1619 2901 σχολὴ
1651 2837 1727 2903 τῷ
1756 2852 1815 2899 γε
1850 2828 1921 2894 ὥς
