1962 3236
607 186 1092 237 ΠΟΛΙΤΕΙΑΣ
1115 177 1174 247 φ’.
1659 180 1728 233 73

51 328 402 395 ἐπεδείξαμεν
416 322 525 419 γάρ
546 341 686 391 που,
721 317 807 375 ὅτι
837 321 898 374 ἐκ
927 321 1082 372 θεῶν
1099 314 1242 372 κακὰ
1271 319 1568 386 γίγνεσθαι
1585 311 1745 370 ἁδύ--

53 428 237 462 νατον.
294 411 424 470 Πῶς
442 401 552 475 γὰρ
570 401 669 467 οὕς
705 402 815 457 Καὶ
834 397 945 472 μὴν
962 410 1074 464 τοῖς
1091 419 1155 469 γε
1175 396 1445 454 ἀκούουσι
1463 397 1728 470 βλαβεροί·

54 494 162 554 πᾶς
181 485 290 558 γὰρ
326 487 504 558 ἑαντω
535 482 871 553 ξυγγνώμην
893 483 1000 548 ἕξει
1031 486 1186 556 κακῷ
1204 479 1351 551 ὄντι,
1389 479 1636 543 πεισθεὶς
1655 475 1730 543 ὥς

55 569 164 638 ἄρα
192 573 420 623 τοιαῦτα
448 562 759 662 πράττουσί
780 583 838 616 τε
863 562 957 617 καὶ
993 565 1264 632 ἔπραττον
1281 561 1374 616 καὶ
1392 563 1449 616 οἱ
1461 565 1616 616 θεων
1635 557 1727 630 ἀγ·

55 656 329 720 κίσποοοι,
367 643 548 717 Ζηνὸς
565 642 745 714 ἐγγύς,

586 717 668 779 ὦν
699 719 812 778 κατ’
830 719 1027 778 Ἰδαῖον
1045 723 1228 794 πάγον

330 805 471 873 Διὸς
482 805 752 905 πατρικίου
771 802 960 876 βωμός
978 801 1088 859 ἐστ’
1111 806 1172 858 ἐν
1193 805 1394 875 αὐθέρι,

328 890 421 945 καὶ
439 909 509 944 ου
530 886 621 943 ποί
638 902 773 958 σφω)
792 888 1038 956 ἐξίτηλον
1056 880 1188 955 αἷμα
1208 883 1508 955 δαιμόνων.

56 967 138 1029 ὦν
157 973 322 1027 ἕνεκα
343 972 621 1026 παυστέον
638 967 769 1032 τοὺς
787 966 1075 1031 τοιούτους
1093 966 1333 1037 μύθους,
1356 964 1429 1037 μὴ
1449 963 1583 1037 ἡμῖν
1602 972 1729 1021 πολ-

56 1053 162 1125 λὴν
182 1052 462 1125 εὐχέρειαν
479 1055 766 1108 ἐντίκτωσι
782 1060 896 1114 τοῖς
913 1052 1058 1113 νέοις
1069 1054 1350 1119 πονηρίας.
1386 1050 1605 1120 Κομιδιῇ
1623 1047 1726 1118 μὲν
1760 1059 1850 1107 392

56 1131 180 1205 οὖν,
197 1141 319 1206 ἔφη.
365 1139 435 1189 Τί
453 1127 575 1201 οὖν,
605 1126 678 1204 ἦν
697 1130 744 1188 δ’
768 1131 902 1202 ἐγώ,
931 1134 1007 1185 ἔτι
1027 1128 1224 1185 λοιπὸν
1241 1128 1384 1195 εἶδος
1403 1129 1588 1200 λόγων
1606 1133 1733 1200 πέρι

57 1214 394 1286 ὁριζομένοις
406 1217 558 1277 οἵους
574 1234 633 1268 τε
652 1214 876 1267 λεκτέον
892 1213 984 1266 καὶ
993 1211 1067 1281 μή
1081 1234 1094 1275 ;
1114 1211 1240 1281 περὶ
1256 1209 1365 1282 γὰρ
1384 1216 1540 1266 θεῶν
1556 1206 1631 1274 ὥς
1651 1212 1739 1265 δεῖ

55 1300 318 1367 λέγεσθαι
348 1303 587 1366 εἴρηται,
624 1294 715 1349 καὶ
741 1294 866 1363 περὶ
890 1290 1174 1362 δαιμόνων
1200 1311 1259 1345 τε
1292 1292 1385 1346 καὶ
1419 1288 1624 1362 ἡρώων
1642 1291 1734 1346 καὶ

55 1385 167 1434 τῶν
186 1376 460 1434 έν”Αιδου.
511 1375 677 1432 Πάνυ
696 1374 797 1446 μὲν
816 1367 937 1429 οὖν.
1001 1371 1232 1428 Οὐκοῦν
1250 1373 1343 1428 καὶ
1363 1374 1487 1443 περὶ
1511 1370 1733 1443 ἀνθρώ-

57 1480 180 1518 πων
197 1457 259 1515 τὸ
279 1456 479 1516 λοιπὸν
500 1466 582 1529 εἴη
603 1456 700 1522 ἅν;
741 1461 902 1526 Δῆλα
932 1454 1018 1525 δή.
1069 1452 1372 1510 Ἀδύνατον
1392 1452 1478 1525 δή,
1520 1448 1566 1508 ὦ
1588 1459 1732 1524 φίλε,

55 1542 188 1615 ἡμῖν
224 1541 389 1598 τοῦτό
421 1562 485 1611 γε
521 1542 580 1596 ἐν
617 1546 693 1616 τζῦ
709 1538 944 1608 παρόντι
969 1537 1141 1603 τάξαι,
1219 1542 1378 1604 Πως;
1426 1534 1546 1592 Ότι
1585 1533 1735 1606 οἶμαι

55 1623 198 1697 ἡμᾶς
227 1627 389 1694 ἐρεῖν,
429 1644 503 1686 ως
532 1620 641 1691 ἄρα
667 1622 758 1676 καὶ
779 1623 998 1691 ποιηταὶ
1022 1620 1115 1675 καὶ
1138 1620 1422 1690 λογοποιοὶ
1441 1638 1625 1681 κακως
1645 1617 1736 1671 λέ-

56 1723 219 1778 γουσι
238 1707 363 1773 περὶ
378 1702 702 1774 ἀνθρώπων
713 1700 778 1758 τὰ
799 1700 1088 1773 μέγιστα,’
1054 1722 1141 1757 οτι
1157 1703 1295 1758 εἰσὶν
1313 1698 1496 1756 ἄδικοι
1513 1702 1633 1770 μέν,
1650 1696 1734 1754 εύ·
1766 1711 1801 1753 Β

59 1794 316 1860 δαίμονες
349 1786 407 1842 δὲ
427 1793 647 1856 πολλοί,
685 1790 885 1841 δίκαιοι
916 1784 974 1840 δε
995 1783 1210 1855 ἄθλιοι,
1244 1785 1336 1839 καὶ
1357 1805 1438 1847 ως
1463 1787 1741 1838 λυσιτελει

58 1869 119 1925 τὸ
140 1867 378 1938 ἀδικεῖν,
414 1866 513 1923 ἐὰν
529 1867 809 1940 λανθάνῃ,
838 1865 872 1938 ἡ
894 1867 953 1922 δὲ
974 1865 1299 1936 δικαιοσύνη
1321 1862 1615 1939 ἀλλότριον
1634 1862 1736 1933 μὲν

59 1949 311 2020 ἀγαθόν,
349 1952 520 2004 οἰκεία
542 1950 602 2004 δὲ
620 1952 778 2018 ζημία
792 1970 802 1980 ·
841 1946 1016 2002 καὶτὰ
1037 1950 1137 2018 μὲν
1161 1951 1388 2002 τοιαῦτα
1407 1941 1636 2016 ἀπερεῖν
1656 1944 1735 1999 λέ·

58 2054 207 2103 γειν,
239 2027 306 2085 τὰ
331 2026 377 2085 δ’
399 2032 621 2085 ἐναντία
639 2029 853 2084 τούτων
874 2028 1204 2098 προστάξειν
1235 2026 1391 2101 ᾅδειν
1425 2047 1483 2082 τε
1518 2026 1609 2082 καὶ
1629 2047 1738 2096 μυ-

62 2119 348 2182 θολογεῖν·
389 2107 425 2181 ἦ
447 2108 551 2166 οὐκ
571 2113 703 2177 olm
741 2103 827 2165 Εὖ
855 2112 956 2180 μὲν
987 2103 1115 2178 οὖν,
1138 2113 1274 2180 ἔφη,
1311 2107 1448 2164 οἶδα.
1509 2104 1738 2163 Οὐκοῦν

61 2191 160 2248 ἐὰν
179 2191 451 2263 ὁμολογῇς
480 2189 668 2262 ὀρθῶς
697 2212 764 2262 με
783 2193 993 2261 λέγειν,
1031 2189 1194 2260 φήσω
1229 2207 1289 2244 σε
1325 2186 1739 2260 ὡμολογηκέναι

61 2270 96 2326 ἃ
116 2273 286 2328 πάλαι
305 2276 601 2343 ζητοῦμεν;
619 2270 857 2341 Ὀρθῶς,
880 2274 1005 2341 ἔφη,
1032 2268 1318 2342 ὑπέλαβες.
1367 2267 1597 2325 Οὐκοῦν
1616 2271 1738 2337 περὶ
1775 2283 1805 2326 c

62 2350 381 2421 ἀνθρώπων
409 2351 494 2408 ὅτι
516 2351 804 2417 τοιούτους
833 2355 922 2407 δεῖ
933 2351 1135 2422 λόγους
1153 2353 1440 2422 λέγεσθαι,
1477 2350 1601 2408 τότε
1632 2353 1738 2405 διο-

62 2432 505 2504 μολογησόμεθα,
544 2432 680 2488 ὅταν
700 2430 968 2504 εὕρωμεν,
990 2427 1113 2488 οἷόν
1134 2434 1247 2488 ἐστι
1268 2433 1614 2503 δικαιοσύνη,
1649 2433 1740 2486 καὶ

66 2513 142 2579 ὥς
182 2513 350 2583 φύσει
385 2521 713 2570 λυσιτελοῦν
749 2521 826 2588 τῷ
850 2519 1058 2585 ἔχοντι,
1096 2513 1194 2570 ἐάν
1224 2536 1282 2570 τε
1316 2518 1452 2587 δοκῇ
1472 2513 1645 2570 ἐάντε
1664 2509 1737 2582 μὴ

63 2602 312 2660 τοιοῦτος
332 2592 500 2661 alvan
538 2591 934 2665 Ἀληθέστατα,
970 2599 1092 2666 ἔφη.

204 2682 284 2733 v1.
326 2676 406 2734 Τὰ
426 2679 528 2749 μὲν
547 2675 614 2748 δὴ
635 2678 822 2748 λόγων
841 2682 964 2746 πέρι
982 2680 1145 2749 ἐχέτω
1165 2681 1345 2749 τέλος,
1366 2674 1426 2733 τὸ
1451 2679 1510 2733 δὲ
1528 2679 1741 2746 λέξεως,

65 2760 136 2827 ὡς
155 2755 388 2837 ἐγωμαι,
433 2757 568 2830 μετὰ
589 2767 753 2815 τοῦτο
774 2762 1064 2831 σκεπτέον,
1103 2762 1194 2815 καὶ
1221 2757 1354 2831 ἡμῖν
1372 2756 1408 2814 ἅ
1433 2781 1491 2815 τε
1519 2759 1743 2816 λεκτέον

63 2846 153 2898 καὶ
186 2841 259 2907 ὥς
295 2844 517 2898 λεκτέον
550 2848 829 2906 παντελως
859 2842 1155 2905 ἐσκέψεται.
1212 2838 1357 2896 καὶὸ
1380 2839 1742 2913 Ἀδείμαντος,
