1962 3236
232 147 336 198 362
845 143 1201 191 ΠΛΑΤΩΝ
1220 145 1324 191 ΟΣ
1850 151 1908 192 44

234 286 444 352 μᾶλλον
465 275 536 334 ἂν
553 277 726 349 ταύτῃ
744 275 874 340 στὰς
895 273 1117 338 εἰκότως
1135 273 1478 345 διαπορήσαι.
1512 272 1573 329 τὸ
1594 276 1695 345 μὲν
1714 270 1819 330 οὖν
1839 277 1905 346 δὴ

236 359 367 430 παρ’
400 359 559 431 ἡμῶν
589 360 686 413 ἕνα
718 354 891 412 αὐτὸν
918 356 1058 411 κατὰ
1087 354 1188 411 τὸν
1217 355 1400 410 εἰκότα
1423 354 1595 425 λόγον
1623 356 1906 426 πεφυκότα

235 442 435 514 μηνύει
455 439 647 511 [θεός],
669 438 832 503 ἄλλος
852 440 910 493 δὲ
930 442 1004 501 εἰς
1022 436 1160 492 ἄλλα
1179 457 1255 508 πῃ
1274 438 1479 507 βλέψας
1496 438 1653 506 ἕτερα
1673 436 1903 502 δοξάσει.

235 526 326 578 καὶ
355 529 556 578 τοῦτον
585 523 686 591 μὲν
715 520 997 590 μεθετέον,
1028 515 1094 571 τὰ
1122 517 1180 573 δὲ
1214 518 1481 587 γεγονότα
1507 524 1616 572 νῦν
1653 523 1731 590 τῷ
1759 515 1905 588 λόγῳ

234 605 365 673 γένη
388 607 749 671 διανείμωμεν
769 604 844 664 εἰς
867 605 978 669 πῦρ
998 601 1087 654 καὶ
1106 603 1213 668 γῆν
1238 601 1328 652 καὶ
1347 597 1501 668 ὕδωρ
1531 599 1620 652 καὶ
1649 596 1797 665 ἀέρα.
1834 603 1906 668 γῇ

235 684 334 755 μὲν
367 682 431 754 δὴ
470 684 530 738 τό
569 680 803 753 κυβικὸν
832 678 975 745 εἶδος
1014 685 1222 750 δῶμεν·
1271 678 1629 750 ἄκινητοτάτη
1659 677 1764 749 γὰρ
1795 685 1908 733 τῶν

171 772 203 811 Ε
236 765 512 836 τεττάρων
530 769 712 834 γενῶν
729 768 798 833 γῆ
818 763 1041 818 καὶτῶν
1062 762 1331 832 σωμάτων
1350 762 1778 831 πλαστικωτάτη,
1800 762 1908 831 μά-

235 855 391 903 λιστα
412 849 470 902 δὲ
492 843 707 916 ἀνάγκη
727 847 1013 914 γεγονέναι
1031 850 1286 898 τοιοῦτον
1313 841 1373 897 τὸ
1403 842 1498 907 τὰς
1518 843 1703 913 βάσεις
1721 841 1905 911 άσφα-

235 926 494 990 λεστάτας
514 919 666 995 ἕχον·
703 923 862 996 βάσις
893 925 950 979 δὲ
980 923 1017 993 ἥ
1046 945 1103 978 τε
1131 930 1243 978 τῶν
1271 922 1390 978 κατ’
1426 922 1591 993 ἀρχὰς
1620 923 1907 992 τριγώνων

237 1007 624 1063 ὑποτεθέντων
645 1004 1024 1075 ἀσφαλεστέρα
1037 1003 1174 1059 κατὰ
1194 1003 1384 1074 φύσιν,
1404 1002 1438 1074 ἡ·
1461 1009 1571 1058 τῶν
1591 1011 1726 1058 ἴσων
1745 1010 1907 1058 πλευ-

239 1095 372 1159 ραῖν,
395 1094 489 1158 τῆς
507 1093 619 1142 τῶν
639 1084 864 1154 άνίσων,
893 1085 956 1139 τό
977 1106 1034 1139 τε
1055 1087 1109 1151 ἐξ
1139 1086 1399 1154 ἑκατέρου
1429 1084 1693 1149 ξυντεθὲν
1723 1086 1909 1139 ἐπίπε-

236 1174 338 1225 δον
357 1168 691 1239 ἰσόπλευρον
711 1164 1063 1235 ἰσοπλεύρου,
1088 1165 1452 1265 τετράγωνον
1460 1164 1752 1234 τριγώνου,
1772 1163 1910 1219 κατά

233 1272 294 1305 τε
313 1253 448 1321 μέρη
470 1251 560 1305 καὶ
580 1246 710 1304 καθ’
734 1246 867 1303 ὅλον
898 1247 1307 1315 στασιμωτέρως
1335 1248 1388 1310 ἐξ
1419 1243 1662 1315 άνάγκης
1692 1246 1907 1315 βέβηκε.

151 1337 209 1382 56
244 1329 326 1387 διὸ
351 1338 424 1402 γῇ
450 1352 552 1400 μεν
569 1335 730 1384 τοῦτο
756 1327 1122 1397 ἀπονέμοντες
1140 1324 1238 1381 τὸν
1259 1325 1440 1381 εἰκότα
1460 1326 1629 1394 λόγον
1650 1324 1912 1390 διασωζο-

236 1434 355 1483 μεν,
377 1410 539 1465 ὕδατι
559 1409 612 1465 δ’
638 1431 711 1464 αυ
729 1431 841 1464 των
858 1413 1068 1463 λοιπων
1086 1409 1146 1462 τὸ
1170 1405 1632 1477 δυσκινητότατον
1657 1406 1815 1476 εἶδος,
1845 1399 1906 1460 τό

238 1491 289 1548 δ’
311 1490 733 1562 εὐκινητότατον
751 1495 901 1558 πυρί,
931 1487 991 1543 τὸ
1014 1488 1072 1543 δε
1091 1492 1261 1559 μέσον
1279 1486 1420 1558 ἀέρι·
1456 1488 1546 1542 καὶ
1574 1487 1634 1542 τό
1664 1510 1766 1558 μεν
1784 1505 1909 1557 σμι-

236 1573 509 1642 κρότατον
525 1578 681 1641 σωμα
699 1576 848 1640 πυρί,
869 1592 928 1625 το
914 1568 994 1624 δ’
1014 1572 1086 1624 αὐ
1108 1571 1364 1639 μέγιστον
1383 1567 1559 1638 ὕδατι,
1581 1566 1640 1623 τὸ
1666 1571 1724 1623 δὲ
1742 1571 1912 1638 μέσον

238 1653 377 1725 άέρι·
418 1655 509 1708 καὶ
527 1650 586 1707 τὸ
620 1675 722 1722 μεν
750 1650 1014 1717 ὀξύτατον
1034 1653 1106 1705 αὐ
1129 1655 1279 1720 πυρί,
1310 1649 1369 1705 τὸ
1398 1650 1456 1705 δε
1486 1648 1746 1717 δεύτερον
1775 1647 1911 1717 άέρι,

239 1734 300 1790 τὸ
324 1737 383 1789 δὲ
402 1739 588 1803 τρίτον
607 1732 781 1788 ὕδατι.
820 1730 975 1787 ταῦτ’
999 1726 1105 1787 οὗν
1126 1729 1192 1801 δὴ
1215 1731 1412 1799 πάντα,
1444 1728 1506 1785 τὸ
1528 1731 1628 1800 μὲν
1649 1734 1774 1799 ἔχον
1794 1727 1908 1784 ὀλι-

179 1831 212 1871 Β
243 1821 430 1886 γίστας
457 1815 643 1886 βάσεις
673 1811 1092 1884 εύκινητότατον
1118 1810 1330 1883 ἀνάγκη
1364 1813 1687 1881 πεφυκέναι,
1724 1831 1913 1880 τμητι-

241 1895 490 1952 κωτατόν
519 1917 576 1950 τε
607 1896 698 1950 καὶ
726 1893 990 1960 ὀξύτατον
1018 1890 1086 1949 ὂν
1108 1893 1287 1964 πάντη
1317 1891 1561 1961 πάντων,
1593 1897 1671 1947 ἔτι
1697 1913 1754 1946 τε
1785 1893 1911 1945 έλα-

239 1977 532 2049 φρότατον,
555 1979 607 2042 ἐξ
627 1974 917 2045 ὀλιγίστων
936 1974 1192 2041 ξυνεστός
1212 1980 1324 2029 τῶν
1343 1971 1527 2027 αὐτῶν
1543 1978 1750 2043 μερῶν·
1771 1970 1831 2025 τὸ
1856 1971 1914 2024 δὲ

243 2061 506 2129 δεύτερον
527 2060 792 2127 δευτέρως
811 2058 876 2111 τα
907 2054 1045 2111 αὐτὰ
1063 2054 1219 2110 ταῦτ’
1244 2059 1401 2124 ἔχειν,
1424 2057 1615 2123 τρίτως
1636 2051 1694 2106 δὲ
1713 2052 1772 2105 τὸ
1794 2057 1912 2119 τρί-

239 2161 360 2195 τον·
393 2143 530 2194 ἔστω
551 2136 617 2207 δὴ
638 2136 777 2192 κατὰ
796 2134 895 2191 τὸν
921 2134 1103 2206 ὀρθὸν
1121 2134 1291 2203 λόγον
1315 2135 1406 2188 καὶ
1434 2130 1572 2187 κατὰ
1601 2130 1699 2186 τὸν
1728 2131 1911 2186 εἰκότα

239 2218 300 2274 τὸ
322 2219 424 2289 μὲν
441 2227 536 2288 τῆς
563 2220 872 2287 πυραμίδος
890 2218 1117 2286 στερεὸν
1139 2212 1366 2285 γεγονὸς
1387 2212 1529 2277 εἶδος
1557 2211 1732 2282 πυρὸς
1762 2228 1912 2267 στοι-

240 2307 392 2370 χεῖον
414 2301 505 2354 καὶ
525 2302 765 2369 σπέρμα·
802 2296 862 2353 τὸ
896 2298 954 2353 δὲ
983 2295 1243 2366 δεύτερον
1266 2293 1403 2350 κατὰ
1434 2297 1651 2364 γένεσιν
1678 2300 1917 2363 εἴπωμεν

244 2379 420 2450 άέρος,
441 2379 501 2436 τὸ
523 2383 582 2435 δὲ
600 2384 785 2450 τρίτον
808 2377 1020 2443 ὕδατος.
1061 2379 1240 2433 πάντα
1270 2371 1374 2432 οὖν
1402 2375 1465 2446 δή
1491 2382 1661 2430 ταῦτα
1684 2378 1770 2429 δεῖ
1793 2378 1913 2429 δια-

185 2471 215 2513 C
245 2469 498 2516 νοεῖσθαι
519 2458 720 2531 σμικροὶ
742 2457 935 2529 οὕτως,
956 2456 1030 2524 ὡς
1053 2453 1187 2514 καθ’
1212 2461 1274 2514 ἓν
1302 2459 1533 2512 ἕκαστον
1561 2456 1663 2526 μὲν
1690 2461 1790 2510 τοῦ
1819 2458 1915 2524 γέ-

243 2563 377 2606 νους
395 2541 629 2597 ἑκάστου
649 2539 738 2595 διὰ
759 2540 1090 2610 σμικρότητα
1122 2538 1285 2594 οὐδὲν
1313 2536 1598 2609 ὁρώμενον
1616 2535 1714 2607 ὑφ’
1739 2533 1914 2607 ἡμῶν,

245 2625 772 2690 ξυναθροισθέντων
784 2621 844 2676 δὲ
853 2617 1215 2684 πολλῶντοὺς
1235 2618 1436 2688 ὄγκους
1454 2615 1639 2672 αὐτῶν
1657 2613 1913 2686 ὁρᾶσθαι·

244 2706 334 2757 καὶ
354 2703 419 2773 δὴ
440 2706 530 2758 καὶ
549 2725 609 2758 το
631 2709 743 2758 τῶν
761 2701 1074 2772 ἀναλογιῶν
1094 2706 1222 2771 περί
1239 2722 1296 2755 τε
1316 2700 1382 2755 τὰ
1402 2698 1588 2769 πλήθη
1607 2695 1813 2762 καὶτὰς
1832 2719 1918 2751 κι-

244 2785 427 2854 νήσεις
445 2786 537 2840 καὶ
565 2783 662 2849 τὰς
680 2783 847 2849 ἄλλας
868 2783 1126 2854 δυνάμεις
1144 2788 1391 2853 πανταχῇ
1410 2779 1506 2836 τὸν
1524 2776 1680 2850 θεόν,
1702 2777 1917 2851 ὅπῃπερ
