1962 3236
740 175 1136 218 PRAEFATIO.
1708 189 1833 220 xxvn

37 304 118 347 pro
146 283 447 344 ἐξαγαγόντες
478 298 520 330 et
548 278 669 330 κᾶτα
698 286 956 343 δρέψαντες
991 290 1291 345 amplecterer,
1330 302 1570 342 quanquam
1601 290 1716 332 haud
1744 295 1832 334 scio

37 361 92 390 an
119 350 252 403 priori
282 349 376 390 loco
408 348 548 401 aptius
601 343 906 398 υνδυᾶζοντες
937 349 1202 403 conjecerim.

155 463 204 503 In
233 463 438 517 epitome,
468 474 576 514 qnae
603 461 767 503 'nmaet
795 462 916 503 Locri
944 475 1095 503 nomen
1125 463 1351 510 mentitur,
1379 462 1576 513 quoniam
1604 463 1697 505 Par.
1732 465 1832 504 sub-

35 520 149 563 sidio
179 532 391 569 caremus,
431 519 626 560 omnibus
655 520 735 560 rite
765 521 987 573 pensitatis
1015 520 1264 574 plerumque
1303 519 1359 559 ad
1390 519 1499 563 Ven.
1530 517 1576 563 Ξ
1603 519 1743 561 redire
1771 522 1832 560 vi-

35 589 132 619 sum
162 584 249 627 est,
278 577 483 618 adhibitis
505 576 693 618 secundo
721 577 812 618 loco
834 576 1038 618 Parisinis
1069 578 1100 618 I
1126 584 1168 619 et
1194 576 1267 627 M,
1300 576 1455 628 quibus
1492 577 1619 617 etiam
1647 577 1688 619 J.
1712 577 1750 619 J.
1781 578 1834 618 de

36 632 195 676 Gelder
216 635 258 675 iu
284 633 469 675 editione
486 634 764 688 Lugdunensi
796 633 909 676 1836
939 647 1024 675 non
1050 636 1142 675 sine
1171 635 1311 676 fructu
1340 645 1445 674 usus
1474 639 1558 682 est;
1591 635 1664 686 qui
1692 640 1833 676 tamen

36 692 154 743 quod
173 691 345 733 eosdem
371 690 504 732 literis
527 691 562 732 B
585 698 627 731 et
651 690 683 732 G
710 692 946 746 insignivit,
977 693 1110 745 probe
1138 692 1395 733 monendum
1425 699 1503 740 est,
1530 703 1583 731 ne
1610 705 1707 732 cum
1727 692 1832 734 Bek-

36 748 223 790 kerianis
253 747 287 790 B
318 755 358 789 et
399 747 431 790 C
470 748 804 798 confundantur,
847 749 1001 800 quibus
1039 750 1119 789 etsi
1159 749 1377 790 Bekkerus
1418 749 1596 789 multum
1635 750 1833 791 tribuisse

37 806 229 854 videtur,
272 807 467 858 equidem
510 819 562 846 ne
597 812 757 847 tantam
795 807 968 858 quidem
1007 812 1208 858 quantam
1237 808 1400 847 Veneto
1443 805 1483 846 Φ
1521 805 1650 847 fidem
1685 806 1830 848 habui.

33 862 96 904 De
132 862 311 904 dialecto
342 871 505 904 tantum
536 875 684 916 presse
714 863 950 906 Bekkerum
979 869 1149 904 secutus
1181 876 1300 911 sunu
1333 863 1453 917 cujus
1489 875 1619 914 quum
1647 863 1832 917 locuple-

32 922 225 962 tissimus
250 920 380 973 hujus
406 923 468 962 rei
496 922 652 962 arbiter
677 921 912 962 Ahrensius
942 921 989 960 T.
1019 921 1070 961 Π.
1100 933 1142 975 p.
1171 922 1227 963 23
1259 932 1400 961 curam
1429 921 1683 973 probaverit,
1715 921 1831 962 nolui

35 979 223 1032 argutari
254 979 295 1018 in
328 978 496 1023 formis.
529 978 581 1019 de
612 979 765 1030 quibus
795 978 912 1019 haud
943 979 1029 1019 scio
1058 991 1112 1019 an
1145 991 1196 1019 ne
1236 978 1319 1031 ipsi
1349 978 1521 1029 quidem
1556 977 1690 1019 libelli
1729 981 1831 1019 scri-

36 1036 149 1090 ptori
180 1035 342 1087 liquido
373 1036 630 1083 constitet-iu
662 1036 848 1088 reliqua,
877 1037 950 1076 ubi
981 1041 1053 1076 aut
1083 1036 1284 1076 librorum
1312 1034 1441 1076 fldem
1461 1041 1534 1075 aut
1562 1036 1832 1088 conjecturae

33 1092 245 1133 medelam
271 1093 478 1146 potiorem
499 1093 648 1138 habui,
680 1092 786 1134 haec
814 1094 903 1135 fere
928 1099 1048 1133 sunt:
1080 1094 1128 1138 P.
1155 1092 1210 1135 93
1235 1094 1275 1134 A
1299 1085 1428 1141 ὄντα,
1461 1092 1576 1144 quod
1606 1106 1659 1134 ex
1687 1091 1833 1135 ΦΒΟιι

34 1149 170 1194 Bekis,
205 1149 381 1202 adiecit.
414 1149 590 1197 sustuli,
622 1156 830 1190 structura
862 1163 1053 1202 quoque,
1081 1158 1126 1190 ut
1154 1151 1330 1203 opinor,
1364 1149 1554 1199 favente,
1588 1162 1698 1201 quae
1725 1161 1832 1190 συν-

34 1207 164 1248 αίτια
193 1207 545 1260 praecedentibus
582 1206 744 1260 copulis
773 1208 828 1248 ad
855 1208 1086 1260 praedicati
1118 1207 1256 1248 locum
1283 1207 1463 1260 deprimi
1494 1219 1620 1261 aegre
1648 1209 1831 1261 patitur;

32 1271 163 1317 utque
192 1276 293 1305 mox
321 1258 395 1305 ἀεὶ
426 1270 523 1318 post
553 1258 680 1317 εἶμεν
710 1265 988 1318 plurimorum
1016 1264 1218 1305 librorum
1242 1276 1452 1305 consensu
1483 1264 1671 1305 oblatum
1696 1265 1832 1306 liben-

33 1330 98 1363 ter
126 1322 298 1375 recepi,
338 1322 396 1362 ita
426 1329 605 1373 quatuor
640 1321 726 1363 illis
764 1335 847 1363 non
876 1334 971 1362 sum
1003 1322 1254 1371 deterritus,
1287 1334 1340 1362 ne
1372 1328 1444 1362 aut
1472 1333 1516 1374 p.
1552 1320 1610 1362 94
1643 1323 1682 1362 Α
1710 1323 1828 1376 vulg.

32 1371 253 1432 ἄμορφον
287 1390 366 1433 pro
406 1372 692 1432 οἷμόρφωτον
726 1392 967 1421 revocarem
1004 1385 1076 1419 aut
1116 1392 1162 1433 p.
1196 1378 1254 1420 94
1283 1379 1316 1419 Β
1355 1370 1452 1419 ἐντὶ
1493 1385 1590 1432 post
1624 1371 1767 1432 οἷρχαὶ
1807 1393 1832 1420 a

33 1438 167 1478 tribus
188 1437 360 1490 optimis
385 1438 721 1479 commendatum
739 1450 817 1491 pro
839 1430 1049 1477 ἐναντίαι
1074 1438 1389 1486 substituerem,
1423 1437 1675 1490 praesertim
1702 1450 1832 1490 quum

34 1494 131 1548 ipsa
160 1493 232 1535 illa
261 1495 498 1549 principia,
542 1497 737 1547 quamvis
770 1496 976 1536 contraria
1013 1495 1121 1535 inter
1150 1507 1197 1535 se
1228 1495 1332 1543 sint,
1362 1502 1504 1534 tamen
1532 1506 1616 1535 non
1646 1494 1727 1536 hoo
1757 1509 1831 1536 no-

34 1553 169 1600 mine,
211 1552 288 1592 sed
329 1553 385 1592 ita
426 1554 568 1606 potius
599 1559 995 1601 commemorentur,
1037 1559 1082 1592 ut
1114 1552 1409 1606 conjunctione
1447 1563 1526 1592 sua
1559 1553 1699 1593 omnia
1737 1553 1830 1594 effl-

34 1610 161 1653 eiant.
195 1631 255 1640 —
290 1610 337 1653 P.
367 1609 426 1650 94
458 1609 489 1650 C
523 1606 599 1650 tal
629 1624 707 1664 pro
737 1606 817 1651 καὶ
849 1607 1105 1661 διακρίσιες
1136 1623 1191 1651 ex
1227 1611 1338 1663 conj.
1374 1609 1528 1663 scripsi
1557 1622 1638 1650 non
1673 1612 1827 1655 minus,

0 1671 2 1694 ἓ
34 1681 60 1707 o
95 1668 212 1713 inor,
254 1668 491 1708 necessaria
520 1681 647 1719 quam
688 1668 797 1709 faciti
842 1669 897 1709 ad
937 1668 1050 1708 idem
1092 1667 1358 1721 exemplum,
1400 1680 1484 1718 quo
1523 1667 1600 1708 inf.
1632 1679 1676 1720 p.
1710 1666 1766 1708 98
1798 1667 1829 1706 B

33 1735 65 1777 μ
90 1736 119 1763 ν
156 1718 235 1763 καὶ
270 1736 352 1777 pro
376 1717 461 1776 μὲν
494 1721 572 1765 ταὶ
608 1727 649 1766 in
683 1727 777 1769 cod,
811 1727 839 1766 Ι
868 1726 1069 1779 scriptum
1102 1733 1189 1774 est;
1227 1738 1327 1765 mox
1359 1732 1500 1764 autem
1530 1721 1712 1776 δέχοιτο
1751 1738 1828 1778 pro

34 1778 246 1847 dignum
262 1781 329 1846 'ad
363 1775 551 1834 σώματα
582 1782 848 1823 referendum
879 1795 933 1823 ex
961 1781 1096 1826 ΞΙΜ
1122 1789 1163 1823 et
1191 1782 1308 1822 Mon.
1330 1781 1367 1821 B
1398 1783 1555 1835 recepi,
1588 1782 1829 1834 ibidemque

49 1851 191 1880 ταντα
222 1837 365 1879 ταλλα
393 1851 467 1892 pro
495 1829 638 1879 τᾶλλα
669 1834 824 1879 πάντα
850 1847 890 1881 et
919 1835 999 1879 καὶ
1029 1846 1125 1880 ante
1154 1832 1452 1891 σφαιροειδὲς
1483 1852 1508 1879 a
1534 1839 1666 1884 Bekk.
1702 1841 1836 1881 omis-

32 1909 128 1939 sum
153 1897 344 1943 restitui:
378 1897 561 1949 denique
581 1891 732 1949 ὁρμᾶν
755 1898 807 1938 ab
834 1896 982 1938 eodem
1011 1910 1064 1937 ex
1091 1895 1211 1938 ΦΒΟ
1233 1899 1274 1938 in
1296 1889 1418 1949 ὁρμᾶ
1438 1903 1642 1937 mutatum
1665 1897 1829 1942 reduxi.

33 1955 133 2007 quia
159 1954 467 1995 substantivum
488 1961 561 1995 ant
586 1955 807 1996 articulum
829 1947 861 1993 ἆ
884 1962 956 1995 aut
979 1954 1299 2007 praecedentem
1324 1954 1512 1994 dativum
1540 1967 1615 2007 pro
1642 1955 1828 2009 genitivo

13 2013 226 2066 ,flagitare
256 2010 488 2054 videbatur.
518 2034 574 2043 —
601 2014 649 2055 P.
675 2012 731 2055 95
754 2011 785 2052 C
811 2003 1077 2052 uoe'voinazw
1099 2024 1177 2065 pro
1208 2001 1299 2051 κᾶν
1325 2005 1468 2051 πάλιν
1498 2010 1701 2053 Gelderus
1730 2025 1826 2053 con-

0 2118 2 2124 ,
29 2070 135 2123 jecit
165 2081 328 2123 egoque
362 2068 539 2111 libenter
562 2071 725 2124 recepi,
758 2082 999 2122 quanquam
1029 2069 1146 2110 haud
1169 2070 1257 2111 scio
1281 2081 1334 2110 an
1356 2068 1482 2110 etiam
1510 2069 1643 2109 lenior
1664 2070 1829 2111 medela

34 2118 271 2180 κᾶμπαλιν
309 2126 456 2173 fuerit:
494 2140 596 2169 mox
628 2135 768 2169 autem
800 2119 1032 2168 οἷπολιπὲν
1065 2128 1208 2181 potius
1238 2140 1365 2179 qnam
1396 2118 1671 2167 ἀπολείπειν
1703 2128 1830 2168 scribi

33 2184 233 2226 librorum
254 2175 506 2225 α’πολιπεῖν
532 2185 818 2227 exhibentium
838 2186 1021 2240 vestigia
1043 2185 1285 2238 jusserunt,
1309 2184 1377 2226 cui
1406 2196 1459 2225 ne
1486 2196 1688 2238 praesens
1719 2184 1830 2238 λαμ-

31 2234 176 2297 eduen·
202 2243 369 2283 obstare
398 2250 547 2296 putes,
579 2243 635 2284 cs.
668 2243 792 2298 Spec.
826 2243 935 2285 Plut.
966 2255 1010 2297 p.
1047 2242 1101 2284 18
1130 2249 1172 2283 et
1199 2242 1373 2287 Weber.
1403 2242 1458 2283 ad
1484 2242 1704 2284 Demosth.
1734 2244 1828 2284 Ari-

30 2305 159 2342 stocr.
224 2333 236 2344 .
261 2298 359 2344 134.
392 2320 450 2330 -·
481 2301 526 2344 P.
560 2299 618 2343 96
648 2301 679 2342 B
709 2289 855 2342 οὖσαν
883 2301 1000 2350 libri,
1030 2292 1178 2340 οὕσοῖν
1204 2298 1329 2349 Bs'r;
1363 2306 1406 2340 at
1435 2300 1599 2353 primus
1628 2313 1829 2342 numerus

34 2363 100 2398 eet
136 2354 167 2398 C
270 2356 449 2399 miv
487 2364 686 2400 constans
720 2372 773 2399 ex
810 2365 992 2425 quatuor
1021 2358 1252 2399 unitatibus
1292 2370 1387 2399 cum
1427 2363 1521 2398 octo
1560 2358 1747 2399 denariis
1788 2365 1828 2399 et

32 2413 168 2455 tribus
193 2416 467 2461 centenariis:
500 2424 612 2457 recte
645 2417 774 2471 igitur
802 2429 833 2456 α
856 2411 1012 2467 nonita
1038 2408 1263 2469 μονάδων
1290 2403 1408 2455 οὖσα
1431 2408 1658 2469 τεττόρων
1683 2416 1828 2470 appel-

33 2471 157 2511 latur.
179 2491 238 2500 —
257 2471 362 2512 ibid.
397 2473 566 2526 optione
596 2474 708 2521 data.
741 2481 879 2515 utrum
912 2473 1126 2527 vulgatam
1158 2465 1434 2527 πληρώμασι
1462 2484 1515 2513 an
1547 2473 1661 2526 quod
1690 2473 1824 2514 Bekk.

33 2540 86 2569 ex
125 2526 274 2570 Boo!
301 2529 449 2569 ascivit
485 2523 849 2584 ουμπληραῖμασι
884 2532 1179 2585 amplecterer,
1223 2532 1267 2573 id
1296 2530 1504 2586 praetuli,
1542 2530 1657 2582 quod
1690 2532 1825 2572 mino-

0 2639 3 2644 .
29 2598 119 2627 rem
150 2594 413 2627 correcturae
445 2588 630 2641 speciem
661 2595 844 2642 gereret:
877 2591 919 2629 in
952 2589 1124 2641 reliquis
1148 2595 1315 2638 autem,
1348 2599 1588 2640 quanquam
1619 2583 1697 2629 καὶ
1730 2595 1828 2629 ante

0 2651 3 2683 ἑ
29 2632 278 2695 ὅπογδόοις
313 2642 415 2683 mihi
447 2657 528 2685 non
559 2646 695 2700 magis
721 2646 982 2687 tolerandum
1011 2646 1234 2687 videbatur
1264 2658 1388 2698 qnam
1420 2645 1547 2686 unius
1578 2645 1674 2690 cod.
1701 2644 1825 2687 lectio

28 2711 56 2741 a
86 2699 266 2743 Geldero
295 2708 464 2754 recepta
496 2696 700 2755 λήμμασι
722 2724 780 2734 -
802 2704 894 2757 ipsa
925 2705 1036 2745 enim
1065 2695 1270 2757 ἐπόγδοα
1302 2709 1399 2744 sunt
1429 2695 1719 2756 πληρώματα
1749 2724 1823 2754 -,

0 2724 138 2808 ‚linunt
165 2764 323 2799 tantum
355 2758 457 2800 mihi
488 2760 664 2811 indulsi,
699 2767 743 2801 nt
771 2752 1003 2813 μυριάδας
1032 2762 1125 2815 ipsa
1157 2767 1367 2803 structura
1393 2758 1569 2814 anente
1599 2773 1695 2802 cum
1726 2761 1819 2801 cod.

0 2813 129 2857 tvm.
157 2817 198 2856 in
234 2809 477 2868 μυριάδων
516 2826 718 2858 mutarem
752 2831 800 2858 ac
831 2819 1031 2874 deinceps
1061 2831 1155 2859 cum
1189 2817 1368 2859 Geldero
1398 2823 1520 2860 vetus
1557 2818 1823 2873 diagramma
