1962 3236
596 148 1085 215 noAITEIAz:
1117 158 1167 217 ε’.
1626 166 1729 220 155

40 305 240 365 παῖδας
258 297 635 364 ἀπολέσαντας
651 307 877 370 ποιῆσαι
896 300 988 355 καὶ
1014 296 1119 369 τὴν
1136 297 1312 369 ἄλλην
1329 297 1495 354 πόλιν
1513 296 1729 354 ἀδύνα-

41 406 141 439 τον
162 381 475 453 ἀναλαβεῖν.
509 378 736 451 Ἀληθῆ,
756 375 828 451 ἦν
847 380 900 435 δ’
923 380 1049 451 ε’γῶ,
1070 380 1269 450 λέγεις·
1298 377 1439 435 ἄλλα
1470 379 1542 434 σὺ
1570 386 1726 449 πρῶ-

41 487 142 521 τον
161 464 261 535 μὲν
283 461 406 534 ἡγεῖ
430 466 917 531 παρασκευαστέον
946 459 1008 517 τὸ
1048 461 1125 532 μή
1165 481 1298 517 ποτε
1332 464 1724 526 κινδυνεῦσαις

44 544 334 616 Οὐδαμῶς.
380 547 449 599 Τι’
463 541 515 598 δ’
542 551 597 598 εἴ
609 563 721 597 που
735 545 1146 612 κινδυνευτέον,
1176 539 1282 597 οὐκ
1311 544 1373 597 ἐν
1406 563 1449 596 ω
1473 545 1726 613 βελτίους

41 631 262 683 ἔσονται
297 630 734 692 κατορθοῦντες;
773 629 966 693 Δῆλον
1002 623 1085 693 δή.
1142 621 1303 679 Ἀλλά
1345 619 1584 693 σμικρὸν
1619 629 1722 678 οἴει
1758 628 1790 670 G

41 710 327 778 διαφέρειν
346 707 438 761 καὶ
458 705 561 759 ούκ
587 702 744 771 άξιον
762 704 1051 773 κινδύνου,
1072 712 1311 773 θεωρεῖν
1338 701 1374 775 ἦ
1403 704 1478 775 μὴ
1505 703 1574 759 τοὶ
1598 706 1724 773 περὶ

37 789 140 844 τὸν
159 787 402 857 πόλεμον
421 789 618 850 παῖδας
636 786 768 851 τοὺς
792 785 1005 882 ᾅνδρας
1033 783 1366 855 πολεμικοὺς
1395 788 1722 857 ἐσομένους,

41 867 181 936 Οὔκ,
202 866 342 924 ἀλλὰ
365 870 612 937 διαφέρει
630 864 769 937 πρὸς
785 865 816 922 ὃ
841 871 1029 937 λέγεις.
1075 871 1252 922 Τοῦτο
1273 888 1376 936 μεν
1405 866 1513 936 ἄρα
1538 864 1724 936 ὑπαρ-

39 953 218 1019 κτέον,
241 947 498 1018 θεωροὺς
516 949 762 1019 πολέμου
780 947 910 1013 τούς
939 951 1138 1013 παῖδας
1170 960 1368 1018 ποιεῖν,
1399 963 1722 1018 προσμηχα-

38 1036 250 1086 νασθαι
270 1027 321 1085 δ’
344 1028 532 1094 αὐτοῖς
549 1028 876 1099 ἀσφάλειαν,
908 1031 999 1085 καὶ
1017 1035 1197 1093 καλῶς
1217 1029 1345 1094 ἕξει·
1372 1029 1406 1100 ἡ
1428 1027 1560 1099 γάρ·
1549 1071 1562 1093 ,
1590 1034 1719 1083 Ναί.

39 1111 285 1181 Οὐκοῦν,
307 1105 377 1181 ἦν
398 1109 450 1166 δ’
470 1109 596 1180 ἐγω,
617 1118 839 1179 πρῶτον
857 1132 959 1181 μεν
970 1108 1156 1165 αὐτῶν
1177 1114 1235 1165 οἱ
1245 1112 1473 1179 πατέρες
1492 1107 1596 1165 ὅσα
1616 1109 1723 1166 άν-

35 1201 259 1262 θρωποι
277 1189 381 1247 οὐκ
410 1188 644 1261 ἀμαθεῖς
663 1196 883 1247 ἔσονται
902 1189 1042 1246 ἀλλὰ
1063 1193 1398 1261 γνωμονικοὶ
1419 1198 1531 1247 τῶν
1552 1207 1722 1260 στρα-

36 1279 216 1338 τειῶν,
245 1272 372 1328 ὅσαι
399 1294 458 1327 τε
487 1274 578 1327 καὶ
605 1270 680 1342 μὴ
710 1274 1076 1335 ἐπικίνδυνοι;
1113 1270 1300 1340 Εἰκός,
1329 1277 1451 1344 ἔφη.
1492 1276 1591 1337 Εἰς
1615 1271 1719 1342 μὲν
1750 1290 1786 1330 D
1846 1302 1850 1306 ·
1882 1289 1918 1307 >²

36 1353 146 1425 ἄρα
177 1352 274 1419 τὰς
300 1352 545 1422 ἄξουσιν,
576 1358 653 1418 εἰς
683 1355 743 1408 δὲ
770 1353 867 1418 τὰς
896 1351 1312 1425 εὐλαβήσονται.
1349 1351 1577 1423 Ὀρθῶς.
1612 1354 1723 1408 Καὶ

36 1434 308 1506 ἄρχοντάς
325 1438 390 1503 γέ
406 1455 534 1504 που,
554 1427 628 1505 ἦν
647 1432 701 1490 δ’
725 1434 852 1504 ε’γω’,
880 1432 948 1489 ού
965 1433 1096 1499 τοὺς
1125 1435 1513 1506 φαυλοτάτους
1534 1433 1722 1498 αὐτοῖς

37 1518 445 1588 ἐπιστήσουσιν,
480 1515 621 1571 ἀλλὰ
645 1514 776 1581 τούς
796 1519 1047 1589 ἐμπειρίᾳ
1075 1539 1133 1572 τε
1156 1518 1248 1573 καὶ
1277 1514 1463 1591 ἡλικίᾳ
1493 1515 1722 1582 ἱκανοὺς

35 1597 315 1669 ἡγεμόνας
344 1619 399 1652 τε
436 1599 526 1652 καὶ
562 1597 949 1669 παιδαγωγοὺς
979 1598 1132 1657 εἶναι.
1172 1600 1378 1671 Πρέπει
1402 1598 1525 1670 γάρ.
1559 1595 1721 1654 Ἀλλά

37 1681 164 1750 γάρ,
188 1679 456 1750 φήσομεν,
478 1680 566 1733 καὶ
585 1676 734 1748 παρὰ
758 1678 926 1743 δόξαν
945 1677 1120 1734 πολλοὶ
1142 1686 1367 1745 πολλοῖς
1396 1679 1463 1752 δὴ
1487 1682 1720 1750 ἐγένετο.

38 1764 145 1818 Καὶ
166 1762 330 1832 μάλα.
368 1759 519 1830 Πρὸς
538 1765 731 1815 τοίνυν
748 1758 814 1814 τὰ
834 1768 1077 1832 τοιαῦτα,
1111 1755 1157 1816 ῶ
1182 1769 1324 1833 φίλε,
1355 1769 1598 1834 πτεροῦν
1617 1759 1719 1833 χρὴ

36 1847 230 1899 παιδία
258 1842 395 1899 ὅντα
415 1840 610 1907 εύθύς,
642 1839 718 1895 ἶν’
749 1841 822 1895 ἄν
853 1864 904 1896 τι
934 1845 1030 1912 δέῃ
1060 1841 1353 1914 πετόμενοι
1385 1842 1723 1914 ἀποφεύγω-

38 1942 144 1980 σιν.
184 1931 313 1988 Πῶς
333 1928 535 1993 λέγεις;
556 1926 676 1992 ἔφη.
708 1919 821 1977 Ἐπὶ
851 1921 983 1987 τούς
1010 1926 1230 1992 ἵππους,
1251 1917 1324 1994 ἦν
1345 1921 1398 1979 δ’
1431 1923 1558 1994 ε’γῶ,
1580 1919 1722 1978 άνα-
1756 1938 1790 1979 Ε

36 2009 332 2080 βιβαστεόν
353 2002 427 2069 ῶς
444 2004 773 2072 νεωτάτους,
793 2006 883 2060 καὶ
914 2008 1310 2076 διδαξαμένους
1339 2004 1598 2060 ἱππεύειν
1627 2002 1719 2075 ἐφ’

34 2092 220 2145 ἳππων
238 2083 435 2142 ἀκτέον
454 2088 536 2140 ἐπὶ
559 2083 661 2155 τὴν
680 2089 842 2156 θέαν,
875 2086 950 2156 μὴ
979 2090 1301 2156 θυμοειδῶν
1330 2086 1467 2158 μηδὲ
1495 2107 1722 2157 μαχητι-

36 2177 170 2235 κῶν,
184 2166 303 2224 ἀλλ’
327 2165 360 2223 ὅ
378 2190 429 2222 τι
449 2167 880 2222 ποδωκεστάτων
901 2169 989 2222 καὶ
1010 2165 1411 2238 εὐηνιωτάτων.
1447 2165 1595 2222 οὕτω
1614 2167 1721 2237 γὰρ

0 2279 3 2297 ›
37 2249 301 2308 κάλλιστά
318 2269 376 2303 τε
395 2247 695 2303 θεάσονται
713 2247 774 2303 τὸ
797 2245 982 2303 αὑτῶν
1000 2252 1182 2319 ἔργον,
1204 2251 1296 2304 καὶ
1315 2247 1720 2319 ἀσφαλέστατα,

40 2330 116 2387 ἄν
134 2353 185 2386 τι
204 2331 317 2400 δέῃ,
339 2330 690 2400 σωθήσονται
707 2329 842 2400 μετὰ
861 2333 1256 2402 πρεσβυτέρων
1274 2329 1568 2402 ἡγεμόνων
1589 2328 1722 2385 ἑπό-

39 2432 212 2484 μενοι.
245 2407 473 2478 Ὀρθῶς,
494 2415 616 2482 ἔφη,
639 2433 730 2482 μοι
752 2415 931 2475 δοκεῖς
948 2413 1142 2481 λέγειν.
1178 2420 1229 2469 Τ
1225 2420 1249 2471 ί
1257 2414 1348 2469 δαὶ
1364 2410 1442 2483 δή,
1462 2410 1634 2483 εἶπον,
1655 2408 1722 2467 τὰ
1751 2423 1840 2470 468

40 2494 164 2563 περὶ
184 2491 283 2546 τὸν
303 2490 572 2561 πόλεμον;
611 2500 724 2556 πῶς
755 2493 941 2547 ἑκτέον
963 2510 1050 2547 σοι
1071 2491 1200 2559 τούς
1219 2493 1552 2562 στρατιώτας
1583 2490 1723 2563 πρὸς

41 2573 248 2638 αὐτούς
267 2594 320 2628 τε
353 2576 439 2628 καὶ
463 2574 591 2639 τούς
619 2580 942 2645 πολεμίους;
980 2569 1071 2642 ἆρ’
1104 2572 1294 2645 ὀρθῶς
1324 2597 1417 2646 μοι
1446 2581 1720 2646 καταφαί-

39 2678 190 2714 νεται
210 2653 245 2726 ἢ
265 2655 358 2717 οὕ;
380 2654 530 2724 Ais,
553 2661 676 2726 ἔφη,
699 2653 810 2710 ποῖ’
833 2654 918 2709 ἄν.
959 2653 1161 2710 Αὐτῶν
1179 2658 1297 2725 μέν,
1324 2654 1496 2725 εἷπον,
1517 2654 1619 2711 τὸν
1636 2663 1722 2713 λι-

40 2739 216 2794 πόντα
238 2737 390 2803 τάξιν
410 2733 444 2806 ἦ
465 2735 608 2792 ὅπλα
629 2735 983 2807 ἀποβαλόντα
1004 2735 1038 2806 ἦ
1059 2759 1109 2792 τι
1129 2744 1243 2792 τῶν
1262 2735 1531 2793 τοιούτων
1560 2737 1722 2811 ποιή-

42 2833 212 2874 σαντα
234 2817 323 2873 διὰ
352 2817 531 2888 κάκην
551 2814 660 2888 ἆρα
682 2818 750 2874 οὐ
771 2817 1113 2892 δημιουργόν
1131 2841 1253 2874 τινα
1275 2823 1363 2875 δεῖ
1385 2819 1719 2877 καθιστάναι
