1962 3236
0 0 374 63 rwffl*
390 0 404 9 ‘·
423 0 499 22 -π

581 169 1064 217 ΠΟΛΙΤΕΙΑΣ
1094 161 1152 215 ι’.
1606 165 1709 220 287

0 364 4 373 y
30 307 182 370 ταξίν
202 324 259 358 τε
279 304 369 358 καὶ
389 306 744 373 ξυμφωνιάν;
780 302 871 356 καὶ
898 298 999 356 τὸν
1017 298 1188 371 ὅγκον
1205 307 1307 357 τοῦ
1324 301 1581 373 πλήθους
1608 301 1710 358 οὐκ

0 379 2 381 ’
30 384 464 456 ἐκπληττόμενος
502 381 611 440 ὑπὸ
648 389 751 439 τοῦ
779 388 894 438 τῶν
922 389 1144 438 πολλῶν
1171 390 1521 456 μακαρισμοῦ
1549 383 1710 440 α’πει-

30 488 134 537 ρον
172 464 426 536 αὐξήσει,
466 462 745 533 ἀπέραντα
781 460 924 517 κακὰ
964 468 1130 533 ἔχωνς
1170 463 1290 521 Οὐκ
1337 473 1550 538 οἴομαι,
1590 470 1713 537 ἔφη.

23 545 169 603 ”Αλλ
191 545 523 618 ἀποβλέπων
551 567 631 615 γε,
662 543 835 614 εἶπον,
868 543 1004 614 πρὸς
1032 545 1135 617 τὴν
1164 550 1224 602 ἐν
1253 543 1404 621 αὑτῷ
1434 553 1715 604 πολιτείαν
1749 549 1782 589 Ε

30 631 120 684 καὶ
142 627 455 698 φυλάττων,
486 626 562 698 μή
589 648 641 681 τι
669 632 948 697 παρακινῇ
969 624 1145 682 αὑτοῦ
1172 635 1283 683 τῶν
1310 631 1428 684 ε’κεῐ
1450 628 1541 685 διὰ
1572 635 1716 700 πλῆ-

30 719 135 775 θος
155 706 400 780 οὐσιάςῆ
429 706 502 764 δι’
540 705 849 778 ὀλιγότητα,
879 705 1055 773 οὕτως
1083 715 1375 780 κυβερνῶν
1404 709 1716 782 προσθήσει

32 793 121 846 καὶ
142 789 416 847 ἆναλῶσει
435 797 531 861 τῆς
550 786 741 853 οὐσίας
761 784 893 843 καθ’
916 786 1055 843 ὅσον
1073 783 1144 843 ἄν
1165 784 1281 853 οἷός
1311 788 1359 843 τ’
1390 784 1441 862 ᾖ.
1496 795 1716 863 Κομιδῇ

29 876 131 945 μὲν
167 869 291 943 οὖν,
322 879 444 946 ἔφη.
476 871 635 930 Ἀλλὰ
663 870 776 943 μὴν
811 872 902 926 καὶ
929 871 1087 941 τιμάς
1121 893 1202 942 γε,
1236 875 1311 936 εἰς
1337 871 1544 928 ταύτὸν
1572 871 1714 928 ἀπο-

29 959 267 1027 βλέπων,
289 962 402 1011 τῶν
421 956 523 1026 μὲν
543 956 760 1026 μεθέξει
787 954 876 1008 καὶ
905 952 1159 1022 γεύσεται
1191 952 1353 1024 ἑκών,
1385 951 1448 1019 ἃς
1476 954 1548 1009 ἂν
1572 952 1715 1027 ἡγῆ-
1742 974 1829 1020 592

30 1061 117 1093 ται
150 1038 352 1108 ἀμείνω
385 1034 557 1092 αὑτὸν
586 1035 854 1106 ποιήσειν,
884 1031 948 1098 ἃς
986 1032 1037 1088 δ’
1077 1029 1149 1089 ὄίν
1178 1034 1372 1091 λύσειν
1400 1034 1503 1106 τὴν
1533 1033 1713 1109 ὑπαρ-

29 1138 240 1190 χουσαν
256 1121 386 1187 ἕξιν,
409 1118 664 1188 φεύξεται
685 1121 796 1188 ἰδίᾳ
827 1118 917 1171 καὶ
947 1119 1196 1190 δημοσίᾳ.
1277 1115 1398 1173 Ούκ
1428 1117 1554 1189 ἄρα,
1587 1123 1712 1191 ἔφη,

28 1198 95 1255 τά
125 1222 186 1270 γε
211 1197 463 1255 πολιτικὰ
483 1197 738 1267 ἐθελήσει
768 1197 1046 1268 πράττειν,
1078 1197 1281 1269 εὀἱνπερ
1308 1199 1512 1255 τούτου
1539 1200 1714 1273 κήδη-

30 1304 133 1336 ται.
170 1279 260 1353 Νὴ
283 1279 384 1336 τὸν
403 1280 565 1350 κύνα,
588 1273 658 1350 ἦν
679 1277 730 1333 δ’
765 1279 888 1349 ἐγώ,
920 1283 982 1333 ἔν
1010 1300 1071 1348 γε
1100 1285 1166 1351 τῇ
1198 1282 1401 1335 ἑαυτοῦ
1432 1281 1591 1337 πόλει
1621 1285 1714 1339 καὶ

29 1363 193 1433 μάλα,
227 1359 295 1417 οὐ
324 1365 509 1433 με’ντοι
539 1369 669 1425 ἴσως
698 1364 758 1415 ἔν
794 1381 857 1430 γε
882 1365 950 1431 τῇ
988 1365 1225 1432 πατρίδι,
1258 1359 1356 1418 ἐὰν
1374 1360 1446 1434 μὴ
1475 1368 1604 1418 θεία
1634 1384 1714 1427 τις

29 1450 209 1517 ξυμβῇ
237 1444 389 1516 τύχη.
465 1443 783 1515 Μανθάνω,
814 1448 945 1514 ἔφη·
986 1446 1046 1498 ἐν
1083 1438 1117 1515 ᾗ
1152 1451 1260 1499 νῦν
1295 1446 1601 1518 διήλθομεν
1631 1451 1714 1502 οἰ-

29 1532 268 1594 κίζοντες
297 1527 454 1582 πόλει
484 1529 673 1597 λέγεις,
704 1532 771 1598 τῇ
800 1527 862 1581 ἐν
890 1524 1076 1596 λόγοις
1106 1529 1347 1600 κειμένῃ,
1376 1529 1492 1584 ἐπεὶ
1521 1534 1622 1599 γῆς
1651 1549 1713 1598 γε

29 1607 282 1679 οὐδαμοῦ
301 1607 451 1679 οἶμαι
469 1607 645 1679 αὐτὴν
667 1605 821 1663 εἶναι.
854 1604 1019 1677 Ἀλλ’,
1050 1603 1122 1679 ἦν
1153 1606 1204 1663 δ’
1240 1608 1365 1680 ἐγώ,
1396 1611 1458 1665 ἐν
1485 1607 1715 1683 οὐρανῷ
1738 1625 1770 1666 Β

30 1699 160 1756 ἴσως
202 1690 547 1762 παράδειγμα
590 1687 872 1746 ἀνάκειται
925 1695 1003 1762 τῷ
1056 1693 1379 1765 βουλομένῳ
1426 1688 1568 1765 ὁρᾷν
1621 1692 1712 1747 καὶ

29 1770 232 1844 ὁρῶντι
261 1772 461 1828 ἑαυτὸν
489 1777 835 1839 κατοικίζειν·
875 1774 1123 1843 διαφέρει
1159 1772 1218 1828 δὲ
1249 1770 1436 1842 οὐδέν,
1467 1781 1573 1830 εἴτε
1601 1793 1711 1828 που

30 1858 177 1908 ἔστιν
198 1861 302 1908 εἴτε
324 1858 497 1909 ἔσται·
535 1851 602 1907 τὰ
621 1851 728 1922 γὰρ
748 1853 951 1925 ταύτης
966 1853 1139 1925 μόνης
1157 1850 1229 1910 ἂν
1250 1854 1522 1924 πράξειεν,
1543 1854 1712 1927 ἄλλης

31 1934 88 1990 δὲ
110 1933 380 2006 οὐδεμιᾶς.
415 1934 583 1999 Ει’κός
603 1933 676 2005 γ’,
701 1939 822 2006 ἔφη.

845 2281 892 2331 Ι.

171 2423 206 2475 1.
248 2422 356 2476 Καὶ
377 2421 506 2493 μήν,
527 2417 599 2493 ἦν
619 2422 671 2479 δ’
691 2424 816 2495 ἐγώ,
838 2425 1014 2481 πολλὰ
1033 2424 1135 2496 μὲν
1163 2427 1254 2481 καὶ
1283 2424 1423 2481 ἅλλα
1454 2429 1578 2496 περὶ
1604 2423 1711 2481 αὐ-
1740 2437 1825 2481 595

30 2508 126 2572 τῆς
155 2503 349 2571 ἐννοῶ,
381 2500 454 2568 ὠς
482 2505 687 2570 παντὸς
715 2505 824 2576 ἄρα
854 2514 1067 2578 μᾶλλον
1096 2505 1284 2578 ὀρθῶς
1312 2506 1577 2579 ᾠκίζομεν
1606 2507 1710 2578 τὴν

28 2583 210 2652 πόλιν,
235 2581 334 2654 οὐχ
357 2582 547 2654 ἥκιστα
568 2586 625 2643 δὲ
646 2588 986 2658 ἐνθυμηθεὶς
1005 2590 1128 2658 περὶ
1148 2588 1418 2661 ποιήσεως
1437 2592 1592 2661 λέγω.
1633 2586 1707 2645 Tc>

28 2675 214 2727 ποτον;
242 2668 362 2737 ἔφη.
421 2665 494 2722 Τὸ
524 2670 748 2740 μηδαμῇ
775 2672 1184 2740 παραδέχεσθαι
1214 2668 1383 2742 αὐτῆς
1406 2668 1507 2742 ὅση
1539 2691 1709 2742 μιμη-

26 2745 173 2816 τική·
213 2745 418 2812 παντὸς
446 2748 552 2817 γὰρ
570 2755 783 2819 μᾶλλον
803 2748 872 2806 ού
891 2755 1230 2821 παραδεκτέα
1256 2759 1364 2809 νῦν
1382 2754 1474 2809 καὶ
1491 2753 1708 2823 ἐναργέ·

26 2844 250 2897 στερον,
290 2827 364 2895 ὥς
396 2832 513 2903 ἐμοὶ
550 2835 728 2903 δοκεῖ,
769 2840 1048 2905 φαίνεται,
1085 2832 1270 2906 ἐπειδὴ
1307 2835 1469 2906 χωρὶς
1508 2835 1707 2890 ἕκαστα
1743 2851 1773 2892 Β
