1962 3236
561 0 1170 53 wwzffaeeaxv
1183 0 1225 22 ,.“.·-
1239 0 1287 26 με
1360 3 1370 13 »ν
1384 4 1391 11 =
1471 0 1477 2 ·
1487 36 1495 46 ¹
1532 10 1542 19 .

601 174 1085 223 ΠΟΛῙΤΕΙΑΣ
1113 166 1163 222 ε’.
1625 171 1728 225 157

47 227 496 371 εἶναῈΊάντων
514 327 576 376 γε
595 305 844 377 μάλιστα.
886 303 1029 362 Ἀλλ’
1054 305 1123 362 οῦ
1141 305 1449 377 πεισόμεθα
1471 304 1725 381 Ἡσιόδῳ,

47 387 272 443 ἐπειδάν
292 409 434 452 τινες
457 394 558 443 τοῦ
579 387 839 443 τοιούτου
855 391 1053 458 γένους
1072 387 1492 460 τελευτήσωσιν,
1518 385 1590 452 ὥς
1618 386 1727 460 ἄρα

188 471 247 524 οῖ
261 469 363 539 μὲν
380 472 635 539 δαίμονες
654 465 813 537 ἁγνοὶ
831 469 1140 539 ἐπιχθόνιοι
1157 470 1500 536 τελέθουσιν,

186 553 394 619 ἐσθλοί,
413 546 739 618 ἀλεξίκακοι,
760 550 1006 619 φύλακες
1033 548 1294 620 μερόπων
1311 547 1654 622 ἀνθρώπωνς

45 631 366 700 Πεισόμεθα
387 632 490 700 μὲν
517 622 637 684 οὖν.
677 632 1107 701 Διαπυθόμενοι
1139 631 1247 700 ἄρα
1285 637 1387 686 τοῦ
1417 638 1578 703 θεοῦ,
1611 638 1726 698 πῶς

43 713 143 781 χρὴ
175 711 304 776 τοῦς
336 714 655 780 δαιμονίους
684 733 742 766 τε
770 713 861 766 καὶ
890 718 1082 775 θείους
1110 714 1325 767 τιθέναι
1354 713 1446 768 καὶ
1479 718 1586 768 τίνι
1605 716 1726 770 δια-

43 792 221 864 φόρῳ,
242 790 391 846 οὕτω
411 792 502 847 καὶ
520 791 693 863 ταύτῃ
711 791 963 862 θήσομεν
991 783 1026 862 ᾗ
1056 787 1128 845 ἀν
1161 794 1441 862 έξηγῆται;
1475 800 1544 849 Τί
1568 794 1621 850 δ’
1657 792 1726 851 οὐ

41 874 335 943 μέλλομεν;
373 876 482 928 Καὶ
506 871 605 928 τὸν
633 872 831 928 λοιπὸν
850 871 916 943 δὴ
938 871 1144 943 χρόνον
1175 870 1247 937 ὡς
1278 874 1559 944 δαιμόνων
1579 874 1726 931 οὕτω

40 954 467 1025 θεραπεύσομέν
487 976 544 1010 τε
573 955 664 1009 καὶ
692 954 1155 1024 προσκυνήσομεν
1186 950 1374 1008 αὐτῶν
1402 952 1497 1019 τὰς
1517 955 1726 1027 θήκας·

41 1033 214 1089 ταύτὰ
244 1037 302 1091 δὲ
341 1042 514 1090 ταῦτα
551 1041 872 1106 νομιοῦμεν,
905 1032 1041 1089 ὅταν
1069 1055 1149 1097 τις
1177 1033 1321 1108 γήρᾳ
1360 1033 1398 1106 ἤ
1431 1057 1540 1091 τινι
1578 1035 1727 1112 ἄλλω

42 1116 230 1189 τρόπω
266 1116 562 1189 τελευτήσῃ
601 1138 714 1170 των
753 1132 874 1170 οσοι
910 1137 982 1170 αν
1021 1116 1399 1187 διαφερόντως
1428 1119 1489 1173 έν
1517 1139 1591 1191 τςο
1624 1123 1726 1192 βίω

42 1194 246 1266 ἀγαθοὶ
268 1203 568 1266 κριθωσιν;
607 1202 844 1251 Δίκαιον
863 1203 1022 1266 γοῦν,
1046 1200 1167 1267 ἔφη.
1204 1201 1275 1251 Τί
1288 1200 1401 1261 δαί;
1438 1197 1579 1268 πρὸς
1595 1197 1728 1264 τοῦς
1758 1260 1760 1262 ,

39 1283 336 1348 πολεμίους
354 1298 469 1356 πως
488 1278 817 1348 ποιήσουσιν
838 1275 969 1348 ἡμῖν
990 1279 1045 1330 οἱ
1061 1283 1415 1348 στρατιωται;
1461 1277 1535 1334 Τὸ
1567 1291 1729 1335 ποῖον

41 1358 110 1430 δή
123 1383 134 1392 ·
172 1364 408 1429 Πρῶτον
426 1361 527 1430 μὲν
551 1357 1008 1429 ἀνδραποδισμοῦ
1029 1361 1153 1428 πέρι
1184 1362 1340 1414 δοκεῖ
1364 1362 1581 1415 δίκαιον
1601 1359 1730 1415 Ἕλ-

138 1461 211 1504 ·ας
231 1437 546 1511 Ἑλληνίδας
579 1442 765 1506 πόλεις
795 1438 1314 1511 ἀνδραποδίζεσθαι,
1348 1436 1385 1511 ἢ
1422 1440 1553 1512 μηδ’
1592 1441 1729 1514 ἄλλῃ

133 1522 351 1591 τρέπειν
370 1521 508 1577 κατὰ
529 1520 589 1578 τὸ
612 1522 856 1577 δυνατὸν
874 1523 966 1577 καὶ
986 1528 1151 1576 τοῦτο
1175 1526 1395 1593 ἐθίζειν,
1416 1529 1520 1577 τοῦ
1540 1521 1730 1594 Ἐλλη-

16 1604 54 1651 v‘
99 1609 203 1658 κοῦ
222 1606 416 1672 γένους
435 1608 743 1674 φείδεσθαι,
766 1601 1209 1675 εὐλαβουμένους
1226 1602 1330 1675 τὴν
1339 1602 1449 1660 ὑπὸ
1463 1611 1578 1661 τῶν
1589 1611 1738 1677 βαρ-’

42 1683 235 1755 βάρων
254 1688 538 1752 δουλείαν;
561 1685 706 1741 Ὅλω
724 1687 815 1741 καὶ
836 1691 1017 1756 παντί,
1040 1689 1163 1756 ἔφη,
1186 1688 1435 1758 διαφέρει
1454 1685 1514 1742 τὸ
1541 1691 1730 1758 φείδε-

45 1773 196 1820 σθαι.
237 1766 396 1837 Mad}
421 1765 660 1838 Ελληνα
691 1767 797 1838 άρα
829 1771 1037 1822 δοῦλον
1066 1770 1332 1838 ἐκτῆσθαι
1361 1768 1496 1840 μήτε
1524 1766 1729 1835 αὐτοῦς

43 1860 156 1913 τοῖς
191 1869 247 1903 τε
279 1847 464 1913 ἄλλοις
493 1849 755 1919 Ἕλλησιν
783 1847 931 1904 οὕτω
962 1847 1387 1920 ξυμβουλεύειν;
1434 1850 1600 1905 Πάνυ
1626 1849 1728 1922 μὲν

44 1923 167 1998 οὖν,
189 1933 322 2000 ἔφη·
360 1931 575 2000 μᾶλλόν
594 1930 647 1999 γ’
669 1927 740 1985 ἀν
769 1924 874 1985 οὖν
903 1929 1049 1985 οὕτω
1078 1928 1220 1999 πρὸς
1247 1929 1378 1995 τοὺς
1408 1931 1730 2004 βαρβάρους

42 2012 349 2081 τρέποιντο,
373 2013 590 2067 ἑαυτῶν
610 2010 662 2067 δ’
685 2011 989 2082 ἀπέχοιντο.
1031 2017 1100 2066 Τί
1115 2016 1227 2075 δαί;
1250 2011 1560 2083 σκυλεύειν,
1580 2007 1654 2084 ἦν
1673 2012 1725 2069 δ’

44 2091 172 2162 ἐγώ,
203 2115 334 2158 τους
363 2093 794 2165 τελευτήσαντας
822 2092 968 2165 πλὴν
995 2092 1203 2162 ὅπλων,
1235 2094 1459 2150 ἐπειδᾶν
1484 2094 1729 2166 νικήσω-

43 2189 152 2237 σιν,
173 2168 208 2245 ἦ
234 2181 415 2240 καλῶς
437 2179 572 2246 ἔχει;
608 2172 645 2247 ἦ
665 2174 733 2231 οὐ
753 2174 1037 2247 πρόφασιν
1057 2179 1158 2247 μὲν
1177 2187 1288 2241 τοῖς
1309 2179 1508 2241 δειλοῖς
1529 2181 1636 2247 ἔχει
1656 2177 1730 2248 μὴ

0 2258 5 2316 k
49 2253 188 2323 πρὸς
220 2254 319 2310 τὸν
346 2256 663 2326 μαχόμενον
682 2259 839 2327 ἰέναι,
862 2255 937 2322 ὥς
966 2279 1018 2312 τι
1047 2263 1160 2313 τῶν
1186 2257 1432 2314 δεόντων
1462 2261 1725 2329 δρῶντας,

0 2329 3 2390 f
43 2331 179 2390 ὅταν
205 2337 328 2403 περὶ
356 2336 456 2391 τὸν
482 2344 762 2393 τεθνεῶτα
782 2337 1111 2408 κυπτάζωσι,
1142 2339 1319 2396 πολλὰ
1345 2341 1404 2395 δὲ
1431 2337 1538 2412 ἤδη
1558 2356 1727 2414 στρα-

0 2438 4 2466 r
43 2414 246 2471 τόπεδα
280 2416 367 2471 διὰ
405 2416 509 2487 τὴν
538 2419 800 2490 τοιαύτην
827 2417 1086 2491 ἁρπαγὴν
1116 2421 1395 2489 άποόλετο;
1421 2423 1531 2478 Καὶ
1562 2421 1724 2492 μάλα.

0 2534 1 2541 1
39 2492 218 2551 Ἀνελε
227 2497 435 2565 ύθερον
454 2501 513 2553 δὲ
532 2497 602 2554 ού
617 2503 772 2555 δοκεῖ
784 2502 874 2556 καὶ
885 2502 1296 2573 φιλοχρήματον
1307 2501 1512 2574 νεκρὸν
1530 2499 1726 2574 συλᾷν,

0 2605 3 2626 ›
41 2581 131 2633 καὶ
153 2584 469 2647 γυναικείας
494 2601 550 2634 τε
570 2582 658 2636 καὶ
679 2590 910 2652 σμικρᾶς
928 2588 1175 2650 διανοίας
1192 2584 1254 2640 τὸ
1285 2585 1548 2655 πολέμιον
1569 2558 1730 2654 νομί-

0 2698 3 2722 ,
41 2663 152 2727 ζειν
186 2659 246 2714 τὸ
267 2666 424 2730 σῶμα
463 2669 563 2716 τοῦ
599 2670 904 2730 τεθνεῶτος
934 2663 1328 2736 ἀποπταμένου
1362 2671 1463 2720 τοῦ
1500 2667 1726 2735 ἐχθροῦ,

0 2741 358 2805 λελοιπότος
378 2742 434 2797 δὲ
466 2735 510 2797 οἳ
532 2745 807 2815 ἐπολέμει,
843 2742 880 2816 ἦ
899 2754 1001 2802 οἴει
1031 2769 1080 2801 τι
1113 2746 1393 2818 διάφορον
1423 2750 1568 2846 δροῖν
1596 2744 1728 2811 τοῦς

0 2847 2 2863 ν
40 2829 204 2880 τοῦτο
235 2832 528 2890 ποιοῦντας
559 2850 670 2883 των
700 2836 906 2897 κυνῶν,
939 2835 998 2885 αἱ·
1026 2842 1135 2894 τοῖς
1175 2834 1353 2895 λίθοις
1381 2826 1462 2895 οἷς
1489 2851 1561 2885 αν
1591 2834 1791 2902 βλη-Ε

1756 486 1843 533 469
