1962 3236
40 127 122 170 ηε)
743 110 876 157 KPI
894 109 1098 156 ΤῙΛΣ.
1611 100 1716 152 433

34 246 213 323 μαστοὶ
247 248 338 302 καὶ
375 243 651 314 πλήθεσιν
686 239 885 310 ἄπειρα
922 245 1102 310 ἔφερε.
1149 242 1323 294 ταῦτα
1359 230 1465 291 οὖν
1501 237 1718 309 λαμβά-

35 350 227 394 νοντες
244 326 424 383 πάντα
443 323 593 394 παρὰ
611 328 707 394 τῆς
725 327 826 392 γῆς
844 319 1305 386 κατεσκευάζοντο
1324 316 1390 373 τά
1407 337 1468 374 τε
1486 314 1607 389 ἱερὰ
1628 318 1719 372 καὶ

33 412 132 478 τὰς
170 406 457 483 βασιλικὰς
486 406 727 477 οἰκήσεις
751 405 845 459 καὶ
875 400 1006 466 τούς
1037 403 1262 471 λιμένας
1291 401 1383 457 καὶ
1416 396 1482 455 τὰ
1513 398 1719 470 νεω’ρια
1753 413 1782 454 C

36 495 127 550 καὶ
162 490 453 562 ξύμπασαν
483 485 587 558 τὴν
615 484 790 556 ἄλλην
816 482 1019 554 χώραν,
1049 486 1232 556 τοιᾷδε
1261 485 1325 538 ἐν
1352 480 1502 548 τάξει
1530 483 1688 536 διακο
1717 517 1722 521 -

37 580 322 645 σμοῦντες.

173 656 303 707 vm.
359 648 501 713 Τοὺς
527 654 625 717 τῆς
650 646 928 716 θαλάττης
966 644 1214 715 τροχούς,
1246 650 1304 700 οἳ
1333 646 1458 714 περὶ
1486 641 1588 714 τὴν
1619 639 1723 713 ἆρ-

35 743 197 808 χαίαν
225 728 368 805 ἦσαν
397 729 755 803 μητρόπολιν,
788 734 1009 797 πρῶτον
1038 726 1140 797 μὲν
1175 726 1557 797 ἐγεφύρωσαν,
1588 720 1724 778 ὁδὸν

35 820 138 883 ἔξω
169 816 256 871 καὶ
294 814 382 869 ε’πὶ
418 810 483 866 τὰ
513 815 761 882 βασίλεια
792 806 1132 879 ποιούμενοι.
1182 806 1249 862 τά
1281 806 1339 863 δὲ
1376 811 1628 878 βασίλεια
1664 805 1725 860 ἐν

36 898 211 969 ταύτῃ
248 902 314 968 τῇ
340 899 442 949 τοῦ
475 898 619 947 θεοῦ
651 893 740 947 καὶ
767 898 880 946 τῶν
918 889 1216 961 προγόνων
1253 887 1568 959 κατοικήσει
1601 883 1722 941 κατ’

36 977 206 1049 άρχάς
225 975 553 1047 ἐποιήσαντο
574 971 766 1042 εὐθύς,
789 973 970 1042 ἕτερος
982 972 1040 1028 δὲ
1060 968 1189 1039 παρ’
1213 970 1401 1037 ἑτέρου
1414 967 1724 1039 δεχόμενος,

38 1060 420 1130 κεκοσμημένα
440 1062 679 1126 κοσμῶν,
712 1053 1114 1124 ὑπερεβάλλετο
1141 1057 1217 1116 εἰς
1247 1050 1489 1121 δύναμιν
1516 1046 1602 1105 ἀεὶ
1624 1046 1725 1103 τὸν
1754 1058 1788 1099 D

38 1148 375 1212 ἔμπροσθεν,
398 1140 499 1203 ἕως
528 1142 604 1202 εἰς
632 1141 891 1207 ἔκπληξιν
919 1137 1178 1207 μεγέθεσι
1208 1133 1438 1189 κάλλεσί
1461 1154 1519 1188 τε
1545 1136 1724 1203 ἔργων

38 1225 177 1277 ἰδεῖν
199 1218 302 1291 τὴν
323 1227 539 1290 οἴκησιν
558 1217 980 1287 ἀπειργάσαντο.
1024 1214 1266 1284 διώρυχα
1285 1215 1387 1284 μὲν
1411 1212 1519 1285 γὰρ
1541 1216 1599 1269 ἐκ
1628 1218 1725 1283 τῆς

38 1299 316 1370 θαλάττης
331 1296 626 1371 ἀρχόμενοι
645 1303 984 1366 τρίπλεθρον
1000 1295 1061 1350 τό
1085 1295 1304 1365 πλάτος,
1327 1293 1524 1350 ἑκατὸν
1542 1296 1602 1350 δὲ
1620 1314 1726 1348 πο·-

41 1386 156 1437 δῶν
174 1380 373 1453 βάθος,
394 1386 566 1451 μῆκος
597 1382 656 1434 δὲ
685 1378 1029 1449 πεντήκοντα
1059 1379 1318 1445 σταδίων,
1350 1377 1437 1432 ἐπὶ
1464 1375 1564 1431 τὸν
1592 1377 1726 1441 ἐξω-

39 1463 185 1518 τάτω
216 1460 417 1534 τροχὸν
443 1462 806 1532 συνέτρησαν,
834 1461 924 1516 καὶ
954 1457 1054 1514 τὸν
1084 1457 1375 1514 ἀνάπλουν
1404 1459 1463 1521 ἐκ
1490 1464 1586 1530 τῆς
1614 1465 1726 1512 θα-

40 1545 239 1616 λάττης
255 1545 428 1615 ταύτῃ
448 1541 585 1613 πρὸς
605 1545 816 1598 ἐκεῖνον
834 1540 906 1607 ὡς
933 1546 1008 1605 εἰς
1029 1541 1221 1611 λιμένα
1246 1540 1591 1611 ἐποιήσαντο,
1613 1541 1726 1594 διε-

44 1626 230 1692 λόντες
259 1625 435 1696 στόμα
469 1626 633 1680 ναυσὶ
661 1635 775 1689 ταῖς
804 1628 1079 1695 μεγίσταις
1107 1621 1305 1678 ἱκανὸν
1334 1625 1591 1677 εἰσπλεῖν.
1636 1621 1726 1675 καὶ

43 1707 109 1779 δὴ
132 1710 221 1763 καὶ
245 1706 374 1773 τούς
392 1713 486 1777 τῆς
506 1712 605 1778 γῆς
624 1707 871 1776 τροχούς,
904 1711 960 1762 οἳ
976 1703 1106 1769 τοὺς
1126 1711 1222 1776 τῆς
1249 1703 1527 1773 θαλάττης
1556 1704 1726 1769 διεῖρ-
1760 1717 1791 1757 Ε

42 1812 163 1862 γον,
179 1788 317 1844 κατὰ
338 1787 432 1853 τὰς
452 1789 699 1860 γεφύρας
712 1792 916 1844 διεῖλον
934 1786 1071 1843 ὅσον
1090 1791 1191 1859 μιᾷ
1201 1785 1410 1857 τριήρει
1429 1786 1728 1840 διέκπλουν

45 1874 119 1935 εἰς
139 1868 427 1942 ἀλλήλους,
463 1872 553 1925 καὶ
583 1873 989 1940 κατεστέγασαν
1015 1868 1259 1937 ἄνωθεν,
1289 1865 1428 1923 ὥστε
1455 1864 1555 1921 τὸν
1585 1861 1729 1919 ὑπό-

43 1959 223 2008 πλουν
241 1951 500 2007 κάτωθεν
521 1949 685 2007 εἶναι·
724 1950 790 2006 τὰ
813 1951 919 2022 γὰρ
946 1957 1060 2006 τῶν
1086 1957 1180 2021 τῆς
1208 1953 1309 2020 γῆς
1337 1953 1552 2019 τροχῶν
1579 1950 1727 2018 χείλη

41 2032 222 2106 βάθος
242 2032 384 2104 εἶχεν
415 2030 613 2088 ἰκανὸν
643 2032 913 2103 ὑπερέχον
942 2037 1038 2102 τῆς
1063 2031 1356 2102 θαλάττης.
1387 2023 1459 2101 ἦν
1485 2027 1544 2084 δὲ
1575 2024 1605 2083 ὁ
1627 2029 1730 2099 μὲν

42 2115 295 2185 μέγιστος
312 2119 427 2170 τῶν
445 2121 678 2185 τροχῶν,
699 2120 776 2179 εἰς
795 2111 864 2170 ὂν
883 2112 916 2185 ἡ
938 2114 1188 2169 θάλαττα
1210 2112 1590 2184 συνετέτρητο,
1609 2129 1728 2182 τρι-

43 2194 264 2260 στάδιος
291 2192 351 2250 τὸ
382 2194 604 2266 πλάτος,
634 2195 662 2251 ὁ
697 2193 750 2251 δ’
783 2196 902 2268 ἑξῆς
930 2201 1026 2267 τῆς
1053 2201 1154 2266 γῆς
1187 2202 1306 2260 ἴσος
1341 2195 1560 2266 ἐκείνῳ·
1609 2200 1729 2247 τοῖν

44 2278 103 2331 δὲ
142 2278 426 2345 δευτέροιν
462 2273 491 2330 ὁ
526 2279 628 2347 μὲν
659 2275 828 2347 ὑγρὸς
867 2280 1025 2332 δυοῖν
1062 2278 1311 2332 σταδίοιν
1344 2273 1567 2346 πλάτος,
1603 2272 1632 2328 ὁ
1669 2271 1729 2330 δὲ

45 2354 208 2427 ξηρὸς
236 2363 353 2421 ἴσος
389 2350 462 2410 αὖ
501 2358 667 2412 πάλιν
706 2364 783 2430 τῷ
820 2358 1077 2427 πρόσθεν
1113 2354 1294 2428 ὑγρῷ·
1338 2359 1566 2412 σταδίου
1602 2354 1662 2411 δὲ
1698 2349 1726 2409 ὁ

45 2439 171 2505 περὶ
190 2434 367 2506 αὐτὴν
391 2434 493 2507 τὴν
512 2440 572 2494 ἐν
600 2440 748 2511 μέσῳ
779 2457 955 2510 νησον
979 2435 1330 2509 περιθέων,ἡ
1361 2436 1421 2495 δὲ
1449 2444 1637 2509 νῆσος,
1668 2437 1730 2491 ἐν
1762 2455 1847 2501 Πσ

45 2509 81 2588 ᾗ
102 2516 167 2572 τὰ
192 2522 440 2589 βασίλεια
463 2511 552 2589 ἦν,
585 2522 746 2576 πέντε
766 2522 1006 2575 σταδίων
1024 2518 1127 2590 τὴν
1148 2518 1443 2590 διάμετρον
1463 2516 1583 2589 εἶχε.
1601 2516 1730 2580 ταύ-

43 2621 146 2670 την
182 2597 248 2671 δὴ
288 2597 476 2673 κύκλῳ
514 2603 605 2656 καὶ
640 2601 772 2667 τούς
808 2599 1040 2674 τροχοὺς
1069 2603 1159 2657 καὶ
1187 2599 1290 2673 τὴν
1316 2602 1571 2673 γέφυραν
1597 2606 1732 2656 πλε-

44 2686 274 2750 θριαίαν
294 2679 355 2737 τὸ
374 2680 580 2747 πλάτος
597 2676 775 2738 οὖσαν
803 2686 972 2739 ἔνθεν
1001 2686 1091 2740 καὶ
1115 2687 1284 2739 ἔνθεν
1310 2688 1511 2758 λιθίνῳ
1546 2701 1733 2756 περιε-

46 2763 535 2887 βάῐλλοντιῖντείχει,
581 2767 830 2837 πύργους
860 2769 949 2823 καὶ
986 2766 1163 2832 πύλας
1202 2768 1288 2823 ἐπὶ
1324 2772 1438 2822 τῶν
1463 2789 1731 2841 γεφυρων

136 2846 271 2887 ’ano
370 2877 380 2887 .
1417 2849 1476 2895 28
