1962 3236
165 161 268 213 152
803 165 1275 213 ΠΛΑἸὨΝΟΣ

92 302 129 343 D
162 295 263 367 τὴν
283 297 484 353 ἑαυτοῦ
505 296 695 367 ἑτέραν
716 289 911 364 οὖσαν,
933 298 1022 350 καὶ
1044 298 1278 366 γυναῖκά
1298 320 1354 352 τε
1384 301 1473 354 καὶ
1503 304 1697 366 παῖδας
1725 304 1838 357 ἑτέ-
1859 305 1861 310 ⁴
1911 311 1918 368 j

163 398 313 448 ρους,
340 374 545 449 ἡδονάς
568 399 624 431 τε
642 380 734 431 καὶ
754 374 1065 446 ἀλγηδόνας
1095 380 1460 447 ἐμποιοῦντας
1485 384 1640 436 ἰδίω-ν
1660 381 1844 438 ὄντων

162 460 319 529 ἰδίας,
341 455 465 514 ἀλλ’
495 458 574 513 ἑνὶ
607 456 834 526 δόγματι
855 462 958 511 τοῦ
977 460 1183 512 οἰκείου
1212 461 1335 527 πέρι
1362 461 1448 514 ἐπὶ
1477 458 1537 515 τό
1568 459 1701 516 αὐτὸ
1732 468 1839 518 τεί-

161 561 360 604 νοντας
397 539 603 603 πάντας
641 542 715 602 εἰς
749 535 809 592 τὸ
853 539 1095 593 δυνατὸν
1107 537 1427 639 ὁμοπαθεῖς
1454 541 1629 611 λύπης
1663 564 1721 597 τε
1751 545 1840 598 καὶ
1911 538 1961 607 ὲζέ

161 617 366 691 ἡδονῆς
387 618 555 684 εἷναι;
587 621 811 716 ἷζομιδῇ
830 617 931 688 μὲν
952 612 1074 688 οὖν,
1097 623 1216 691 ἔφη.
1259 625 1327 675 Τί
1353 624 1465 687 δαί;
1506 625 1651 678 δίκαι
1671 644 1728 678 τε
1749 626 1838 678 καὶ
1921 614 1953 690 J*

160 699 471 771 ἐγκλήματα
509 697 649 767 πρὸς
687 697 960 770 ἀλλήλους
995 697 1099 755 οὐκ
1141 701 1411 772 οἰχήσεται
1440 705 1491 768 ἐξ
1527 701 1727 774 αὐτῶν,
1769 701 1844 768 ὡς
1923 714 1926 716 ’
1958 696 1959 701 ’

161 785 289 845 ἔπος
312 786 503 850 εἰπεῖν,
527 778 617 836 διὰ
639 780 698 836 τὸ
727 782 900 851 μηδὲν
925 784 1069 837 ἴδιον
1098 785 1365 852 ἐκτῆσθαι
1393 782 1539 853 πλὴν
1567 783 1628 838 τὸ
1663 790 1837 854 σῶμα,

160 860 226 917 τὰ
249 860 298 917 δ’
324 862 462 918 ἄλλα
486 862 648 917 κοινά
662 886 677 928 ;
716 860 856 916 ὅθεν
877 861 942 932 δὴ
966 860 1198 933 ὑπάρχει
1221 863 1436 928 τούτοις
1455 862 1841 928 ἀστασιάστοις
1932 925 1938 930 ,

99 957 133 997 Ε
164 943 319 1015 εἶναι,
343 942 526 1020 ὅσαμγε
552 943 642 998 διὰ
663 939 1011 1013 χρημάτωνῆ
1043 947 1257 999 παίδων
1284 945 1373 999 καὶ
1394 947 1676 1014 ξυγγενῶν
1703 952 1840 1014 κτῆ-
1923 950 1930 997 {-

162 1041 253 1080 σιν
276 1026 568 1094 ἄνθρωποι
588 1023 998 1088 στασιάζουσιν;
1035 1023 1220 1095 Πολλὴ
1243 1022 1475 1095 ἀνάγκη,
1507 1029 1629 1096 ἔφη,
1663 1023 1841 1096 ἀπηλ-
1926 1047 1928 1053 ·

161 1105 379 1175 λάχθαι.
402 1106 508 1160 Καὶ
528 1102 639 1175 μὴν
660 1100 788 1159 οὐδὲ
808 1108 1005 1175 βιαίων
1023 1125 1086 1174 γε
1107 1101 1232 1159 οὐδ’
1255 1109 1430 1170 αἰκίας
1452 1108 1597 1160 δίκαι
1617 1109 1843 1169 δικαίως

160 1209 232 1241 αν
252 1185 362 1241 εἷεν
382 1189 441 1241 ἐν
461 1184 659 1249 αὐτοῖς.
696 1183 834 1256 ἥλιξι
856 1184 956 1254 μὲν
975 1206 1082 1254 γαρ
1109 1182 1300 1255 ἥλικας
1328 1182 1641 1255 ἀμύνεσθαι
1663 1183 1839 1240 καλὸν

160 1270 250 1323 καὶ
282 1267 496 1324 δίκαιόν
535 1286 644 1321 που
680 1267 946 1336 φήσομεν,
985 1262 1235 1335 ἀναγκην
1270 1265 1541 1336 σωμάτων
1564 1269 1838 1337 ἐπιμελεία
1920 1252 1960 1283 ”

40 1365 128 1413 465
155 1352 419 1413 τιθέντες.
456 1346 683 1417 Ὀρθῶς,
722 1351 841 1417 ἔφη.
886 1347 995 1401 Καὶ
1027 1344 1134 1417 γὰρ
1157 1345 1284 1401 τόδε
1313 1345 1494 1419 ὀρθὸν
1530 1351 1653 1417 ἔχει,
1685 1349 1756 1417 ἠν
1784 1345 1835 1400 δ’

157 1428 282 1500 ἐγώ,
303 1422 466 1493 οὗτος
485 1425 515 1483 6
538 1427 731 1498 νόμος·
770 1435 825 1482 εί
839 1425 949 1481 πού
966 1434 1045 1492 τίς
1062 1448 1137 1500 τῳ
1157 1435 1410 1498 θυμοῖτο,
1434 1431 1494 1482 έν
1512 1434 1588 1501 τῶ
1607 1427 1838 1501 τοιούτα
1901 1422 1927 1465 .‘

157 1515 388 1612 πληρῶῗν
406 1507 506 1563 τὸν
526 1507 715 1578 θυμὸν
733 1499 898 1578 ἦττον
918 1509 1003 1562 ἐπὶ
1017 1505 1276 1578 μειζους
1241 1531 1312 1563 αν
1331 1516 1405 1564 ἴοι
1425 1507 1651 1573 στάσεις.
1672 1509 1843 1564 Πάνυ
1919 1504 1941 1578 J

159 1613 262 1662 μεν
294 1592 412 1644 οὐν.
456 1591 824 1660 Πρεσβυτέρςο
855 1586 965 1658 μὴν
997 1591 1282 1657 νεωτέρων
1308 1589 1533 1645 πάντων
1562 1589 1749 1660 ἄρχειν
1779 1611 1839 1645 τε
1919 1658 1926 1662 ¹

156 1674 247 1728 καὶ
268 1671 515 1736 κολάζειν
535 1670 967 1740 προστετάξεται.
1005 1675 1210 1739 Δῆλον.
1253 1673 1359 1725 Καὶ
1378 1669 1489 1742 μὴν
1510 1670 1594 1726 ὅτι
1612 1692 1674 1741 γε
1692 1673 1841 1726 νεώ-
1925 1707 1936 1724 ‚-

156 1773 314 1822 τερος
342 1751 738 1822 πρεσβύτερον,
770 1746 841 1804 α“ν
862 1750 934 1821 μὴ
963 1749 1220 1821 ἄρχοντες
1245 1753 1675 1823 προστάττωσιν,
1707 1751 1834 1806 οὔτε

156 1835 290 1889 ἄλλο
311 1833 602 1904 βιάζεσθαι
621 1832 946 1904 ἐπιχειρήσει
976 1836 1104 1888 ποτὲ
1133 1833 1260 1889 οὔτε
1289 1834 1533 1905 τύπτειν,
1558 1833 1631 1900 ῶς
1663 1835 1724 1890 τὸ
1758 1839 1841 1889 εἰ-

155 1918 276 1981 κός·
316 1914 464 1986 οἶμαι
486 1912 536 1970 δ’
558 1913 689 1970 οὐδὲ
709 1914 886 1980 ἄλλως
906 1914 1177 1986 ἀτιμάσει·
1202 1916 1373 1974 ίκανῶ
1393 1916 1499 1988 γὰρ
1518 1917 1593 1973 τῶ
1616 1917 1831 1987 φύλακε

96 2017 129 2057 Β
159 1995 455 2070 κωλύοντε,
491 1997 612 2060 δέος
647 2018 704 2051 τε
741 1998 830 2052 καὶ
867 1996 1048 2067 αἰδώς,
1087 1997 1252 2063 αἰδῶς
1286 2001 1387 2069 μὲν
1425 1997 1497 2063 ῶς
1520 2001 1729 2067 γονέων
1761 1995 1832 2065 μὴ

156 2070 432 2136 ἅπτεσθαι
451 2086 730 2149 εἴργουσα,
763 2079 883 2142 δέος
905 2079 962 2133 δὲ
991 2078 1053 2132 τὸ
1081 2085 1158 2150 τῷ
1182 2079 1446 2148 πάσχοντι
1471 2077 1602 2142 τοὺς
1631 2076 1834 2139 ἄλλους

154 2166 404 2231 βοηθεῖν,
421 2156 552 2222 τούς
571 2157 671 2227 μὲν
691 2155 763 2221 ὡς
782 2160 932 2227 υῑεΐς,
951 2158 1081 2221 τούς
1102 2158 1159 2212 δὲ
1193 2155 1264 2222 ὠς
1292 2156 1585 2227 ἀδελφούς,
1614 2157 1743 2221 τοὺς
1776 2160 1835 2211 δὲ

155 2238 227 2305 ῶς
249 2243 498 2307 πατέρας.
538 2241 840 2309 Ξυμβαίνει
867 2236 975 2309 γὰρ
1004 2235 1196 2307 οὕτως,
1229 2243 1348 2309 ἔφη.
1405 2245 1666 2310 Πανταχῇ
1687 2237 1752 2308 δὴ
1775 2241 1838 2293 ἐκΔ

155 2326 270 2377 τῶν
299 2320 490 2390 νόμων
518 2319 746 2389 εἰρήνην
774 2318 911 2390 πρὸς
948 2317 1220 2390 ἀλλήλους
1250 2323 1306 2374 οἱ
1342 2318 1541 2391 ἄνδρες
1578 2317 1836 2384 ἅξουσιν;

154 2400 378 2472 Πολλήν
396 2422 473 2470 γε.
517 2400 745 2454 Τούτων
764 2398 874 2470 μὴν
894 2402 954 2455 ἐν
975 2402 1185 2465 ἑαυτοῖς
1209 2398 1282 2470 μὴ
1304 2400 1706 2466 στασιαζόντων
1735 2397 1836 2454 ού-

155 2487 251 2539 δὲν
267 2483 455 2538 δεινὸν
473 2482 549 2552 μή
569 2501 699 2536 ποτε
727 2479 759 2551 ἡ
781 2480 916 2552 ἄλλη
937 2482 1093 2546 πόλις
1109 2481 1246 2555 πρὸς
1262 2482 1495 2546 τούτους
1513 2477 1549 2552 ἢ
1569 2481 1707 2550 πρὸς
1731 2479 1832 2536 ἀλ-

96 2575 129 2616 C
158 2563 359 2636 λήλους
379 2563 751 2634 διχοστατήσῃ.
794 2561 879 2617 Οὐ
897 2562 1001 2635 γὰρ
1023 2558 1142 2618 οὖν.
1187 2563 1267 2617 Τά
1286 2584 1348 2632 γε
1370 2562 1481 2634 μὴν
1499 2562 1832 2633 σμικρότατα

153 2654 265 2702 τῶν
283 2651 472 2702 κακῶν
501 2643 570 2699 δι’
595 2642 897 2715 ἀπρέπειαν
924 2642 1074 2699 ὀκνῶ
1091 2647 1183 2699 καὶ
1213 2647 1408 2714 λέγειν,
1442 2636 1520 2698 ῶν
1548 2641 1832 2713 ἀπηλλαγ-

153 2731 308 2797 μένοι
328 2723 400 2781 ἂν
421 2726 546 2797 εἷεν,
568 2731 854 2790 κολακείας
871 2748 929 2780 τε
949 2732 1230 2781 πλουσίων
1259 2728 1485 2796 πένητες
1515 2721 1743 2792 ἀπορίας
1774 2744 1831 2776 τε
1942 2709 1962 2783 ’ξ

153 2808 243 2861 καὶ
263 2805 588 2877 ἀλγηδόνας,
611 2806 744 2871 ὅσας
764 2809 823 2862 ἐν
843 2810 1210 2881 παιδοτροφίᾳ
1224 2808 1313 2861 καὶ
1331 2815 1717 2876 χρηματισμοῖς
1739 2801 1826 2857 διὰ
1885 2840 1889 2843 -
1939 2785 1962 2890 «Ξ
