1962 3236
1736 13 1753 18 ἢ
1790 0 1909 21 ι”’”“.«,>’
1956 0 1962 18 ε

1741 23 1743 25 ’
1837 0 1962 119 *iffi

1877 135 1882 143 ,

175 212 274 263 116
771 212 1249 261 ΠΛΑΤΩΝΟΣ

172 350 436 416 ζητοῦμεν
466 343 805 414 δικαιοσύνη.
843 345 1006 398 Πάνυ
1034 347 1134 413 μὲν
1164 337 1280 399 οὖν.
1328 351 1458 410 Πῶς
1493 340 1599 401 οὖν
1634 342 1706 401 ἄν
1744 347 1848 419 τὴν

173 426 531 496 δικαιοσύνην
555 425 833 495 εὕροιμεν,
859 428 951 479 ἵνα
970 428 1158 495 μηκέτι
1187 428 1701 497 πραγματευώμεθα
1722 429 1845 499 περὶ

173 506 566 578 σωφροσύνης;
611 505 742 575 Ἐγώ
772 503 873 575 μὲν
903 511 1111 575 τοίνυν,
1143 511 1267 576 ἔφη,
1298 506 1426 562 οὔτε
1454 506 1576 563 οἶδα
1614 505 1735 563 οὔτ’
1775 504 1846 562 ἂν

171 594 474 660 βουλοίμην
494 585 630 641 αὐτὸ
653 585 926 657 πρότερον
945 593 1207 657 φανῆναι,
1232 595 1382 659 εἴπερ
1408 590 1598 659 μηκέτι
1627 591 1846 644 ἐπισκε-

171 668 395 738 ψόμεθα
413 666 813 738 σωφροσύνην·
854 664 974 722 ἀλλ’
1007 671 1056 722 εἰ
1083 671 1263 738 ἔμοιγε
1292 667 1482 739 βούλει
1510 674 1843 740 χαρίζεσθαι,

173 749 366 803 σκόπει
386 747 659 820 πρότερον
677 755 840 803 τοῦτο
862 751 1091 804 ἐκείνου.
1131 747 1287 804 Ἀλλὰ
1310 752 1513 820 μέντοι,
1544 744 1615 821 ἦν
1636 749 1687 805 δ’
1715 751 1841 821 ἐγώ,

107 844 138 882 Ε
169 829 445 902 βούλομαί
470 851 549 899 γε,
580 834 629 884 εί
653 828 726 900 μὴ
763 827 952 884 ἀδικῶ.
1011 829 1220 885 Σκόπει
1254 831 1339 900 δή,
1374 835 1494 901 ἔφη.
1545 835 1843 899 Σκεπτέον,

172 909 350 967 εἶπον·
391 912 481 965 καὶ
503 909 577 975 ὥς
595 932 656 980 γε
675 913 943 966 ἐντεῦθεν
976 916 1128 980 ἰδεῖν,
1162 914 1451 983 ξυμφωνίᾳ
1485 915 1590 966 τινὶ
1623 914 1714 970 καὶ
1742 909 1843 980 ἆρ-

171 997 336 1065 μονίᾳ
374 995 661 1060 προσέοικε
698 998 909 1061 μᾶλλον
942 989 978 1062 ἢ
1016 990 1081 1046 τὰ
1119 992 1406 1062 πρότερον.
1443 1000 1598 1059 Πῶς;
1623 991 1846 1062 Κόσμος

173 1073 284 1128 πού
304 1095 399 1142 τις,
420 1066 490 1142 ἦν
513 1071 565 1127 δ’
591 1071 715 1142 ἐγώ,
735 1071 768 1142 ἡ
789 1072 1126 1143 σωφροσύνη
1158 1074 1268 1127 ἐστὶ
1303 1075 1393 1127 καὶ
1423 1071 1646 1144 ἡδονῶν
1674 1079 1843 1128 τινῶν

173 1155 263 1209 καὶ
283 1155 596 1223 ἐπιθυμιων
614 1154 916 1225 ἐγκρατεια,
950 1154 1023 1252 τός
1048 1170 1201 1224 φασι,
1231 1159 1454 1225 κρείττω
1476 1155 1541 1225 δη
1564 1153 1738 1209 αὑτοῦ
1756 1158 1846 1209 λέ-

171 1256 362 1305 γοντες
393 1232 497 1289 οὐκ
531 1233 637 1289 οἷδ’
673 1233 863 1290 ὅντινα
892 1234 1118 1306 τρόπον,
1155 1237 1247 1290 καὶ
1276 1234 1413 1290 ἄλλα
1454 1234 1586 1291 ἄττα
1622 1241 1846 1290 τοιαῦτα

175 1316 359 1386 ω’σπερ
381 1323 501 1386 ἴχνη
523 1313 690 1386 αὐτῆς
710 1325 984 1386 φαίνεται·
1006 1319 1040 1386 ἡ
1060 1338 1189 1387 γαρ·
1178 1358 1191 1382 ,
1212 1316 1450 1372 Παντων
1462 1316 1743 1387 μαλιστα,’
1724 1320 1846 1386 ε’φη.

177 1397 406 1452 Οὐκοῦν
443 1395 504 1450 τὸ
535 1418 637 1466 μεν
671 1401 895 1467 κρείττω
936 1395 1114 1452 αὑτοῦ
1148 1406 1388 1466 γελοῖον;
1428 1395 1456 1451 6
1497 1419 1604 1467 γαρ
1644 1398 1845 1452 ἑαυτοῦ

175 1481 438 1547 κρείττων
471 1480 562 1532 καὶ
599 1475 778 1547 ἥττων
816 1478 996 1548 δήπου
1036 1474 1107 1533 ἂν
1143 1476 1317 1532 αὑτοῦ
1357 1486 1438 1547 εἰη
1471 1479 1561 1531 καὶ
1598 1475 1627 1531 6
1669 1475 1847 1547 ἥττων

60 1578 143 1622 431
177 1565 460 1631 κρείττων·
500 1557 528 1613 6
552 1557 719 1623 αὐτὸς
738 1558 843 1629 γὰρ
869 1563 926 1616 έν
946 1559 1119 1615 ἅπασι
1136 1559 1348 1624 τούτοις
1362 1559 1844 1631 προσαγορεύεται.

182 1647 251 1698 Τί
267 1640 317 1697 δ’
340 1641 436 1708 οὔ,
468 1639 634 1709 Ἀλλ’,
665 1643 737 1711 ἠν
770 1639 820 1696 δ’
863 1641 986 1711 ἐγω,
1019 1647 1275 1712 φαίνεταί
1302 1663 1394 1711 μοι
1421 1640 1726 1711 βούλεσθαι
1758 1642 1844 1695 λέ-

175 1746 296 1794 γειν
315 1717 478 1787 οὗτος
497 1719 526 1777 6
551 1721 729 1792 λόγος,
755 1721 827 1787 ω’ς
850 1745 900 1777 τι
919 1725 980 1778 έν
1001 1722 1149 1797 αύτω
1171 1744 1245 1777 τω
1278 1720 1564 1794 ανθρώπῳ
1596 1724 1719 1791 περὶ
1747 1720 1848 1792 τὴν

177 1804 361 1876 ψυχὴν
380 1803 440 1859 τὸ
473 1826 574 1875 μεν
600 1807 815 1875 βέλτιον
843 1808 941 1875 ἔνι,
971 1803 1031 1860 τὸ
1055 1802 1115 1859 δὲ
1145 1817 1345 1875 χεῖρον,
1366 1805 1456 1859 καὶ
1487 1801 1622 1858 ὅταν
1656 1825 1756 1874 μεν
1787 1802 1847 1858 τὸ

178 1889 393 1958 βέλτιον
414 1885 580 1956 φύσει
610 1889 711 1941 τοῦ
739 1891 985 1957 χείρονος
1017 1885 1270 1956 ἐγκρατες
1302 1889 1355 1957 ἡ,
1383 1891 1545 1940 τοῦτο
1577 1889 1755 1956 λέγειν
1786 1883 1845 1939 τὸ

178 1973 403 2037 κρείττω
423 1967 623 2022 αὑτοῦ·
664 1970 876 2022 ἐπαινεῖ
887 1975 1054 2037 γοῦν·
1095 1967 1230 2023 ὅταν
1250 1967 1308 2023 δε
1328 1965 1436 2021 ὑπὸ
1458 1972 1664 2036 τροφῆς
1682 1974 1851 2035 κακῆς

178 2048 213 2118 ἤ
231 2070 379 2113 τινος
399 2046 611 2119 ὁμιλίας
631 2053 884 2119 κρατηθῇ
912 2046 1018 2102 ὑπὸ
1040 2049 1293 2118 πλήθους
1318 2053 1420 2101 τοῦ
1447 2051 1692 2116 χείρονος
1721 2061 1847 2116 σμι-

123 2157 154 2195 B
181 2129 450 2198 κρότερον
468 2128 529 2183 τὸ
555 2132 769 2199 βέλτιον
790 2129 874 2195 ὅν,
895 2134 1058 2182 τοῦτο
1080 2130 1139 2182 δὲ
1174 2125 1244 2191 ὡς
1271 2130 1331 2183 ἐν
1363 2126 1562 2182 ὀνείδει
1582 2130 1769 2197 ψέγειν
1793 2149 1848 2181 τε

181 2212 272 2266 καὶ
292 2217 479 2264 καλεῖν
498 2208 641 2280 ἥττω
663 2211 864 2264 ἑαυτοῦ
894 2211 984 2264 καὶ
1010 2207 1322 2264 ἀκόλαστον
1351 2207 1450 2263 τὸν
1478 2207 1624 2262 οὕτω
1648 2212 1852 2263 διακεί-

182 2312 367 2362 μενον.
414 2292 524 2346 Καὶ
559 2288 666 2360 γαρ
700 2294 894 2361 ἔοικεν,
936 2295 1058 2361 ἔφη,
1108 2287 1407 2360 Ἀπόβλεπε
1443 2293 1650 2359 τοίνυν,
1690 2282 1762 2359 ἦν
1798 2289 1850 2344 δ’

183 2371 307 2442 ἐγώ,
331 2370 470 2443 πρὸς
489 2369 589 2442 τὴν
607 2375 741 2426 νέαν
760 2371 889 2443 ἡμῖν
918 2371 1098 2442 πόλιν,
1129 2374 1219 2427 καὶ
1251 2370 1501 2444 εὑρήσεις
1530 2374 1589 2426 ἐν
1620 2370 1758 2443 αὐτῇ
1791 2371 1849 2426 τὸ

185 2474 374 2524 ετερον
402 2453 616 2508 τούτων
646 2452 799 2509 ε’νόν·
851 2458 1076 2525 κρείττω
1106 2475 1212 2552 γαρ
1230 2451 1406 2524 αὐτὴν
1436 2450 1604 2523 αὐτῆς
1631 2456 1852 2518 δικαίως

184 2533 375 2605 φήσεις
389 2537 920 2606 προσαγορεύεσθαι,
942 2544 1112 2606 εἰπερ,
1134 2537 1201 2590 οὐ
1221 2533 1280 2590 τὸ
1306 2534 1532 2606 ἄμεινον
1551 2541 1651 2590 τοῦ
1673 2540 1854 2607 χείρο-
1942 2551 1962 2611 '3

184 2638 279 2679 νος
316 2615 487 2687 ἄρχει,
527 2622 756 2688 σωφρον
791 2621 1020 2688 κλητέον
1056 2619 1146 2672 καὶ
1182 2627 1430 2688 κρεῖττον
1462 2614 1652 2671 αὑτοῦ.
1707 2612 1849 2669 Ἀλλ’

186 2692 494 2766 ἀποβλέπω,
528 2700 650 2767 ἔφη,
687 2698 777 2751 καὶ
816 2694 999 2768 ἀληθῆ
1029 2699 1213 2765 λέγεις.
1269 2697 1378 2750 Καὶ
1409 2693 1518 2765 μὴν
1547 2695 1637 2748 καὶ
1667 2691 1761 2756 τοὶς
1790 2714 1851 2761 γε

128 2796 157 2835 C
189 2775 393 2841 πολλὰς
411 2780 502 2832 καὶ
522 2778 873 2844 παντοδαπὰς
893 2783 1186 2850 ἐπιθυμίας
1207 2779 1298 2833 καὶ
1317 2775 1519 2847 ἡδονάς
1544 2796 1599 2829 τε
1630 2775 1721 2829 καὶ
1750 2773 1853 2828 λύ-

184 2879 287 2920 πας
307 2859 365 2910 ἐν
385 2862 538 2914 παισὶ
554 2859 787 2929 μάλιστα
807 2861 878 2916 ἄν
898 2883 977 2924 τις
998 2859 1149 2927 εὕροι
1171 2859 1261 2912 καὶ
1280 2856 1491 2926 γυναιξὶ
1514 2858 1603 2909 καὶ
1624 2859 1855 2919 οἰκέταις
