1962 3236
60 180 115 225 31
727 173 1148 222 TIMAIOaae
1643 172 1746 225 349

0 306 34 372 ζ,
57 305 293 377 μάλιστα
328 306 541 371 εἰκότος
569 302 952 377 ἀντεχομένοις
981 304 1129 361 οὕτω
1158 307 1250 361 καὶ
1277 304 1416 361 κατὰ
1447 311 1622 362 ταῦτα
1642 327 1746 362 πο-
1775 327 1809 367 D

0 379 27 543 ξ
58 390 382 459 ρευομένοις
406 390 680 455 διεξιτέον.

204 474 327 525 xvl.
372 469 482 535 Τὰς
499 472 602 541 μὲν
622 469 688 540 δὴ
718 474 878 533 θείας
904 469 1200 540 περιόδους
1231 469 1334 526 δύο
1354 470 1527 536 οὔσας
1551 471 1613 527 τὸ
1644 477 1745 527 τοῦ

0 547 15 623 [-
58 553 265 617 παντὸς
283 557 462 623 σχῆμα
481 549 959 623 ἀπομιμησάμενοι
988 554 1279 623 περιφερὲς
1310 549 1379 609 ὂν
1409 558 1484 619 εἰς
1507 570 1745 625 σφαιρο-

58 632 196 698 ειδὲς
226 640 384 703 σῶμα
414 635 699 703 ένέδησαν,
731 638 896 686 τοῦτο
925 630 958 686 ὃ
986 638 1097 687 νῦν
1124 632 1376 704 κεφαλὴν
1406 635 1746 706 ἐπονομάζο-

59 735 181 786 μεν,
201 711 234 769 ὃ
251 713 546 769 θειότατόν
563 711 614 767 τ’
644 714 757 768 ἐστὶ
787 714 1011 768 καὶτῶν
1040 716 1102 768 ἐν
1129 712 1261 785 ἡμῖν
1291 714 1518 771 πάντων
1543 720 1746 772 δεσπο-

58 802 210 851 τοῦν·
233 789 278 868 ᾦ
297 796 387 849 καὶ
408 802 523 849 ποὶν
533 793 594 849 τὸ
617 800 774 865 σῶμα
787 797 1103 865 παρέδοσαν
1122 794 1432 868 ὑπηρεσίαν
1452 797 1604 873 αὐτῷ
1623 803 1743 866 ξυν-

58 882 424 949 αθροίσαντες
442 880 585 942 θεοί,
622 876 1084 946 κατανοήσαντες,
1119 876 1204 932 ὅτι
1224 885 1421 934 πασῶν
1439 878 1566 935 ὅσαι
1583 880 1746 951 κινή-

60 979 173 1025 σεις
193 965 405 1015 ἔσοιντο
437 961 661 1030 μετέχοι.
702 957 781 1012 ἵν’
816 951 924 1013 οὖν
951 958 1023 1028 μὴ
1055 958 1495 1032 κυλινδούμενον
1520 962 1608 1016 ἐπὶ
1642 966 1746 1032 γῆς

59 1039 176 1111 ὕψη
196 1061 252 1095 τε
274 1042 364 1095 καὶ
382 1038 534 1110 βάθη
555 1036 882 1095 παντοδαπὰ
904 1039 1131 1109 ἐχούσης
1151 1037 1360 1110 ἀποροῖ
1373 1039 1439 1096 τὰ
1458 1045 1561 1113 μὲν
1579 1040 1742 1112 ὑπερ·
1776 1059 1809 1099 Ε

57 1126 291 1192 βαίνειν,
312 1125 481 1176 ἔνθεν
501 1123 561 1176 δὲ
580 1123 878 1191 ἐκβαίνειν,
914 1118 1075 1191 ὄχημ’
1100 1119 1253 1196 αὐτῷ
1271 1129 1434 1179 τοῦτο
1453 1125 1545 1180 καὶ
1573 1124 1746 1180 εὐπο-

59 1208 186 1273 ρίαν
206 1206 430 1258 ἔδοσαν·
470 1201 612 1258 ὅθεν
645 1201 711 1272 δὴ
744 1210 918 1273 μῆκος
947 1203 1007 1257 τὸ
1050 1210 1207 1274 σῶμα
1245 1208 1418 1275 ἔσχεν,
1457 1208 1653 1263 ἐκτατά
1688 1229 1746 1263 τε

58 1292 211 1341 κῶλα
229 1288 319 1340 καὶ
338 1283 557 1356 καμπτὰ
578 1289 751 1355 ἔφυσε
768 1286 995 1356 τέτταρα
1014 1293 1159 1340 θεοῦ
1177 1291 1638 1357 μηχανησαμένου
1651 1308 1743 1344 πο-

60 1377 234 1436 ρείαν,
258 1363 338 1432 οἷς
355 1366 907 1439 ἀντιλαμβανόμενον
926 1368 1018 1422 καὶ
1043 1365 1474 1438 ἀπερειδόμενον
1494 1368 1580 1423 διὰ
1602 1368 1745 1424 πάν-

58 1470 172 1505 των
191 1449 379 1504 τόπων
409 1449 749 1519 πορεύεσθαι
769 1447 1011 1504 δυνατὸν
1029 1451 1241 1518 γέγονε,
1261 1447 1365 1520 τὴν
1389 1456 1492 1504 τοῦ
1516 1451 1744 1506 θειοτά-
1776 1458 1831 1503 45

55 1551 160 1585 του
179 1532 269 1585 καὶ
289 1529 590 1599 ίερωτάτου
609 1533 785 1600 φέρον
805 1538 1022 1601 οἴκησιν
1041 1531 1337 1586 ἐπάνωθεν
1364 1528 1538 1600 ἡμῶν.
1579 1536 1744 1603 σκέλη

59 1614 162 1684 μὲν
181 1606 285 1668 οὖν
305 1614 475 1683 χεῖρές
493 1634 549 1668 τε
568 1613 743 1684 ταύτῃ
759 1614 850 1667 καὶ
874 1610 963 1666 διὰ
982 1617 1154 1666 ταῦτα
1174 1615 1429 1683 προσέφυ
1447 1618 1581 1668 πᾶσι
1595 1635 1606 1646 ·
1643 1609 1746 1669 τοῦ

61 1693 113 1750 δ’
137 1693 376 1749 ὄπισθεν
394 1693 455 1749 τὸ
472 1695 726 1764 πρόσθεν
743 1694 1064 1766 τιμιώτερον
1084 1695 1176 1749 καὶ
1194 1692 1567 1765 άρχικώτερον
1586 1702 1747 1767 νομί-

62 1781 245 1843 ζοντες
267 1778 392 1831 θεοὶ
410 1776 584 1848 ταύτῃ
603 1775 664 1831 τὸ
687 1776 831 1832 πολὺ
849 1782 945 1848 τῆς
965 1780 1188 1846 πορείας
1215 1773 1347 1846 ἡμῖν
1377 1779 1600 1832 ἔδοσαν·
1635 1781 1746 1834 ἔδει

62 1857 130 1928 δὴ
154 1861 519 1928 διωρισμένον
538 1863 683 1929 ἔχειν
710 1859 799 1913 καὶ
822 1854 1093 1928 άνόμοιον
1112 1864 1211 1912 τοῦ
1234 1858 1484 1929 σώματος
1511 1858 1571 1915 τὸ
1603 1859 1746 1928 πρό-

62 1946 204 1995 σθεν
234 1939 556 2009 ἄνθρωπον.
612 1939 697 1995 διὸ
730 1947 951 2009 πρῶτον
990 1939 1091 2011 μὲν
1127 1942 1250 2011 περὶ
1286 1939 1347 1995 τὸ
1372 1946 1468 2012 τῆς
1502 1948 1746 2013 κεφαλῆς

61 2021 244 2090 κύτος,
267 2017 573 2086 ὑποθέντες
592 2022 795 2077 αὐτόσε
813 2020 874 2077 τὸ
897 2022 1218 2090 πρόσωπον,
1241 2021 1453 2093 ὄργανα
1480 2025 1746 2095 ἐνέδησαν

60 2105 240 2177 τούτῳ
260 2103 407 2174 πάσῃ
427 2110 495 2174 τῇ
522 2110 617 2174 τῆς
645 2111 823 2176 ψυχῆς
853 2111 1105 2178 προνοίᾳ,
1136 2107 1228 2161 καὶ
1258 2108 1509 2171 διέταξαν
1525 2106 1584 2162 τὸ
1610 2129 1740 2177 μετ·
1772 2124 1802 2163 Β

64 2189 188 2256 έχον
217 2182 510 2255 ἡγεμονίας
539 2184 691 2242 τοῦτ’
716 2186 874 2256 εἶναι,
904 2183 966 2241 τὸ
989 2187 1125 2242 κατὰ
1146 2186 1320 2257 φύσιν
1337 2186 1615 2258 πρόσθεν·
1636 2196 1748 2244 τῶν

65 2268 124 2322 δὲ
151 2263 411 2335 ὀργάνων
440 2273 667 2334 πρῶτον
699 2266 801 2338 μὲν
836 2267 1115 2339 φωσφόρα
1148 2268 1610 2340 ξυνετεκτήναντο
1646 2268 1747 2341 ὅμ-

64 2368 225 2418 ματα,
255 2349 439 2416 τοιᾷδε
462 2346 788 2417 ἐνδήσαντες
824 2354 983 2422 αἰτίᾳ.
1031 2356 1131 2405 τοῦ
1167 2350 1344 2421 πυρὸς
1375 2349 1511 2406 ὅσον
1546 2350 1607 2406 τὸ
1647 2351 1749 2422 μὲν

64 2433 242 2483 καίειν
268 2426 370 2481 οὐκ
391 2430 528 2497 ἔσχε,
547 2428 608 2483 τὸ
630 2428 689 2484 δὲ
708 2433 963 2500 παρέχειν
982 2437 1102 2500 φῶς
1128 2430 1355 2501 ἥμερον,
1388 2436 1592 2488 οἰκεῖον
1620 2432 1749 2489 ἑκά-

66 2526 196 2578 στης
211 2506 429 2579 ἡμέρας,
443 2514 599 2578 σῶμα
619 2510 1032 2580 ἐμηχανήσαντο
1053 2516 1361 2581 γίγνεσθαι.
1387 2511 1447 2567 τὸ
1469 2511 1576 2584 γὰρ
1597 2515 1750 2579 ἐντὸς

65 2586 227 2660 ἡμῶν
258 2588 505 2659 ἀδελφὸν
542 2586 610 2644 ὂν
647 2590 851 2645 τούτου
885 2597 998 2659 πῦρ
1036 2594 1322 2661 εἱλικρινὲς
1357 2596 1622 2664 ἐποίησαν
1658 2595 1749 2651 διὰ

65 2676 181 2727 τῶν
200 2669 464 2741 ὀμμάτων
482 2674 599 2741 ρετν
619 2679 768 2727 λεῖον
786 2674 876 2728 καὶ
897 2671 1117 2728 πυκνὸν
1145 2671 1279 2729 ὅλον
1301 2678 1419 2746 μέν,
1438 2675 1671 2746 μάλιστα
1693 2676 1751 2733 δὲ

65 2752 130 2810 τό
149 2757 320 2824 μέσον
340 2754 776 2826 ξυμπιλήσαντες
794 2761 909 2811 τῶν
929 2756 1208 2827 ὀμμάτων,
1231 2755 1370 2812 ὥστε
1399 2758 1461 2813 τὸ
1492 2759 1595 2828 μὲν
1613 2757 1747 2814 ἄλλο
1782 2769 1812 2811 C

69 2834 207 2891 ὅσον
227 2836 535 2906 παχύτερον
555 2841 767 2908 στέγειν
791 2844 920 2907 πᾶν,
953 2837 1013 2894 τὸ
1037 2845 1287 2895 τοιοῦτον
1319 2840 1377 2895 δὲ
1404 2839 1582 2910 μόνον
1613 2839 1747 2896 αὐτὸ
