1962 3236
15 119 23 223 ,1
68 172 127 217 45
257 130 263 134 ι
723 163 1101 213 ΤΙΜΑΙΟΣ.
1650 161 1756 215 363

66 294 217 368 ἡτῆς
234 295 480 368 ἀνάγκης
510 297 715 353 ἑκοῦσα
742 294 1034 351 πεισθεῖσοὶ
1061 315 1121 350 τε
1149 294 1318 365 φύσις
1346 291 1555 364 ὑπεῖκε,
1583 295 1757 367 ταύτῃ

5 383 10 386 ⁴
67 377 246 449 πάντη
267 376 346 433 δι’
366 376 646 450 ἀκριβείας
664 375 1140 433 ἀποτελεσθεισῶν
1158 372 1259 431 ὑπ’
1280 374 1456 432 αὐτοῦ
1472 376 1755 447 ξυνηρμό-

70 469 208 517 σθαι
224 466 400 515 ταῦτα
419 459 529 515 ἀνὰ
548 460 734 530 λόγον.

209 546 361 596 xxll.
398 541 484 597 Ἐκ
509 539 577 612 δὴ
598 540 827 595 πάντων
847 532 928 594 ὦν
946 541 1070 608 περὶ
1088 537 1155 595 τά
1186 541 1318 611 γένη
1347 539 1754 611 προειρήκαμεν

67 615 167 678 ὧδ’
191 619 263 679 ἀν
283 621 422 679 κατά
439 619 502 678 τὸ
532 620 680 685 εἰκὸς
707 617 926 691 μάλιστ’
956 618 1029 675 ἀν
1060 625 1186 691 ἔχοι.
1224 628 1298 692 γῆ
1317 622 1422 718 μὲν,
1448 620 1756 720 ξυντυγχοὶῑ
1786 639 1821 680 D

69 783 161 853 ἄν,
181 782 283 839 εἰτ’
306 787 368 839 ἐν
388 781 542 855 αὐτῷ
559 784 695 853 πυρὶ
714 789 950 837 λυθεῖσα
970 781 1070 838 εἴτ’
1094 786 1154 838 ἐν
1173 781 1333 853 ἀέρος
1350 782 1450 840 εἴτ’
1472 787 1533 839 ἐν
1551 782 1755 847 ὕδατος

67 863 215 939 ὄγκῳ
233 865 405 935 τύχοι,
441 868 702 935 μέχριπερ
727 862 798 919 ἂν
825 861 995 934 αὐτῆς
1026 884 1104 936 πῃ
1133 865 1473 935 ξυντυχόντα
1501 864 1568 920 τὰ
1596 866 1752 935 μέρη,

69 946 235 1001 πάλιν
264 949 722 1016 ξυναρμοσθέντα
749 942 890 1000 αὐτοὶ
920 942 1123 1016 αὐτοῖς,
1150 952 1220 1016 γῆ
1251 950 1491 1015 γένοιτο·
1542 943 1611 1000 οὐ
1642 943 1751 1014 γὰρ

67 1033 144 1093 είς
163 1027 298 1084 ἄλλο
318 1049 380 1097 γε
403 1026 547 1092 εἶδος
567 1031 724 1083 ἔλθοι
742 1024 855 1082 ποτ’
879 1025 978 1081 ἄν·
1018 1024 1172 1096 ὕδωρ
1194 1027 1252 1083 δὲ
1270 1025 1377 1083 ὑπὸ
1399 1025 1577 1098 πυρὸς
1595 1048 1755 1099 μερι-

67 1113 226 1176 σθέν,
248 1116 356 1164 εἴτε
383 1110 476 1163 καὶ
498 1106 597 1163 ὑπ’
620 1106 798 1177 ἀέρος,
818 1110 1048 1179 ἐγχωρεῖ
1069 1114 1362 1180 γίγνεσθαι
1390 1109 1664 1175 ξυστάντα
1693 1111 1754 1164 ἓν

65 1193 168 1259 μὲν
191 1188 370 1258 πυρὸς
389 1195 564 1260 σῶμα,
599 1189 700 1244 δύο
733 1189 793 1244 δὲ
820 1188 1005 1258 ἀέρος·
1039 1189 1106 1245 τά
1138 1191 1198 1247 δὲ
1228 1189 1388 1259 ἀέρος
1417 1190 1668 1262 τμήματα
1696 1192 1751 1255 ἐξ

66 1270 191 1336 ἑνὸς
215 1274 419 1342 μέρους
448 1273 812 1335 διαλυθέντος
836 1267 931 1324 δύ’
963 1266 1035 1326 ἀν
1060 1277 1366 1342 γενοίσθην
1384 1271 1610 1341 σώματα
1639 1292 1748 1326 πυ·
1780 1293 1812 1333 Ε

67 1351 179 1419 ρός.
212 1355 303 1407 καὶ
322 1351 508 1420 πάλιν,
530 1350 666 1407 ὅταν
686 1348 807 1419 ἀέρι
825 1358 937 1420 πῦρ
957 1351 1129 1407 ὕδασί
1141 1373 1198 1406 τε
1217 1351 1254 1422 ἤ
1272 1374 1379 1406 τινι
1397 1359 1469 1423 γῇ
1488 1358 1756 1423 περιλαμ-

67 1433 383 1504 βανόμενον
402 1435 464 1490 ἐν
483 1440 706 1498 πολλοῖς
734 1431 942 1504 ὀλίγον,
969 1433 1307 1504 κινούμενον
1331 1437 1390 1489 ἐν
1410 1434 1752 1504 φερομένοις,

66 1516 381 1587 μαχόμενον
400 1519 490 1572 καὶ
504 1516 738 1587 νικηθὲν
755 1523 1182 1587 καταθραυσθῇ,
1205 1516 1309 1571 δύο
1328 1515 1507 1585 πυρὸς
1526 1516 1753 1586 στόματα

69 1601 145 1660 είς
176 1599 239 1652 ἓν
259 1602 633 1662 ξυνίστασθον
670 1596 812 1662 εἶδος
842 1596 1028 1664 ἀέρος·
1064 1600 1156 1653 καὶ
1186 1600 1563 1668 κρατηθέντος
1590 1597 1753 1669 ἀέρος

66 1679 529 1747 κερματισθέντος
550 1700 608 1733 τε
632 1680 692 1733 ἐκ
716 1682 875 1734 δυοῖν
892 1677 1050 1734 ὅλοιν
1078 1680 1167 1734 καὶ
1196 1676 1421 1749 ἡμίσεος
1445 1676 1648 1743 ὕδατος
1678 1677 1755 1734 εῖ-

70 1762 165 1823 dog
187 1762 249 1813 ἓν
267 1758 401 1814 ὅλον
420 1763 569 1814 ἔσται
591 1762 879 1830 ξυμπαγές.
901 1752 1010 1814 ὦδε
1026 1758 1133 1829 γὰρ
1155 1759 1221 1830 δὴ
1238 1758 1594 1829 λογισώμεθα
1614 1757 1753 1815 αὐτὰ

70 1839 257 1910 πάλιν,
281 1837 354 1904 ὠς
387 1838 523 1895 ὅταν
560 1841 621 1895 έν
654 1841 787 1909 πυρὶ
824 1840 1252 1911 λαμβανόμενον
1281 1846 1396 1895 ταῖν
1427 1839 1613 1895 ἄλλων
1650 1837 1749 1895 ὑπ’
1779 1856 1835 1903 57
1855 1890 1867 1898 .

71 1918 247 1976 αὐτοῦ
266 1943 318 1976 τι
334 1924 494 1990 γένος
513 1928 579 1994 τῇ
598 1928 711 1976 τῶν
730 1926 955 1991 γωνιῶν
972 1923 1062 1976 καὶ
1081 1920 1219 1976 κατὰ
1238 1918 1337 1986 τὰς
1357 1918 1601 1991 πλευρὰς
1620 1919 1752 1987 ὀξύ-

69 2022 187 2071 τητι
205 2004 479 2071 τέμνηται,
502 2005 707 2067 ξυστάν
726 2000 829 2071 μὲν
860 2007 936 2067 εἰς
963 2001 1066 2072 τὴν
1094 2006 1311 2057 ἐκείνου
1340 2002 1514 2072 φύσιν
1539 2006 1754 2058 πέπαυ-

66 2103 153 2137 ται
186 2081 648 2153 τεμνόμενον·τό
683 2082 790 2153 γὰρ
824 2081 1019 2153 ὅμοιον
1054 2084 1146 2138 καὶ
1181 2081 1388 2138 ταυτὸν
1417 2080 1567 2156 αὐτῷ
1588 2088 1755 2183 γένος

67 2163 303 2219 ἕκαστον
325 2185 455 2219 ουτε
475 2164 598 2219 τινὰ
619 2162 932 2236 μεταβολὴν
957 2166 1251 2236 ἐμποιῆσαι
1277 2163 1521 2221 δυνατὸν
1546 2165 1674 2221 οὔτε
1694 2187 1754 2263 'tc

69 2251 276 2300 παθεῖν
297 2241 404 2298 ὑπὸ
423 2252 525 2299 τοῦ
543 2245 683 2301 κατὰ
703 2243 876 2301 ταύτὰ
896 2243 1098 2316 ὁμοίως
1117 2267 1175 2301 τε
1194 2250 1436 2316 ἔχοντος·
1477 2248 1579 2312 ε’ως
1599 2246 1655 2302 δ’
1681 2243 1754 2302 ἀν

71 2328 147 2387 εἰς
166 2323 303 2379 ἄλλο
321 2345 374 2379 τι
400 2326 736 2396 γιγνόμενον
764 2320 989 2398 ἦττον“
957 2348 1025 2382 ον
1053 2332 1326 2395 κρείττονι
1349 2327 1601 2400 μα’χηται,
1619 2327 1755 2384 λυό-

69 2426 242 2475 μενον
262 2403 333 2459 οὐ
354 2405 601 2461 παύεται.
634 2406 701 2461 τά
722 2428 779 2462 τε
797 2400 871 2462 αὖ
892 2407 1225 2478 σμικρότερα
1245 2407 1382 2464 ὅταν
1413 2411 1476 2464 ἐν
1502 2421 1614 2474 τοῖς
1633 2414 1756 2479 μεί-

68 2491 200 2552 ζοσι,
221 2493 443 2552 πολλοῖς
461 2489 979 2559 περιλαμβανόμενα
999 2486 1176 2558 ὀλίγα,
1203 2489 1623 2560 διαθραυόμενα
1652 2512 1754 2544 κα-
1789 2514 1823 2554 Β

69 2567 489 2638 τασβεννύηται,
505 2572 867 2634 ξυνίστασθαι
885 2573 988 2640 μὲν
1005 2571 1271 2626 ἐθέλοντα
1292 2574 1367 2634 είς
1385 2568 1487 2640 τὴν
1497 2576 1600 2626 τοῦ
1615 2592 1754 2642 κρα-

67 2654 298 2712 τοῦντος
327 2651 480 2704 ἰδέαν
514 2654 783 2705 πέπαυται
812 2650 1302 2721 κατασβεννύμενα
1332 2655 1583 2721 γίγνεταί
1605 2672 1664 2707 τε
1692 2654 1752 2708 ἐκ

68 2728 246 2797 πυρὸς
274 2729 400 2800 ἀήρ,
440 2733 494 2796 ἐξ
526 2729 687 2799 ἀέρος
715 2729 891 2799 ὕδωρ·
928 2731 1025 2787 ἐὰν
1054 2730 1103 2787 δ’
1142 2735 1218 2797 εἰς
1245 2730 1386 2787 αὐτὰ
1419 2738 1475 2805 ἴῃ
1512 2733 1602 2789 καὶ
1641 2739 1754 2788 τῶν

68 2808 255 2867 ἔλλων
272 2834 323 2867 τι
343 2813 535 2878 ξυνιὸν
546 2819 727 2884 γενῶν
745 2813 995 2885 μάχηται,
1009 2814 1254 2885 λυόμενα
1273 2813 1342 2870 ού
1361 2813 1610 2887 παύεται,
1623 2816 1755 2886 πρὶν
