1962 3236
210 181 312 234 130
824 181 1299 230 ΠΛΑΤῼΝΟΣ

147 332 181 377 c
209 317 308 372 ἕνα
344 315 597 382 ἕκαστον,
638 314 774 370 ὅταν
811 313 985 369 αὐτοῦ
1025 312 1086 369 τὸ
1119 313 1412 383 θυμοειδὲς
1443 316 1679 386 διασώζῃ
1710 315 1799 369 διά
1832 336 1891 370 τε

208 403 403 453 λυπῶν
423 399 512 452 καὶ
533 396 755 467 ἡδονῶν
773 393 834 451 τὸ
852 394 960 450 ὐπὸ
981 401 1083 449 τοῦ
1102 397 1275 464 λόγου
1294 397 1685 464 παραγγελθὲν
1705 394 1893 450 δεινόν

207 501 266 534 τε
285 480 377 535 καὶ
397 479 487 579 μή.
522 477 737 546 Ὀρθῶς
755 475 811 546 γ’
819 519 835 546 ,
858 481 981 547 ἔφη.
1024 476 1225 547 Σοφὸν
1257 477 1321 531 δέ
1347 496 1410 545 γε
1439 478 1630 549 ἐκείνῳ
1658 481 1734 530 τῶ
1765 492 1889 544 σμι-

209 566 327 634 κρῷ
346 561 514 630 μέρει,
536 565 611 631 τῷ
633 556 661 614 ὸ
655 552 818 627 ἦρχέ
831 579 863 612 τ
874 556 970 612 ’έν
990 554 1142 612 αὐτῶ
1171 558 1261 612 καὶ
1292 563 1463 612 ταῦτα
1493 556 1926 627 παρήγγελλεν,,’

209 645 333 710 ἔχον
354 643 426 694 αὐ
446 638 667 694 κάκεῖνο
682 639 982 709 ἐπιστήμην
1002 642 1061 693 ἐν
1081 637 1234 708 αὐτῷ
1251 637 1356 708 τὴν
1384 645 1486 693 τοῦ
1516 640 1890 708 ξυμφέροντος

208 722 418 794 ἑκάστω
437 741 494 774 τε
513 723 604 775 καὶ
635 719 746 792 ὅλῳ
774 727 853 793 τῷ
880 725 1051 774 κοινῶ
1079 725 1242 788 σφῶν
1270 717 1458 774 αυτῶν
1486 725 1658 788 τριῶν
1688 717 1886 774 ὄντων.

208 803 372 858 Πάνυ
392 803 494 873 μὲν
513 795 634 857 οὖν.
665 808 733 857 Τί
747 805 810 856 δέ
817 826 832 868 ;
855 802 1122 872 σώφρονα
1139 799 1207 856 οὐ
1225 807 1294 873 τῇ
1314 806 1469 873 φιλία
1490 803 1578 856 καὶ
1601 804 1889 872 ξυμφωνίᾳ

145 897 180 938 D
211 890 277 958 τῇ
298 882 486 939 αὐτῶν
505 883 738 953 τούτων,
760 882 895 939 ὅταν
915 884 977 937 τό
1007 905 1064 938 τε
1084 883 1255 953 ἄρχον
1284 884 1374 937 καὶ
1405 880 1479 937 τῶ
1513 881 1798 952 ἀρχομένω
1825 879 1885 935 τὸ

209 965 525 1035 λογιστικὸν
559 964 869 1036 ὁμοδοξῶσι
904 969 1020 1019 δεῖν
1057 964 1247 1034 ἄρχειν
1289 965 1379 1018 καὶ
1417 962 1489 1032 μὴ
1530 963 1888 1027 στασιάζωσιν

209 1045 386 1121 αὐτῷ;
412 1047 776 1116 Σωφροσύνη
810 1051 970 1115 γοῦν,
1008 1039 1043 1114 ἧ
1084 1043 1134 1099 δ’
1176 1044 1254 1111 ὅς,
1293 1043 1396 1099 οὐκ
1435 1041 1570 1097 ἄλλο
1599 1048 1655 1097 τί
1681 1046 1827 1096 ἐστιν
1853 1037 1890 1111 η’

208 1134 391 1193 τοῦτο,
412 1128 624 1192 πόλεως
643 1149 698 1183 τε
719 1129 810 1182 καὶ
831 1126 1070 1182 ἰδιώτου.
1116 1124 1273 1181 Ἀλλά
1294 1125 1395 1195 μὲν
1415 1124 1480 1195 δὴ
1515 1122 1722 1187 δίκαιός
1742 1145 1822 1192 γε,
1845 1115 1890 1175 ῶ

209 1210 475 1274 πολλάκις
500 1213 748 1279 λέγομεν,
768 1208 945 1280 τούτῳ
961 1210 1052 1262 καὶ
1073 1207 1247 1272 οὕτως
1266 1212 1428 1262 ἔσται.
1451 1204 1638 1275 Πολλὴ
1659 1203 1887 1274 ἀνάγκη.

132 1330 153 1362 5,
215 1296 284 1346 Τί
310 1284 441 1357 οὕτω
483 1289 637 1345 εἷπον
666 1289 798 1359 ἐγώ·
843 1289 917 1358 μή
949 1308 1024 1359 πῃ
1052 1286 1183 1358 ἡμῖν
1212 1287 1629 1358 ἀπαμβλύνεται
1664 1286 1797 1340 ἄλλο
1838 1306 1886 1338 τι

145 1366 147 1369 ’
211 1372 537 1441 δικαιοσύνη
562 1375 746 1426 δοκεῖν
768 1369 907 1426 εἶναι
932 1393 964 1439 η
987 1370 1122 1439 ὅπερ
1153 1372 1213 1424 έν
1239 1377 1306 1441 τῇ
1334 1368 1491 1423 πόλει
1520 1368 1725 1438 ἐφάνη·
1713 1408 1727 1432 ,
1769 1363 1888 1420 Ούκ

156 1464 189 1503 Ε
215 1460 415 1525 ἔμοιγε,
439 1457 562 1523 ἔφη,
587 1456 751 1507 δοκεῖ.
792 1444 920 1506 Ὧδε
949 1452 1073 1521 γάρ,
1101 1473 1173 1520 ην
1202 1449 1254 1504 δ’
1287 1449 1409 1519 ἐγώ.
1442 1449 1790 1504 παντάπασιν
1819 1442 1890 1500 ἀν
1938 1514 1943 1523 ⁴

210 1540 678 1633 βεβαιωσαίμεθα,
713 1541 766 1588 εἴ
776 1555 827 1588 τι
843 1531 1002 1615 ἡμῶν
1021 1537 1098 1586 ἔτι
1123 1535 1182 1586 ἐν
1202 1538 1267 1602 τῇ
1290 1538 1437 1603 ψυχῇ
1457 1531 1802 1601 ἀμφισβητεῖ,
1823 1524 1888 1582 τὰ
1934 1528 1945 1575 sl

212 1613 447 1688 φορτικὰ
470 1614 621 1669 αὐτῶ
641 1617 1063 1685 προσφέροντες
1103 1621 1246 1668 Ποῖα
1268 1615 1360 1682 δή·
1347 1655 1361 1679 ,
1398 1609 1534 1668 Οἷον
1553 1617 1602 1666 εἰ
1620 1612 1733 1666 δέοι
1751 1606 1891 1680 ἡμᾶς
1955 1643 1962 1650 -

212 1671 675 1767 ἀνομολογεῖσθαι
697 1702 825 1766 περί
838 1717 896 1750 τε·
915 1700 1122 1766 ἐκείνης
1140 1702 1234 1764 τῆς
1253 1693 1463 1758 πόλεως
1483 1695 1574 1749 καὶ
1592 1699 1693 1747 τοῦ
1713 1695 1892 1761 ἐκείνῃ
1940 1757 1942 1759 V

212 1777 412 1850 ὁμοίως
443 1779 757 1847 πεφυκότος
783 1799 840 1832 τε
869 1779 958 1831 καὶ
986 1778 1375 1845 τεθραμμένου
1408 1773 1631 1844 ἀνδρός,
1664 1778 1714 1828 εἰ
1741 1777 1893 1828 δοκεῖ

210 1855 283 1914 ἀν
308 1858 788 1928 παρακαταθήκην
808 1862 1040 1927 χρυσίου
1063 1853 1099 1926 ἢ
1120 1855 1391 1926 ἀργυρίου
1412 1851 1749 1926 δεξάμενος’
1726 1878 1754 1909 ο
1774 1875 1890 1908 τοι-
1936 1897 1950 1916 ³

211 1948 374 2005 οὗτος
403 1939 791 2009 ἀποστερῆσαι,
823 1936 929 1993 τίν’
968 1934 1038 1993 ἀν
1075 1947 1177 1993 οἰει
1215 1945 1478 2009 οἰηθῆναι
1514 1944 1675 1992 τοῦτο
1716 1932 1890 1990 αὐτὸν

90 2032 179 2077 443
213 2025 412 2091 δράσαι
430 2028 645 2092 μαλλον
665 2044 697 2090 η
720 2019 841 2075 ὅσοι
860 2017 932 2090 μὴ
955 2026 1223 2085 τοιοῦτοι;
1245 2016 1448 2074 Ούδέν’
1474 2016 1561 2086 άν,
1586 2022 1704 2085 ἔφη.
1736 2013 1890 2070 Οὐκ-
1945 2017 1962 2095 ¹}

209 2110 315 2157 οῦν
350 2105 442 2157 καὶ
478 2106 806 2170 ἱεροσυλιῶν
844 2101 934 2154 καὶ
969 2107 1193 2154 κλοπῶν
1224 2101 1315 2153 καὶ
1343 2102 1674 2166 προδοσιῶν,
1711 2092 1747 2165 ἢ
1777 2100 1887 2169 ἰδίᾳ

209 2184 441 2252 ἑταίρων
465 2181 502 2253 ἢ
532 2187 764 2254 δημοσίᾳ
801 2182 1036 2248 πόλεων,
1074 2179 1227 2244 ἐκτὸς
1256 2176 1327 2233 ἂν
1355 2172 1518 2242 οὗτος
1548 2185 1656 2247 εἴης
1692 2174 1887 2241 Έκτός.

207 2264 318 2318 Καὶ
337 2261 448 2334 μὴν
470 2263 595 2318 οὐδ’
618 2260 932 2318 ὁπωστιοῦν
962 2260 1190 2325 ἄπιστος
1219 2257 1256 2331 ἦ
1287 2260 1423 2315 κατὰ
1450 2257 1654 2331 ὅρκους
1684 2254 1720 2328 ἢ
1750 2258 1887 2313 κατὰ

207 2343 305 2409 τὰς
335 2345 503 2411 ἄλλας
538 2344 846 2416 ὁμολογίας.
903 2349 1032 2406 Πῶς
1067 2342 1174 2413 γάρ
1213 2342 1312 2409 ἄν;
1360 2349 1618 2412 Μοιχεῖαι
1652 2339 1762 2411 μὴν
1799 2341 1889 2394 καὶ

206 2428 419 2496 γονέων
439 2424 682 2496 ἀμέλειαι
702 2427 792 2480 καὶ
810 2431 965 2480 θεῶν
984 2423 1385 2494 ἀθεραπευσίαι
1407 2425 1568 2477 παντὶ
1582 2421 1728 2494 ἄλλῳ
1748 2429 1888 2492 μᾶλ-
1947 2416 1962 2465 's

208 2514 309 2563 λον
327 2506 362 2578 ἢ
380 2515 456 2581 τῷ
475 2507 707 2581 τοιούτῳ
727 2508 1117 2577 προσήκουσιν.
1156 2508 1333 2561 Παντὶ
1352 2508 1556 2576 μέντοι,
1577 2509 1696 2574 ἔφη.
1737 2502 1882 2558 Ούκ-

146 2611 177 2653 Β
209 2595 315 2644 οῦν
332 2590 549 2644 τούτων
570 2590 795 2644 πάντων
815 2598 1007 2650 αἶ’,τιον
1038 2587 1123 2643 ὅτι
1144 2588 1320 2644 αὐτοῦ
1349 2594 1461 2642 τῶν
1492 2589 1552 2641 ἐν
1582 2585 1732 2639 αὐτῶ
1758 2586 1887 2638 ε’κα-
1959 2596 1962 2599 “

210 2688 342 2724 στον
361 2669 427 2724 τά
448 2669 622 2725 αὑτοῦ
643 2670 869 2740 πράττει
903 2669 1071 2740 ἀρχῆς
1097 2691 1154 2724 τε
1189 2671 1313 2739 πέρι
1341 2670 1451 2752 καὶ-
1458 2673 1558 2722 τοῦ
1589 2666 1884 2735 ἄρχεσθαι;

214 2757 390 2805 Τοῦτο
413 2774 512 2822 μεν
534 2746 655 2819 οὗν,
678 2753 768 2807 καὶ
790 2749 955 2806 οὐδεν
975 2752 1122 2809 ἄλλο
1148 2750 1264 2805 ”En
1281 2757 1381 2819 [τι]
1381 2771 1488 2803 ουν
1508 2749 1695 2814 ἕτερον
1716 2749 1886 2814 ζητεῖς
1943 2751 1954 2791 ἑ

208 2834 570 2903 δικαιοσύνην
590 2832 727 2888 εἶναι
754 2829 791 2904 ἠ
818 2833 1024 2904 ταύτην
1055 2832 1154 2903 τὴν
1185 2831 1440 2900 δύναμιν,
1470 2825 1505 2898 ἣ
1534 2848 1663 2890 τους
1699 2849 1756 2880 τ(
1764 2825 1886 2880 ιού-

1935 831 1962 1397 tzhz-tussjQQ-Qssfflaez
1944 799 1962 825 aa,
1950 767 1962 790 η
1952 734 1962 761 «Α
1946 712 1962 727 n·
1944 688 1962 703 2.‘
1950 663 1955 667 ι
