1962 3236
0 127 5 151 ⁵
54 166 112 212 ει
704 154 920 203 TIMA
939 154 1088 203 102.
1267 157 1273 160 “
1636 152 1744 206 399

0 280 13 302 ³
55 291 231 349 νόσον
247 289 351 361 μὲν
369 288 438 361 δὴ
462 294 641 359 ψυχῆς
668 287 870 344 ἄνοιαν
898 286 1295 359 ξυγχωρητέον,
1325 284 1431 342 δύο
1461 283 1521 342 δ’
1551 285 1743 355 άνοίας

0 387 3 390 ’
56 378 209 447 γε’νη,
243 372 305 429 τὰ
336 373 441 444 μὲν
467 376 694 444 μανίαν,
721 370 783 427 τό
817 371 878 428 δὲ
910 368 1175 442 άμαθίαν.
1210 375 1325 426 πᾶν
1354 362 1460 425 οὖν
1486 366 1520 425 ὅ
1545 391 1598 424 τι
1632 370 1742 425 πά-

58 472 206 526 σχων
223 476 303 518 τις
321 452 505 518 πάθος
523 450 795 523 ὁπότερον
814 448 1004 507 αὐτῶν
1021 459 1176 522 ἰσχει,
1190 449 1364 506 νόσον
1375 451 1739 523 προσρητέον,

56 533 263 608 ἡδονὰς
276 534 334 590 δὲ
350 535 440 589 καὶ
457 532 633 599 λύπας
645 531 1103 604 ὑπερβαλλούσας
1135 536 1249 587 τῶν
1277 530 1464 587 νόσων
1487 535 1744 603 μεγίστας

56 617 256 674 θετέον
272 622 341 688 τῇ
359 621 534 687 ψυχῇ·
567 614 866 686 περιχαρὴς
883 612 990 684 γὰρ
1018 612 1320 683 ἅνθρωπος
1348 609 1431 668 ὦν
1458 609 1496 685 ἦ
1524 615 1616 671 καὶ
1641 611 1743 670 τά-

57 704 250 756 ναντία
279 696 390 753 ὑπὸ
418 698 595 768 λύπης
620 695 864 766 πάσχων,
897 695 1157 751 σπεύδων
1184 693 1245 750 τὰ
1276 694 1379 766 μὲν
1408 696 1553 752 ἑλεῖν
1581 693 1741 752 άκαί-
1773 705 1804 748 G

60 804 184 853 ρως,
208 780 270 837 τὸ
295 780 354 837 δὲ
371 790 591 851 φυγεῖν,
618 777 754 835 οὔθ’
785 776 926 851 ὁρᾷν
954 776 1083 833 οὔτε
1113 774 1344 833 ἀκούειν
1368 774 1551 847 ὀρθὸν
1575 775 1744 835 οὐδὲν

58 863 307 932 δύναται,
329 867 498 933 λυττᾷ
517 861 685 916 δὲκαὶ
706 863 979 930 λογισμοῦ
997 870 1285 930 μετασχεῖν
1302 857 1499 930 ἥκιστα
1519 858 1643 916 τότε
1672 857 1739 931 δὴ

58 943 296 1008 δυνατός
331 945 458 998 ἐστι.
495 940 555 997 τὸ
588 942 648 997 δὲ
678 943 892 1012 σπέρμα
927 939 1036 1014 ὅτῳ
1066 940 1211 996 πολὺ
1249 942 1340 996 καὶ
1377 942 1589 1012 ρυὤδες
1618 943 1743 1009 περὶ

57 1025 159 1081 τὸν
169 1021 379 1096 μυελὸν
393 1028 635 1094 γίγνεται
656 1024 784 1093 [καὶ]
805 1022 1108 1091 καθαπερεὶ
1129 1023 1364 1093 δένδρον
1383 1022 1743 1095 πολυκαρπό-

58 1128 221 1176 τερον
238 1111 340 1162 τοῦ
371 1109 684 1176 ξυμμέτρου
714 1103 966 1173 πεφυκὸς
995 1097 1047 1175 ᾗ,
1078 1101 1287 1168 πολλὰς
1313 1105 1415 1175 μὲν
1445 1103 1579 1161 καθ’
1613 1106 1744 1161 ἕκα-

59 1206 192 1244 στον
210 1186 430 1256 ὠδῖνας,
450 1185 656 1250 πολλὰς
685 1184 739 1240 δ’
769 1183 974 1256 ἡδονὰς
1007 1184 1287 1255 κτώμενος
1311 1187 1372 1240 έν
1399 1197 1515 1250 ταῖς
1543 1187 1744 1242 ἐπιθυ-

58 1275 201 1342 μίαις
219 1271 311 1326 καὶ
329 1281 442 1333 τοῖς
459 1269 584 1337 περὶ
602 1265 668 1322 τα
689 1274 914 1322 τοιαῦτα
929 1266 1129 1335 τόκοις,
1144 1266 1386 1338 ἐμμανὴς
1403 1267 1465 1322 τὸ
1488 1274 1745 1325 πλεῖστον

59 1350 384 1422 γιγνόμενος
402 1355 503 1406 τοῦ
534 1354 662 1421 βίου
684 1346 772 1403 διὰ
802 1346 899 1413 τὰς
916 1352 1174 1419 μεγίστας
1199 1345 1404 1418 ἡδονὰς
1428 1352 1520 1406 καὶ
1549 1349 1743 1422 λύπας,
1775 1363 1807 1405 D

60 1439 344 1490 νοσοῦσαν
362 1434 454 1489 καὶ
474 1431 698 1503 ἄφρονα
714 1439 883 1504 ἴσχων
900 1428 1008 1487 ὑπὸ
1028 1436 1131 1488 τοῦ
1147 1430 1400 1503 σώματος
1418 1432 1522 1506 τὴν
1541 1435 1743 1507 ψυχήν,

61 1514 162 1586 ούχ
184 1513 255 1581 ὦς
282 1522 469 1571 νοσῶν
503 1513 625 1572 ἀλλ’
660 1512 732 1580 ὡς
759 1515 902 1572 ἑκών
929 1515 1100 1579 κακὸς
1127 1521 1310 1580 κακῶς
1338 1515 1642 1582 δοξάζεται·
1681 1516 1743 1573 τὰ

62 1597 120 1653 δὲ
150 1596 356 1668 ἀληθὲς
383 1596 416 1667 ἡ
447 1598 571 1665 περὶ
599 1595 666 1652 τὰ
696 1593 995 1667 ἀφροδίσια
1024 1594 1291 1653 ἀκολασία
1326 1594 1464 1651 κατὰ
1501 1595 1562 1652 τὸ
1599 1598 1746 1654 πολὺ

60 1682 223 1750 μέρος
242 1676 332 1734 διὰ
351 1678 454 1748 τὴν
485 1677 609 1744 ἑνὸς
634 1681 832 1748 γένους
857 1679 969 1744 ἕξιν
997 1676 1106 1734 ὑπὸ
1137 1678 1445 1750 μανότητος
1473 1677 1653 1735 ὀστῶν
1683 1681 1746 1736 ἐν

61 1761 271 1831 σώματι
291 1760 479 1831 ὀνώδη
513 1762 601 1815 καὶ
622 1759 1001 1831 ὑγραίνουσαν
1020 1759 1185 1826 νόσος
1205 1766 1380 1833 ψυχῆς
1406 1765 1614 1833 γε’γονε.
1655 1765 1748 1819 καὶ

61 1841 259 1912 σχεδὸν
280 1841 346 1913 δή
368 1842 565 1910 πάντα,
586 1839 765 1898 ὁπόσα
784 1840 1007 1914 ἡδονῶν
1037 1840 1298 1914 ἀκράτεια
1321 1845 1412 1899 καὶ
1432 1840 1647 1910 ὄνειδος
1674 1842 1748 1910 ώς

61 1924 306 1979 ἑκόντων
323 1927 533 1994 λέγεται
553 1931 665 1980 τῶν
686 1929 892 1994 κακῶν,
925 1923 1029 1980 οὐκ
1054 1922 1244 1996 ὀρθῶς
1263 1923 1580 1993 ὀνειδίζεται
1594 1949 1605 1961 ·
1643 1948 1746 1983 κα·-

61 2004 157 2069 κὸς
189 2006 291 2075 μὲν
314 2005 423 2075 γὰρ
450 2004 596 2061 ἑκών
625 2004 824 2075 οὐδείς,
857 2003 947 2061 διὰ
978 2006 1036 2062 δὲ
1067 2006 1321 2078 πονηρὰν
1346 2009 1460 2074 ἕξιν
1485 2006 1609 2064 τινὰ
1638 2013 1739 2065 τοῦ
1772 2031 1804 2071 Ε

66 2086 316 2157 σώματος
336 2087 426 2141 καὶ
445 2084 782 2143 ἀπαίδευτον
806 2086 1026 2159 τροφὴν
1045 2086 1072 2144 ὁ
1094 2087 1263 2153 κακὸς
1282 2095 1526 2160 γίγνεται
1556 2090 1742 2160 κακός,

62 2168 223 2223 παντὶ
243 2168 493 2223 δὲταῦτα
520 2167 693 2239 ἐχθρὰ
730 2171 820 2225 καὶ
852 2170 1044 2226 ἄκοντι
1072 2176 1486 2242 προσγίγνεται·
1526 2173 1618 2228 καὶ
1638 2171 1749 2227 πά-

65 2256 151 2305 λιν
181 2247 247 2318 δὴ
279 2247 339 2304 τὸ
369 2252 492 2316 περὶ
521 2250 619 2316 τὰς
648 2251 826 2317 λύπας
853 2250 886 2324 ἡ
925 2252 1070 2324 ψυχὴ
1103 2254 1240 2309 κατὰ
1268 2253 1439 2309 ταύτὰ
1470 2252 1559 2310 διὰ
1591 2260 1747 2325 σῶμα

65 2328 276 2398 πολλὴν
296 2336 430 2399 ἴσχει
450 2336 662 2386 κακίαν.
702 2330 847 2388 ὅπου
866 2331 972 2404 γὰρ
1003 2330 1077 2389 ἂν
1107 2337 1161 2390 οἱ
1187 2340 1300 2390 τῶν
1320 2332 1490 2401 ὀξέων
1514 2336 1604 2391 καὶ
1632 2341 1746 2391 τῶν

64 2409 292 2466 ἁλυκῶν
329 2411 662 2480 φλεγμάτων
692 2415 783 2469 καὶ
822 2412 946 2470 ὅσοι
974 2417 1158 2483 πικροὶ
1187 2418 1280 2471 καὶ
1304 2415 1564 2486 χολώδεις
1584 2416 1747 2487 χυμοὶ

65 2490 199 2547 κατὰ
220 2490 279 2546 τὸ
301 2498 458 2561 σῶμα
472 2497 844 2564 πλανηθέντες
854 2498 954 2561 ἔξω
966 2495 1069 2565 μὲν
1085 2494 1156 2566 μὴ
1179 2495 1425 2567 λάβωσιν
1439 2494 1747 2568 ἀναπνοήν,

66 2574 221 2637 ἐντὸς
240 2571 297 2628 δὲ
317 2573 621 2644 εἱλλόμενοι
651 2574 752 2646 τὴν
778 2573 877 2646 ἀφ’
909 2573 1097 2631 αὐτῶν
1126 2573 1324 2647 άτμίδα
1357 2584 1423 2649 τῇ
1444 2584 1539 2648 τῆς
1569 2585 1747 2649 ψυχῆς
1771 2597 1828 2646 87

66 2661 216 2727 φορᾷ
253 2658 607 2725 ξυμμίξαντες
638 2655 1084 2726 άνακερασθώσι,
1115 2658 1438 2713 παντοδαπὰ
1470 2659 1750 2730 νοσήματα

69 2742 244 2807 ψυχῆς
265 2740 554 2806 ἐμποιοῦσι
574 2745 787 2808 μᾶλλον
807 2741 894 2795 καὶ
915 2732 1080 2810 ἦττον
1100 2742 1191 2796 καὶ
1211 2741 1415 2796 ἐλάττω
1445 2742 1535 2797 καὶ
1564 2745 1747 2810 πλείω,

69 2817 208 2887 πρός
233 2838 289 2873 τε
314 2817 444 2883 τοὺς
463 2831 605 2889 τρεῖς
623 2820 828 2885 τόπους
858 2823 1152 2891 ἐνεχθέντα
1178 2828 1272 2893 τῆς
1296 2829 1485 2894 ψυχῆς,
1519 2820 1655 2894 πρὸς
1683 2819 1750 2876 ὃν
