<?xml version="1.0" encoding="UTF-8"?>
<!DOCTYPE html PUBLIC "-//W3C//DTD XHTML 1.0 Transitional//EN"
    "http://www.w3.org/TR/xhtml1/DTD/xhtml1-transitional.dtd">
<html xmlns="http://www.w3.org/1999/xhtml" xml:lang="en" lang="en">
 <head>
  <title>
</title>
<meta http-equiv="Content-Type" content="text/html;charset=utf-8" />
  <meta name='ocr-system' content='tesseract 3.04.00' />
  <meta name='ocr-capabilities' content='ocr_page ocr_carea ocr_par ocr_line ocrx_word'/>
</head>
<body>
  <div class='ocr_page' id='page_1' title='image "./dialogisecumdumt04platuoft_0397.png"; bbox 0 0 1962 3236; ppageno 0'>
   <div class='ocr_carea' id='block_1_1' title="bbox 43 139 1727 193">
    <p class='ocr_par' dir='ltr' id='par_1_1' title="bbox 43 139 1727 193">
     <span class='ocr_line' id='line_1_1' title="bbox 43 139 1727 193; baseline -0.001 0"><span class='ocrx_word' id='word_1_1' title='bbox 43 147 104 193; x_wconf 72' lang='lat'><strong><em>43</em></strong></span> <span class='ocrx_word' id='word_1_2' title='bbox 655 140 658 142; x_wconf 64' lang='grc'>’</span> <span class='ocrx_word' id='word_1_3' title='bbox 704 140 1100 189; x_wconf 83' lang='grc' dir='ltr'><strong><em>ΤΙΜΑΙΟΣ.</em></strong></span> <span class='ocrx_word' id='word_1_4' title='bbox 1623 139 1727 193; x_wconf 85' lang='grc'><strong><em>361</em></strong></span> 
     </span>
    </p>
   </div>
   <div class='ocr_carea' id='block_1_2' title="bbox 31 271 1815 2864">
    <p class='ocr_par' dir='ltr' id='par_1_2' title="bbox 35 271 1815 2450">
     <span class='ocr_line' id='line_1_2' title="bbox 43 271 1796 345; baseline 0.001 -15"><span class='ocrx_word' id='word_1_5' title='bbox 43 275 232 331; x_wconf 84' lang='grc' dir='ltr'><strong><em>ούτων</em></strong></span> <span class='ocrx_word' id='word_1_6' title='bbox 249 271 387 330; x_wconf 80' lang='grc' dir='ltr'><strong><em>κατὰ</em></strong></span> <span class='ocrx_word' id='word_1_7' title='bbox 414 274 713 345; x_wconf 85' lang='grc' dir='ltr'><strong><em>διάμετρον</em></strong></span> <span class='ocrx_word' id='word_1_8' title='bbox 740 276 1154 345; x_wconf 78' lang='grc' dir='ltr'><strong><em>ξυντιθεμένων</em></strong></span> <span class='ocrx_word' id='word_1_9' title='bbox 1171 276 1263 330; x_wconf 85' lang='grc' dir='ltr'><strong><em>καὶ</em></strong></span> <span class='ocrx_word' id='word_1_10' title='bbox 1281 277 1396 343; x_wconf 82' lang='grc' dir='ltr'><strong><em>τρὶς</em></strong></span> <span class='ocrx_word' id='word_1_11' title='bbox 1413 273 1617 330; x_wconf 85' lang='grc' dir='ltr'><strong><em>τούτου</em></strong></span> <span class='ocrx_word' id='word_1_12' title='bbox 1635 296 1730 345; x_wconf 82' lang='grc' dir='ltr'><strong><em>γε·</em></strong></span> <span class='ocrx_word' id='word_1_13' title='bbox 1760 291 1796 332; x_wconf 76' lang='lat' dir='ltr'><strong><em>F:</em></strong></span> 
     </span>
     <span class='ocr_line' id='line_1_3' title="bbox 41 352 1728 427; baseline 0 -16"><span class='ocrx_word' id='word_1_14' title='bbox 41 358 302 427; x_wconf 88' lang='grc' dir='ltr'><strong><em>νομένου,</em></strong></span> <span class='ocrx_word' id='word_1_15' title='bbox 332 355 430 421; x_wconf 80' lang='grc' dir='ltr'><strong><em>τάς</em></strong></span> <span class='ocrx_word' id='word_1_16' title='bbox 467 359 793 427; x_wconf 78' lang='grc' dir='ltr'><strong><em>διαμέτρους</em></strong></span> <span class='ocrx_word' id='word_1_17' title='bbox 829 357 922 411; x_wconf 85' lang='grc' dir='ltr'><strong><em>καὶ</em></strong></span> <span class='ocrx_word' id='word_1_18' title='bbox 955 352 1053 420; x_wconf 80' lang='grc' dir='ltr'><strong><em>τὰς</em></strong></span> <span class='ocrx_word' id='word_1_19' title='bbox 1091 359 1348 427; x_wconf 81' lang='grc' dir='ltr'><em>βραχείας</em></span> <span class='ocrx_word' id='word_1_20' title='bbox 1376 353 1620 424; x_wconf 78' lang='grc' dir='ltr'><strong><em>πλευρὰς</em></strong></span> <span class='ocrx_word' id='word_1_21' title='bbox 1654 359 1728 420; x_wconf 87' lang='grc' dir='ltr'><strong><em>εἰς</em></strong></span> 
     </span>
     <span class='ocr_line' id='line_1_4' title="bbox 42 433 1729 508; baseline 0.001 -17"><span class='ocrx_word' id='word_1_22' title='bbox 42 435 248 492; x_wconf 80' lang='grc' dir='ltr'><strong><em>ταύτὸν</em></strong></span> <span class='ocrx_word' id='word_1_23' title='bbox 268 434 342 502; x_wconf 77' lang='grc' dir='ltr'><strong><em>ὥς</em></strong></span> <span class='ocrx_word' id='word_1_24' title='bbox 360 438 594 504; x_wconf 81' lang='grc' dir='ltr'><strong><em>κέντρον</em></strong></span> <span class='ocrx_word' id='word_1_25' title='bbox 611 435 962 504; x_wconf 85' lang='grc' dir='ltr'><strong><em>έρεισάντων,</em></strong></span> <span class='ocrx_word' id='word_1_26' title='bbox 993 437 1057 490; x_wconf 80' lang='grc' dir='ltr'><strong><em>ἓν</em></strong></span> <span class='ocrx_word' id='word_1_27' title='bbox 1090 433 1427 508; x_wconf 90' lang='grc' dir='ltr'><strong><em>ἰσόπλευρον</em></strong></span> <span class='ocrx_word' id='word_1_28' title='bbox 1453 439 1729 506; x_wconf 86' lang='grc' dir='ltr'><strong><em>τρίγωνον</em></strong></span> 
     </span>
     <span class='ocr_line' id='line_1_5' title="bbox 42 514 1729 589; baseline -0.001 -16"><span class='ocrx_word' id='word_1_29' title='bbox 42 519 97 583; x_wconf 82' lang='grc' dir='ltr'><strong><em>ἐξ</em></strong></span> <span class='ocrx_word' id='word_1_30' title='bbox 118 521 173 584; x_wconf 80' lang='grc' dir='ltr'><strong><em>ἓξ</em></strong></span> <span class='ocrx_word' id='word_1_31' title='bbox 194 519 295 574; x_wconf 86' lang='grc' dir='ltr'><strong><em>τὸν</em></strong></span> <span class='ocrx_word' id='word_1_32' title='bbox 321 515 568 589; x_wconf 79' lang='grc' dir='ltr'><strong><em>άρυθμόν</em></strong></span> <span class='ocrx_word' id='word_1_33' title='bbox 598 514 780 572; x_wconf 83' lang='grc' dir='ltr'><strong><em>ὄντων</em></strong></span> <span class='ocrx_word' id='word_1_34' title='bbox 807 519 1030 586; x_wconf 88' lang='grc' dir='ltr'><strong><em>γέγονε·</em></strong></span> <span class='ocrx_word' id='word_1_35' title='bbox 1066 521 1308 586; x_wconf 88' lang='grc' dir='ltr'><strong><em>τρίγωνα</em></strong></span> <span class='ocrx_word' id='word_1_36' title='bbox 1337 517 1397 572; x_wconf 78' lang='grc' dir='ltr'><strong><em>δὲ</em></strong></span> <span class='ocrx_word' id='word_1_37' title='bbox 1425 516 1729 586; x_wconf 79' lang='grc' dir='ltr'><strong><em>ἰσόπλευρα</em></strong></span> 
     </span>
     <span class='ocr_line' id='line_1_6' title="bbox 45 595 1730 670; baseline 0.001 -17"><span class='ocrx_word' id='word_1_38' title='bbox 45 598 416 670; x_wconf 84' lang='grc' dir='ltr'><strong><em>ξυνιστάμενα</em></strong></span> <span class='ocrx_word' id='word_1_39' title='bbox 450 602 681 668; x_wconf 87' lang='grc' dir='ltr'><strong><em>τέτταρα</em></strong></span> <span class='ocrx_word' id='word_1_40' title='bbox 726 597 865 653; x_wconf 78' lang='grc' dir='ltr'><strong><em>κατὰ</em></strong></span> <span class='ocrx_word' id='word_1_41' title='bbox 915 595 1169 666; x_wconf 81' lang='grc' dir='ltr'><strong><em>σύντρεις</em></strong></span> <span class='ocrx_word' id='word_1_42' title='bbox 1202 601 1493 664; x_wconf 78' lang='grc' dir='ltr'><strong><em>ἐπιπέδους</em></strong></span> <span class='ocrx_word' id='word_1_43' title='bbox 1526 604 1730 670; x_wconf 89' lang='grc' dir='ltr'><strong><em>γωνίας</em></strong></span> 
     </span>
     <span class='ocr_line' id='line_1_7' title="bbox 44 677 1815 751; baseline 0.001 -16"><span class='ocrx_word' id='word_1_44' title='bbox 44 687 177 750; x_wconf 85' lang='grc' dir='ltr'><strong><em>μίαν</em></strong></span> <span class='ocrx_word' id='word_1_45' title='bbox 193 679 423 750; x_wconf 74' lang='grc' dir='ltr'><strong><em>στερεὰν</em></strong></span> <span class='ocrx_word' id='word_1_46' title='bbox 439 685 652 750; x_wconf 79' lang='grc' dir='ltr'><strong><em>γωνίαν</em></strong></span> <span class='ocrx_word' id='word_1_47' title='bbox 669 690 830 747; x_wconf 82' lang='grc' dir='ltr'><strong><em>ποιεῖ’,</em></strong></span> <span class='ocrx_word' id='word_1_48' title='bbox 849 685 944 749; x_wconf 89' lang='grc' dir='ltr'><strong><em>τῆς</em></strong></span> <span class='ocrx_word' id='word_1_49' title='bbox 955 677 1304 751; x_wconf 80' lang='grc' dir='ltr'><strong><em>ἀμβλυτάτης</em></strong></span> <span class='ocrx_word' id='word_1_50' title='bbox 1322 687 1436 736; x_wconf 88' lang='grc' dir='ltr'><strong><em>τῶν</em></strong></span> <span class='ocrx_word' id='word_1_51' title='bbox 1454 683 1728 737; x_wconf 79' lang='grc' dir='ltr'><strong><em>ἐπιπέδων</em></strong></span> <span class='ocrx_word' id='word_1_52' title='bbox 1755 693 1815 736; x_wconf 80' lang='grc'><strong><em>55</em></strong></span> 
     </span>
     <span class='ocr_line' id='line_1_8' title="bbox 43 758 1730 831; baseline 0.001 -17"><span class='ocrx_word' id='word_1_53' title='bbox 43 767 266 830; x_wconf 90' lang='grc' dir='ltr'><strong><em>γωνιῶν</em></strong></span> <span class='ocrx_word' id='word_1_54' title='bbox 289 762 483 830; x_wconf 78' lang='grc' dir='ltr'><strong><em>ἐφεξῆς</em></strong></span> <span class='ocrx_word' id='word_1_55' title='bbox 506 771 807 831; x_wconf 84' lang='grc' dir='ltr'><strong><em>γεγονυῖαν</em></strong></span> <span class='ocrx_word' id='word_1_56' title='bbox 821 780 832 791; x_wconf 88' lang='grc'><em>·</em></span> <span class='ocrx_word' id='word_1_57' title='bbox 869 759 1140 814; x_wconf 84' lang='grc' dir='ltr'><strong><em>τοιούτων</em></strong></span> <span class='ocrx_word' id='word_1_58' title='bbox 1160 759 1218 815; x_wconf 79' lang='grc' dir='ltr'><strong><em>δὲ</em></strong></span> <span class='ocrx_word' id='word_1_59' title='bbox 1248 758 1730 818; x_wconf 80' lang='grc' dir='ltr'><strong><em>ἀποτελεσθεισῶν</em></strong></span> 
     </span>
     <span class='ocr_line' id='line_1_9' title="bbox 43 840 1731 914; baseline 0.002 -18"><span class='ocrx_word' id='word_1_60' title='bbox 43 841 322 909; x_wconf 73' lang='grc' dir='ltr'><strong><em>τεττάρων</em></strong></span> <span class='ocrx_word' id='word_1_61' title='bbox 340 848 563 910; x_wconf 90' lang='grc' dir='ltr'><strong><em>πρῶτον</em></strong></span> <span class='ocrx_word' id='word_1_62' title='bbox 582 841 725 907; x_wconf 85' lang='grc' dir='ltr'><strong><em>εἶδος</em></strong></span> <span class='ocrx_word' id='word_1_63' title='bbox 744 840 985 912; x_wconf 91' lang='grc' dir='ltr'><strong><em>στερεόν,</em></strong></span> <span class='ocrx_word' id='word_1_64' title='bbox 1013 840 1149 898; x_wconf 79' lang='grc' dir='ltr'><strong><em>ὅλου</em></strong></span> <span class='ocrx_word' id='word_1_65' title='bbox 1178 850 1515 914; x_wconf 83' lang='grc' dir='ltr'><strong><em>περιφεροῦς</em></strong></span> <span class='ocrx_word' id='word_1_66' title='bbox 1544 848 1731 900; x_wconf 83' lang='grc' dir='ltr'><strong><em>διανε-</em></strong></span> 
     </span>
     <span class='ocr_line' id='line_1_10' title="bbox 42 921 1730 994; baseline 0.002 -17"><span class='ocrx_word' id='word_1_67' title='bbox 42 921 275 993; x_wconf 88' lang='grc' dir='ltr'><strong><em>μητικόν</em></strong></span> <span class='ocrx_word' id='word_1_68' title='bbox 294 926 370 987; x_wconf 84' lang='grc' dir='ltr'><strong><em>εἰς</em></strong></span> <span class='ocrx_word' id='word_1_69' title='bbox 389 930 481 978; x_wconf 77' lang='grc' dir='ltr'><strong><em>ἶσα</em></strong></span> <span class='ocrx_word' id='word_1_70' title='bbox 498 926 637 994; x_wconf 87' lang='grc' dir='ltr'><strong><em>μέρη</em></strong></span> <span class='ocrx_word' id='word_1_71' title='bbox 655 926 747 978; x_wconf 85' lang='grc' dir='ltr'><strong><em>καὶ</em></strong></span> <span class='ocrx_word' id='word_1_72' title='bbox 777 922 958 994; x_wconf 84' lang='grc' dir='ltr'><strong><em>ὅμοια,</em></strong></span> <span class='ocrx_word' id='word_1_73' title='bbox 989 926 1320 990; x_wconf 83' lang='grc' dir='ltr'><strong><em>ξυνίσταται.</em></strong></span> <span class='ocrx_word' id='word_1_74' title='bbox 1375 924 1642 994; x_wconf 91' lang='grc' dir='ltr'><strong><em>δεύτερον</em></strong></span> <span class='ocrx_word' id='word_1_75' title='bbox 1671 928 1730 981; x_wconf 81' lang='grc' dir='ltr'><strong><em>δὲ</em></strong></span> 
     </span>
     <span class='ocr_line' id='line_1_11' title="bbox 45 1002 1729 1078; baseline 0.002 -19"><span class='ocrx_word' id='word_1_76' title='bbox 45 1008 104 1059; x_wconf 80' lang='grc' dir='ltr'><strong><em>ἐκ</em></strong></span> <span class='ocrx_word' id='word_1_77' title='bbox 121 1003 224 1072; x_wconf 71' lang='grc' dir='ltr'><strong><em>μὲν</em></strong></span> <span class='ocrx_word' id='word_1_78' title='bbox 241 1010 355 1058; x_wconf 87' lang='grc' dir='ltr'><strong><em>τῶν</em></strong></span> <span class='ocrx_word' id='word_1_79' title='bbox 373 1002 561 1060; x_wconf 78' lang='grc' dir='ltr'><strong><em>αὐτῶν</em></strong></span> <span class='ocrx_word' id='word_1_80' title='bbox 578 1003 885 1075; x_wconf 73' lang='grc' dir='ltr'><strong><em>τριγώνων,</em></strong></span> <span class='ocrx_word' id='word_1_81' title='bbox 906 1003 1045 1060; x_wconf 79' lang='grc' dir='ltr'><strong><em>κατὰ</em></strong></span> <span class='ocrx_word' id='word_1_82' title='bbox 1075 1005 1134 1060; x_wconf 76' lang='grc' dir='ltr'><strong><em>δὲ</em></strong></span> <span class='ocrx_word' id='word_1_83' title='bbox 1164 1005 1467 1074; x_wconf 85' lang='grc' dir='ltr'><strong><em>ἰσόπλευρα</em></strong></span> <span class='ocrx_word' id='word_1_84' title='bbox 1488 1012 1729 1078; x_wconf 89' lang='grc' dir='ltr'><strong><em>τρίγωνα</em></strong></span> 
     </span>
     <span class='ocr_line' id='line_1_12' title="bbox 44 1082 1730 1159; baseline 0.002 -20"><span class='ocrx_word' id='word_1_85' title='bbox 44 1082 189 1139; x_wconf 79' lang='grc' dir='ltr'><strong><em>ὀκτῶ</em></strong></span> <span class='ocrx_word' id='word_1_86' title='bbox 216 1085 551 1154; x_wconf 83' lang='grc' dir='ltr'><strong><em>ξυστάντων,</em></strong></span> <span class='ocrx_word' id='word_1_87' title='bbox 583 1091 718 1156; x_wconf 89' lang='grc' dir='ltr'><strong><em>μίαν</em></strong></span> <span class='ocrx_word' id='word_1_88' title='bbox 750 1084 1224 1156; x_wconf 84' lang='grc' dir='ltr'><strong><em>ἀπεργασαμένων</em></strong></span> <span class='ocrx_word' id='word_1_89' title='bbox 1253 1085 1486 1159; x_wconf 79' lang='grc' dir='ltr'><strong><em>στερεὰν</em></strong></span> <span class='ocrx_word' id='word_1_90' title='bbox 1518 1094 1730 1158; x_wconf 89' lang='grc' dir='ltr'><strong><em>γωνίαν</em></strong></span> 
     </span>
     <span class='ocr_line' id='line_1_13' title="bbox 41 1164 1727 1237; baseline 0.004 -19"><span class='ocrx_word' id='word_1_91' title='bbox 41 1166 102 1218; x_wconf 77' lang='grc' dir='ltr'><strong><em>ἐκ</em></strong></span> <span class='ocrx_word' id='word_1_92' title='bbox 136 1164 412 1234; x_wconf 77' lang='grc' dir='ltr'><strong><em>τεττάρων</em></strong></span> <span class='ocrx_word' id='word_1_93' title='bbox 448 1168 745 1221; x_wconf 79' lang='grc' dir='ltr'><strong><em>ἐπιπέδων·</em></strong></span> <span class='ocrx_word' id='word_1_94' title='bbox 785 1168 877 1221; x_wconf 87' lang='grc' dir='ltr'><strong><em>καὶ</em></strong></span> <span class='ocrx_word' id='word_1_95' title='bbox 913 1171 1231 1237; x_wconf 86' lang='grc' dir='ltr'><strong><em>γενομένων</em></strong></span> <span class='ocrx_word' id='word_1_96' title='bbox 1267 1171 1323 1233; x_wconf 82' lang='grc' dir='ltr'><strong><em>ἓξ</em></strong></span> <span class='ocrx_word' id='word_1_97' title='bbox 1363 1168 1634 1224; x_wconf 83' lang='grc' dir='ltr'><strong><em>τοιούτων</em></strong></span> <span class='ocrx_word' id='word_1_98' title='bbox 1665 1169 1727 1225; x_wconf 82' lang='grc' dir='ltr'><strong><em>τὸ</em></strong></span> 
     </span>
     <span class='ocr_line' id='line_1_14' title="bbox 40 1239 1731 1318; baseline 0.005 -20"><span class='ocrx_word' id='word_1_99' title='bbox 40 1245 306 1313; x_wconf 89' lang='grc' dir='ltr'><strong><em>δεύτερον</em></strong></span> <span class='ocrx_word' id='word_1_100' title='bbox 324 1239 400 1300; x_wconf 84' lang='grc' dir='ltr'><strong><em>αὖ</em></strong></span> <span class='ocrx_word' id='word_1_101' title='bbox 426 1252 584 1317; x_wconf 89' lang='grc' dir='ltr'><strong><em>σῶμα</em></strong></span> <span class='ocrx_word' id='word_1_102' title='bbox 610 1245 787 1312; x_wconf 75' lang='grc' dir='ltr'><strong><em>οὕτως</em></strong></span> <span class='ocrx_word' id='word_1_103' title='bbox 814 1251 934 1317; x_wconf 84' lang='grc' dir='ltr'><strong><em>ἔσχε</em></strong></span> <span class='ocrx_word' id='word_1_104' title='bbox 961 1252 1129 1313; x_wconf 88' lang='grc' dir='ltr'><strong><em>τέλος.</em></strong></span> <span class='ocrx_word' id='word_1_105' title='bbox 1168 1248 1229 1304; x_wconf 84' lang='grc' dir='ltr'><strong><em>τὸ</em></strong></span> <span class='ocrx_word' id='word_1_106' title='bbox 1261 1251 1322 1304; x_wconf 78' lang='grc' dir='ltr'><strong><em>δὲ</em></strong></span> <span class='ocrx_word' id='word_1_107' title='bbox 1349 1254 1535 1318; x_wconf 86' lang='grc' dir='ltr'><strong><em>τρίτον</em></strong></span> <span class='ocrx_word' id='word_1_108' title='bbox 1565 1252 1626 1306; x_wconf 82' lang='grc' dir='ltr'><strong><em>ἐκ</em></strong></span> <span class='ocrx_word' id='word_1_109' title='bbox 1649 1251 1731 1315; x_wconf 84' lang='grc' dir='ltr'><strong><em>δὶς</em></strong></span> 
     </span>
     <span class='ocr_line' id='line_1_15' title="bbox 39 1325 1788 1401; baseline 0.002 -21"><span class='ocrx_word' id='word_1_110' title='bbox 39 1325 302 1396; x_wconf 81' lang='grc' dir='ltr'><strong><em>ἑξήκοντα</em></strong></span> <span class='ocrx_word' id='word_1_111' title='bbox 334 1332 447 1382; x_wconf 90' lang='grc' dir='ltr'><strong><em>τῶν</em></strong></span> <span class='ocrx_word' id='word_1_112' title='bbox 480 1332 762 1398; x_wconf 85' lang='grc' dir='ltr'><strong><em>στοιχείων</em></strong></span> <span class='ocrx_word' id='word_1_113' title='bbox 793 1330 1218 1399; x_wconf 82' lang='grc' dir='ltr'><strong><em>ξυμπαγέντων,</em></strong></span> <span class='ocrx_word' id='word_1_114' title='bbox 1250 1337 1492 1399; x_wconf 88' lang='grc' dir='ltr'><strong><em>στερεῶν</em></strong></span> <span class='ocrx_word' id='word_1_115' title='bbox 1524 1330 1583 1386; x_wconf 75' lang='grc' dir='ltr'><strong><em>δὲ</em></strong></span> <span class='ocrx_word' id='word_1_116' title='bbox 1612 1351 1727 1401; x_wconf 84' lang='grc' dir='ltr'><strong><em>γω-</em></strong></span> <span class='ocrx_word' id='word_1_117' title='bbox 1754 1342 1788 1383; x_wconf 90' lang='grc' dir='ltr'>Β</span> 
     </span>
     <span class='ocr_line' id='line_1_16' title="bbox 38 1406 1728 1482; baseline 0.003 -21"><span class='ocrx_word' id='word_1_118' title='bbox 38 1413 181 1461; x_wconf 91' lang='grc' dir='ltr'><strong><em>νιῶν</em></strong></span> <span class='ocrx_word' id='word_1_119' title='bbox 200 1407 433 1478; x_wconf 74' lang='grc' dir='ltr'><strong><em>δώδεκα,</em></strong></span> <span class='ocrx_word' id='word_1_120' title='bbox 456 1406 566 1464; x_wconf 83' lang='grc' dir='ltr'><strong><em>ὑπὸ</em></strong></span> <span class='ocrx_word' id='word_1_121' title='bbox 587 1413 749 1465; x_wconf 90' lang='grc' dir='ltr'><strong><em>πέντε</em></strong></span> <span class='ocrx_word' id='word_1_122' title='bbox 772 1413 1045 1466; x_wconf 80' lang='grc' dir='ltr'><strong><em>ἐπιπέδων</em></strong></span> <span class='ocrx_word' id='word_1_123' title='bbox 1064 1410 1355 1482; x_wconf 78' lang='grc' dir='ltr'><strong><em>τριγώνων</em></strong></span> <span class='ocrx_word' id='word_1_124' title='bbox 1375 1411 1728 1480; x_wconf 81' lang='grc' dir='ltr'><strong><em>ἰσοπλεύρων</em></strong></span> 
     </span>
     <span class='ocr_line' id='line_1_17' title="bbox 37 1491 1729 1564; baseline 0.004 -22"><span class='ocrx_word' id='word_1_125' title='bbox 37 1492 424 1561; x_wconf 83' lang='grc' dir='ltr'><strong><em>περιεχομένης</em></strong></span> <span class='ocrx_word' id='word_1_126' title='bbox 472 1491 723 1562; x_wconf 79' lang='grc' dir='ltr'><strong><em>ἑκάστης,</em></strong></span> <span class='ocrx_word' id='word_1_127' title='bbox 760 1499 933 1548; x_wconf 81' lang='grc' dir='ltr'><strong><em>εἴκοσι</em></strong></span> <span class='ocrx_word' id='word_1_128' title='bbox 970 1492 1158 1564; x_wconf 85' lang='grc' dir='ltr'><strong><em>βάσεις</em></strong></span> <span class='ocrx_word' id='word_1_129' title='bbox 1197 1497 1323 1564; x_wconf 84' lang='grc' dir='ltr'><strong><em>ἔχον</em></strong></span> <span class='ocrx_word' id='word_1_130' title='bbox 1363 1492 1729 1564; x_wconf 88' lang='grc' dir='ltr'><strong><em>ἰσοπλεύρους</em></strong></span> 
     </span>
     <span class='ocr_line' id='line_1_18' title="bbox 38 1571 1727 1645; baseline 0.005 -22"><span class='ocrx_word' id='word_1_131' title='bbox 38 1571 347 1639; x_wconf 74' lang='grc' dir='ltr'><strong><em>τριγώνους</em></strong></span> <span class='ocrx_word' id='word_1_132' title='bbox 391 1574 602 1642; x_wconf 87' lang='grc' dir='ltr'><strong><em>γέγονε.</em></strong></span> <span class='ocrx_word' id='word_1_133' title='bbox 661 1575 753 1629; x_wconf 81' lang='grc' dir='ltr'><strong><em>καὶ</em></strong></span> <span class='ocrx_word' id='word_1_134' title='bbox 787 1571 848 1629; x_wconf 87' lang='grc' dir='ltr'>τό</span> <span class='ocrx_word' id='word_1_135' title='bbox 883 1574 986 1644; x_wconf 77' lang='grc' dir='ltr'><strong><em>μὲν</em></strong></span> <span class='ocrx_word' id='word_1_136' title='bbox 1024 1576 1215 1645; x_wconf 79' lang='grc' dir='ltr'><strong><em>ἕτερον</em></strong></span> <span class='ocrx_word' id='word_1_137' title='bbox 1260 1571 1574 1645; x_wconf 77' lang='grc' dir='ltr'><strong><em>ἀπήλλακτο</em></strong></span> <span class='ocrx_word' id='word_1_138' title='bbox 1612 1581 1727 1631; x_wconf 87' lang='grc' dir='ltr'><strong><em>τῶν</em></strong></span> 
     </span>
     <span class='ocr_line' id='line_1_19' title="bbox 40 1654 1727 1727; baseline 0.004 -22"><span class='ocrx_word' id='word_1_139' title='bbox 40 1656 325 1720; x_wconf 83' lang='grc' dir='ltr'><strong><em>στοιχείων</em></strong></span> <span class='ocrx_word' id='word_1_140' title='bbox 362 1658 534 1708; x_wconf 86' lang='grc' dir='ltr'><strong><em>ταῦτα</em></strong></span> <span class='ocrx_word' id='word_1_141' title='bbox 581 1659 888 1725; x_wconf 86' lang='grc' dir='ltr'><strong><em>γεννῆσαν,</em></strong></span> <span class='ocrx_word' id='word_1_142' title='bbox 924 1656 986 1710; x_wconf 89' lang='grc' dir='ltr'>τὸ</span> <span class='ocrx_word' id='word_1_143' title='bbox 1026 1655 1084 1710; x_wconf 75' lang='grc' dir='ltr'><strong><em>δὲ</em></strong></span> <span class='ocrx_word' id='word_1_144' title='bbox 1129 1654 1406 1720; x_wconf 73' lang='grc' dir='ltr'><strong><em>ἰσοσκελὲς</em></strong></span> <span class='ocrx_word' id='word_1_145' title='bbox 1451 1661 1727 1727; x_wconf 90' lang='grc' dir='ltr'><strong><em>τρίγωνον</em></strong></span> 
     </span>
     <span class='ocr_line' id='line_1_20' title="bbox 38 1731 1727 1807; baseline 0.004 -22"><span class='ocrx_word' id='word_1_146' title='bbox 38 1733 236 1799; x_wconf 81' lang='grc' dir='ltr'><strong><em>ἐγέννα</em></strong></span> <span class='ocrx_word' id='word_1_147' title='bbox 272 1731 376 1803; x_wconf 88' lang='grc' dir='ltr'><strong><em>τὴν</em></strong></span> <span class='ocrx_word' id='word_1_148' title='bbox 404 1740 507 1788; x_wconf 88' lang='grc' dir='ltr'><strong><em>τοῦ</em></strong></span> <span class='ocrx_word' id='word_1_149' title='bbox 526 1735 791 1805; x_wconf 89' lang='grc' dir='ltr'><strong><em>τετάρτου</em></strong></span> <span class='ocrx_word' id='word_1_150' title='bbox 821 1736 1012 1806; x_wconf 86' lang='grc' dir='ltr'><strong><em>φύσιν,</em></strong></span> <span class='ocrx_word' id='word_1_151' title='bbox 1044 1733 1183 1791; x_wconf 77' lang='grc' dir='ltr'><strong><em>κατὰ</em></strong></span> <span class='ocrx_word' id='word_1_152' title='bbox 1214 1738 1442 1807; x_wconf 87' lang='grc' dir='ltr'><strong><em>τέτταρα</em></strong></span> <span class='ocrx_word' id='word_1_153' title='bbox 1469 1735 1727 1803; x_wconf 81' lang='grc' dir='ltr'><strong><em>ξυνιστά-</em></strong></span> 
     </span>
     <span class='ocr_line' id='line_1_21' title="bbox 38 1811 1727 1888; baseline 0.005 -23"><span class='ocrx_word' id='word_1_154' title='bbox 38 1833 229 1882; x_wconf 86' lang='grc' dir='ltr'><strong><em>μενον,</em></strong></span> <span class='ocrx_word' id='word_1_155' title='bbox 251 1817 327 1878; x_wconf 89' lang='grc' dir='ltr'><strong><em>εἰς</em></strong></span> <span class='ocrx_word' id='word_1_156' title='bbox 345 1811 406 1869; x_wconf 84' lang='grc' dir='ltr'><strong><em>τὸ</em></strong></span> <span class='ocrx_word' id='word_1_157' title='bbox 430 1818 664 1884; x_wconf 83' lang='grc' dir='ltr'><strong><em>κέντρον</em></strong></span> <span class='ocrx_word' id='word_1_158' title='bbox 682 1813 780 1882; x_wconf 79' lang='grc' dir='ltr'><strong><em>τὰς</em></strong></span> <span class='ocrx_word' id='word_1_159' title='bbox 797 1814 978 1886; x_wconf 79' lang='grc' dir='ltr'><strong><em>ὀρθὰς</em></strong></span> <span class='ocrx_word' id='word_1_160' title='bbox 996 1822 1200 1887; x_wconf 86' lang='grc' dir='ltr'><strong><em>γωνίας</em></strong></span> <span class='ocrx_word' id='word_1_161' title='bbox 1220 1817 1481 1888; x_wconf 80' lang='grc' dir='ltr'><strong><em>ξυνάγον,</em></strong></span> <span class='ocrx_word' id='word_1_162' title='bbox 1512 1821 1576 1874; x_wconf 73' lang='grc' dir='ltr'><strong><em>ἓν</em></strong></span> <span class='ocrx_word' id='word_1_163' title='bbox 1606 1819 1727 1874; x_wconf 89' lang='grc' dir='ltr'><strong><em>ἰσό-</em></strong></span> 
     </span>
     <span class='ocr_line' id='line_1_22' title="bbox 38 1894 1727 1970; baseline 0.006 -24"><span class='ocrx_word' id='word_1_164' title='bbox 38 1898 283 1961; x_wconf 90' lang='grc' dir='ltr'><strong><em>πλευρον</em></strong></span> <span class='ocrx_word' id='word_1_165' title='bbox 299 1894 648 1965; x_wconf 86' lang='grc' dir='ltr'><strong><em>τετράγωνον</em></strong></span> <span class='ocrx_word' id='word_1_166' title='bbox 669 1896 1152 1968; x_wconf 78' lang='grc' dir='ltr'><strong><em>ἀπεργασάμενον·</em></strong></span> <span class='ocrx_word' id='word_1_167' title='bbox 1189 1900 1244 1964; x_wconf 77' lang='grc' dir='ltr'><strong><em>ἓξ,</em></strong></span> <span class='ocrx_word' id='word_1_168' title='bbox 1265 1898 1323 1955; x_wconf 77' lang='grc' dir='ltr'><strong><em>δὲ</em></strong></span> <span class='ocrx_word' id='word_1_169' title='bbox 1343 1904 1570 1955; x_wconf 85' lang='grc' dir='ltr'><strong><em>τοιαῦτα</em></strong></span> <span class='ocrx_word' id='word_1_170' title='bbox 1590 1905 1727 1970; x_wconf 84' lang='grc' dir='ltr'><strong><em>ξυμ-</em></strong></span> 
     </span>
     <span class='ocr_line' id='line_1_23' title="bbox 37 1975 1791 2050; baseline 0.005 -23"><span class='ocrx_word' id='word_1_171' title='bbox 37 1977 279 2042; x_wconf 84' lang='grc' dir='ltr'><strong><em>παγέντα</em></strong></span> <span class='ocrx_word' id='word_1_172' title='bbox 296 1981 499 2044; x_wconf 86' lang='grc' dir='ltr'><strong><em>γωνίας</em></strong></span> <span class='ocrx_word' id='word_1_173' title='bbox 529 1975 672 2032; x_wconf 78' lang='grc' dir='ltr'><strong><em>ὀκτώ</em></strong></span> <span class='ocrx_word' id='word_1_174' title='bbox 691 1978 914 2048; x_wconf 77' lang='grc' dir='ltr'><strong><em>στερεάς</em></strong></span> <span class='ocrx_word' id='word_1_175' title='bbox 942 1977 1247 2049; x_wconf 73' lang='grc' dir='ltr'><strong><em>ἀπετέλεσε,</em></strong></span> <span class='ocrx_word' id='word_1_176' title='bbox 1278 1978 1418 2035; x_wconf 78' lang='grc' dir='ltr'><strong><em>κατὰ</em></strong></span> <span class='ocrx_word' id='word_1_177' title='bbox 1446 1992 1590 2050; x_wconf 81' lang='grc' dir='ltr'><strong><em>τρεῖς</em></strong></span> <span class='ocrx_word' id='word_1_178' title='bbox 1609 1982 1728 2036; x_wconf 83' lang='grc' dir='ltr'><strong><em>έπι-</em></strong></span> <span class='ocrx_word' id='word_1_179' title='bbox 1759 1988 1791 2028; x_wconf 81' lang='lat' dir='ltr'><strong>G</strong></span> 
     </span>
     <span class='ocr_line' id='line_1_24' title="bbox 35 2053 1728 2133; baseline 0.004 -23"><span class='ocrx_word' id='word_1_180' title='bbox 35 2057 238 2119; x_wconf 81' lang='grc' dir='ltr'><strong><em>πέδους</em></strong></span> <span class='ocrx_word' id='word_1_181' title='bbox 257 2053 438 2124; x_wconf 79' lang='grc' dir='ltr'><strong><em>ὀρθὰς</em></strong></span> <span class='ocrx_word' id='word_1_182' title='bbox 462 2063 940 2132; x_wconf 82' lang='grc' dir='ltr'><strong><em>ξυναρμοσθείσης</em></strong></span> <span class='ocrx_word' id='word_1_183' title='bbox 959 2060 1215 2132; x_wconf 81' lang='grc' dir='ltr'><strong><em>ἑκάστης·</em></strong></span> <span class='ocrx_word' id='word_1_184' title='bbox 1250 2060 1311 2117; x_wconf 87' lang='grc' dir='ltr'>τό</span> <span class='ocrx_word' id='word_1_185' title='bbox 1334 2065 1393 2117; x_wconf 82' lang='grc' dir='ltr'><strong><em>δὲ</em></strong></span> <span class='ocrx_word' id='word_1_186' title='bbox 1418 2068 1598 2133; x_wconf 84' lang='grc' dir='ltr'><strong><em>σχῆμα</em></strong></span> <span class='ocrx_word' id='word_1_187' title='bbox 1625 2068 1728 2117; x_wconf 86' lang='grc' dir='ltr'><strong><em>τοῦ</em></strong></span> 
     </span>
     <span class='ocr_line' id='line_1_25' title="bbox 37 2137 1726 2215; baseline 0.005 -24"><span class='ocrx_word' id='word_1_188' title='bbox 37 2137 337 2203; x_wconf 83' lang='grc' dir='ltr'><strong><em>ξυστάντος</em></strong></span> <span class='ocrx_word' id='word_1_189' title='bbox 355 2138 607 2210; x_wconf 75' lang='grc' dir='ltr'><strong><em>σώματος</em></strong></span> <span class='ocrx_word' id='word_1_190' title='bbox 623 2143 818 2212; x_wconf 87' lang='grc' dir='ltr'><strong><em>γέγονε</em></strong></span> <span class='ocrx_word' id='word_1_191' title='bbox 837 2143 1095 2215; x_wconf 85' lang='grc' dir='ltr'><strong><em>κυβικόν,</em></strong></span> <span class='ocrx_word' id='word_1_192' title='bbox 1125 2146 1180 2209; x_wconf 77' lang='grc' dir='ltr'><strong><em>ἓξ</em></strong></span> <span class='ocrx_word' id='word_1_193' title='bbox 1213 2146 1504 2208; x_wconf 79' lang='grc' dir='ltr'><strong><em>ἐπιπέδους</em></strong></span> <span class='ocrx_word' id='word_1_194' title='bbox 1531 2165 1726 2212; x_wconf 83' lang='grc' dir='ltr'><strong><em>τετρα-</em></strong></span> 
     </span>
     <span class='ocr_line' id='line_1_26' title="bbox 35 2218 1726 2297; baseline 0.005 -25"><span class='ocrx_word' id='word_1_195' title='bbox 35 2218 255 2287; x_wconf 78' lang='grc' dir='ltr'><strong><em>γῶνους</em></strong></span> <span class='ocrx_word' id='word_1_196' title='bbox 275 2220 642 2290; x_wconf 85' lang='grc' dir='ltr'><strong><em>ἰσοπλεύρους</em></strong></span> <span class='ocrx_word' id='word_1_197' title='bbox 660 2223 847 2295; x_wconf 86' lang='grc' dir='ltr'><strong><em>βάσεις</em></strong></span> <span class='ocrx_word' id='word_1_198' title='bbox 872 2230 1014 2295; x_wconf 84' lang='grc' dir='ltr'><strong><em>ἔχον.</em></strong></span> <span class='ocrx_word' id='word_1_199' title='bbox 1049 2230 1127 2282; x_wconf 81' lang='grc' dir='ltr'><strong><em>ἔτι</em></strong></span> <span class='ocrx_word' id='word_1_200' title='bbox 1147 2226 1205 2282; x_wconf 80' lang='grc' dir='ltr'><strong><em>δὲ</em></strong></span> <span class='ocrx_word' id='word_1_201' title='bbox 1224 2224 1397 2297; x_wconf 75' lang='grc' dir='ltr'><strong><em>οὔσης</em></strong></span> <span class='ocrx_word' id='word_1_202' title='bbox 1415 2224 1726 2292; x_wconf 85' lang='grc' dir='ltr'><strong><em>ξυστάσεως</em></strong></span> 
     </span>
     <span class='ocr_line' id='line_1_27' title="bbox 36 2300 1726 2380; baseline 0.007 -28"><span class='ocrx_word' id='word_1_203' title='bbox 36 2304 163 2368; x_wconf 79' lang='grc' dir='ltr'><strong><em>μιᾶς</em></strong></span> <span class='ocrx_word' id='word_1_204' title='bbox 181 2300 443 2371; x_wconf 78' lang='grc' dir='ltr'><strong><em>πέμπτης,</em></strong></span> <span class='ocrx_word' id='word_1_205' title='bbox 463 2304 550 2358; x_wconf 76' lang='grc' dir='ltr'><strong><em>ἐπὶ</em></strong></span> <span class='ocrx_word' id='word_1_206' title='bbox 568 2303 629 2358; x_wconf 88' lang='grc' dir='ltr'>τό</span> <span class='ocrx_word' id='word_1_207' title='bbox 659 2311 771 2361; x_wconf 83' lang='grc' dir='ltr'><strong><em>πᾶν</em></strong></span> <span class='ocrx_word' id='word_1_208' title='bbox 790 2303 820 2361; x_wconf 91' lang='grc' dir='ltr'>ὁ</span> <span class='ocrx_word' id='word_1_209' title='bbox 841 2305 978 2371; x_wconf 82' lang='grc' dir='ltr'><strong><em>θεὸς</em></strong></span> <span class='ocrx_word' id='word_1_210' title='bbox 996 2303 1136 2380; x_wconf 82' lang='grc' dir='ltr'><strong><em>αὐτῇ</em></strong></span> <span class='ocrx_word' id='word_1_211' title='bbox 1156 2306 1528 2380; x_wconf 87' lang='grc' dir='ltr'><strong><em>κατεχρήσατο</em></strong></span> <span class='ocrx_word' id='word_1_212' title='bbox 1548 2309 1726 2363; x_wconf 82' lang='grc' dir='ltr'><strong><em>ἐκεῖνο</em></strong></span> 
     </span>
     <span class='ocr_line' id='line_1_28' title="bbox 37 2382 456 2450; baseline 0.01 -16"><span class='ocrx_word' id='word_1_213' title='bbox 37 2382 456 2450; x_wconf 77' lang='grc' dir='ltr'><strong><em>διαζωγραφῶν.</em></strong></span> 
     </span>
    </p>

    <p class='ocr_par' dir='ltr' id='par_1_3' title="bbox 31 2460 1780 2864">
     <span class='ocr_line' id='line_1_29' title="bbox 179 2460 1725 2538; baseline 0.005 -23"><span class='ocrx_word' id='word_1_214' title='bbox 179 2464 307 2515; x_wconf 71' lang='lat' dir='ltr'><strong>xxi.</strong></span> <span class='ocrx_word' id='word_1_215' title='bbox 337 2460 401 2516; x_wconf 81' lang='lat' dir='ltr'><strong><em>”A</em></strong></span> <span class='ocrx_word' id='word_1_216' title='bbox 421 2462 491 2533; x_wconf 82' lang='grc' dir='ltr'><strong><em>δή</em></strong></span> <span class='ocrx_word' id='word_1_217' title='bbox 511 2485 590 2528; x_wconf 89' lang='grc' dir='ltr'><strong><em>τις</em></strong></span> <span class='ocrx_word' id='word_1_218' title='bbox 605 2468 655 2519; x_wconf 85' lang='grc' dir='ltr'><strong><em>εἰ</em></strong></span> <span class='ocrx_word' id='word_1_219' title='bbox 673 2464 852 2520; x_wconf 88' lang='grc' dir='ltr'><strong><em>πάντα</em></strong></span> <span class='ocrx_word' id='word_1_220' title='bbox 872 2466 1221 2537; x_wconf 80' lang='grc' dir='ltr'><strong><em>λογιζόμενος</em></strong></span> <span class='ocrx_word' id='word_1_221' title='bbox 1241 2469 1486 2538; x_wconf 81' lang='grc' dir='ltr'><strong><em>ἐμμελῶς</em></strong></span> <span class='ocrx_word' id='word_1_222' title='bbox 1505 2466 1725 2538; x_wconf 79' lang='grc' dir='ltr'><strong><em>ἀποροῖ,</em></strong></span> 
     </span>
     <span class='ocr_line' id='line_1_30' title="bbox 35 2540 1724 2619; baseline 0.005 -24"><span class='ocrx_word' id='word_1_223' title='bbox 35 2542 274 2613; x_wconf 85' lang='grc' dir='ltr'><strong><em>πότερον</em></strong></span> <span class='ocrx_word' id='word_1_224' title='bbox 293 2540 555 2615; x_wconf 75' lang='grc' dir='ltr'><strong><em>ἀπείρους</em></strong></span> <span class='ocrx_word' id='word_1_225' title='bbox 582 2544 683 2616; x_wconf 84' lang='grc' dir='ltr'><strong><em>χρὴ</em></strong></span> <span class='ocrx_word' id='word_1_226' title='bbox 705 2546 951 2618; x_wconf 83' lang='grc' dir='ltr'><strong><em>κόσμους</em></strong></span> <span class='ocrx_word' id='word_1_227' title='bbox 970 2547 1110 2603; x_wconf 84' lang='grc' dir='ltr'><strong><em>εἶναι</em></strong></span> <span class='ocrx_word' id='word_1_228' title='bbox 1126 2551 1307 2618; x_wconf 86' lang='grc' dir='ltr'><strong><em>λέγειν</em></strong></span> <span class='ocrx_word' id='word_1_229' title='bbox 1326 2544 1362 2619; x_wconf 79' lang='grc' dir='ltr'><strong><em>ἦ</em></strong></span> <span class='ocrx_word' id='word_1_230' title='bbox 1380 2550 1548 2618; x_wconf 87' lang='grc' dir='ltr'><strong><em>πέρας</em></strong></span> <span class='ocrx_word' id='word_1_231' title='bbox 1568 2554 1724 2619; x_wconf 80' lang='grc' dir='ltr'><strong><em>ἔχον-</em></strong></span> 
     </span>
     <span class='ocr_line' id='line_1_31' title="bbox 35 2623 1727 2700; baseline 0.005 -22"><span class='ocrx_word' id='word_1_232' title='bbox 35 2644 148 2691; x_wconf 82' lang='grc' dir='ltr'><strong><em>τας,</em></strong></span> <span class='ocrx_word' id='word_1_233' title='bbox 183 2623 244 2679; x_wconf 83' lang='grc' dir='ltr'><strong><em>τὰ</em></strong></span> <span class='ocrx_word' id='word_1_234' title='bbox 278 2626 380 2696; x_wconf 76' lang='grc' dir='ltr'><strong><em>μὲν</em></strong></span> <span class='ocrx_word' id='word_1_235' title='bbox 412 2623 676 2697; x_wconf 86' lang='grc' dir='ltr'><strong><em>άπείρους</em></strong></span> <span class='ocrx_word' id='word_1_236' title='bbox 703 2626 958 2699; x_wconf 84' lang='grc' dir='ltr'><strong><em>ἡγήσαιτ’</em></strong></span> <span class='ocrx_word' id='word_1_237' title='bbox 993 2626 1065 2683; x_wconf 74' lang='grc' dir='ltr'><strong><em>ἂν</em></strong></span> <span class='ocrx_word' id='word_1_238' title='bbox 1101 2628 1277 2693; x_wconf 83' lang='grc' dir='ltr'><strong><em>ὅντως</em></strong></span> <span class='ocrx_word' id='word_1_239' title='bbox 1305 2627 1539 2700; x_wconf 75' lang='grc' dir='ltr'><strong><em>ἀπείρου</em></strong></span> <span class='ocrx_word' id='word_1_240' title='bbox 1576 2628 1727 2695; x_wconf 85' lang='grc' dir='ltr'><strong><em>τινὸς</em></strong></span> 
     </span>
     <span class='ocr_line' id='line_1_32' title="bbox 33 2699 1780 2782; baseline 0.005 -22"><span class='ocrx_word' id='word_1_241' title='bbox 33 2702 174 2761; x_wconf 76' lang='grc' dir='ltr'><strong><em>εἶναι</em></strong></span> <span class='ocrx_word' id='word_1_242' title='bbox 199 2707 377 2777; x_wconf 82' lang='grc' dir='ltr'><strong><em>δόγμα</em></strong></span> <span class='ocrx_word' id='word_1_243' title='bbox 409 2699 491 2763; x_wconf 75' lang='grc' dir='ltr'><strong><em>ῶν</em></strong></span> <span class='ocrx_word' id='word_1_244' title='bbox 522 2713 784 2779; x_wconf 76' lang='grc' dir='ltr'><strong><em>ἔμπειρον</em></strong></span> <span class='ocrx_word' id='word_1_245' title='bbox 812 2708 990 2779; x_wconf 77' lang='grc' dir='ltr'><strong><em>χρεῶν</em></strong></span> <span class='ocrx_word' id='word_1_246' title='bbox 1020 2708 1176 2778; x_wconf 85' lang='grc' dir='ltr'><strong><em>εἶναι,</em></strong></span> <span class='ocrx_word' id='word_1_247' title='bbox 1209 2709 1445 2782; x_wconf 90' lang='grc' dir='ltr'><strong><em>πότερον</em></strong></span> <span class='ocrx_word' id='word_1_248' title='bbox 1475 2713 1535 2766; x_wconf 79' lang='grc' dir='ltr'><strong><em>δὲ</em></strong></span> <span class='ocrx_word' id='word_1_249' title='bbox 1564 2712 1660 2766; x_wconf 80' lang='grc' dir='ltr'><strong><em>ἕνα</em></strong></span> <span class='ocrx_word' id='word_1_250' title='bbox 1687 2708 1724 2782; x_wconf 78' lang='grc' dir='ltr'><strong><em>ἢ</em></strong></span> <span class='ocrx_word' id='word_1_251' title='bbox 1746 2726 1780 2768; x_wconf 93' lang='lat' dir='ltr'>D</span> 
     </span>
     <span class='ocr_line' id='line_1_33' title="bbox 31 2786 1723 2864; baseline 0.004 -24"><span class='ocrx_word' id='word_1_252' title='bbox 31 2789 193 2843; x_wconf 77' lang='grc' dir='ltr'><strong><em>πέντε</em></strong></span> <span class='ocrx_word' id='word_1_253' title='bbox 212 2786 420 2855; x_wconf 75' lang='grc' dir='ltr'><strong><em>αὐτοὺς</em></strong></span> <span class='ocrx_word' id='word_1_254' title='bbox 438 2788 676 2864; x_wconf 73' lang='grc' dir='ltr'><strong><em>ἀληθείᾳ</em></strong></span> <span class='ocrx_word' id='word_1_255' title='bbox 695 2791 1014 2862; x_wconf 85' lang='grc' dir='ltr'><strong><em>πεφυκότας</em></strong></span> <span class='ocrx_word' id='word_1_256' title='bbox 1044 2793 1225 2864; x_wconf 84' lang='grc' dir='ltr'><strong><em>λέγειν</em></strong></span> <span class='ocrx_word' id='word_1_257' title='bbox 1246 2793 1415 2862; x_wconf 74' lang='grc' dir='ltr'><strong><em>[ποτὲ]</em></strong></span> <span class='ocrx_word' id='word_1_258' title='bbox 1438 2792 1723 2864; x_wconf 83' lang='grc' dir='ltr'><strong><em>προσήκει,</em></strong></span> 
     </span>
    </p>
   </div>
  </div>
 </body>
</html>
