1962 3236
622 121 1111 169 ΠΟΛΙΤΕΙΑΣ
1138 114 1190 178 ζ’.
1651 118 1754 172 211

68 277 125 312 τε
141 253 251 326 γὰρ
273 258 454 324 τέχναι
473 253 748 325 βάναυσοί
766 274 876 308 που
905 250 1113 308 ἅπασαι
1133 256 1327 318 ἔδοξαν
1346 251 1500 313 εἶναι
1540 261 1669 319 Πῶς
1699 255 1753 310 6'

67 337 164 403 οῦ;
200 339 291 391 καὶ
319 335 431 406 μὴν
459 341 517 390 τί
540 334 617 391 ετ’
650 335 787 391 ἄλλο
817 339 1055 390 λείπεται
1084 335 1334 406 μάθημα,
1365 341 1632 407 μουσικῆς
1663 339 1756 391 καὶ

68 423 445 488 γυμναστικῆς
462 420 553 472 καὶ
571 422 686 472 τῶν
704 421 913 487 τεχνῶν
933 421 1364 488 κεχωρισμένους
1404 421 1564 489 Φέρε,
1595 420 1668 489 ῆν
1699 415 1752 472 δ’

63 502 190 571 ἐγώ,
231 506 282 556 εἰ
306 500 479 572 μηδὲν
508 505 584 555 ἔτι
614 497 766 563 ε’κτός
793 499 1010 553 τούτων
1042 504 1237 571 ἔχομεν
1272 506 1478 572 λαβεῖν,
1516 522 1632 555 των
1667 502 1755 556 ἐπι

65 584 250 639 πάντα
278 583 575 639 τεινόντων
602 604 652 636 τι
681 581 953 652 λα’βωμεν.
996 582 1070 636 Τὸ
1099 595 1288 650 ποῖον,
1328 578 1466 638 Οἷον
1494 587 1657 638 τοῦτο
1689 579 1750 639 τό

64 665 319 739 κοινόν,
302 658 346 719 ὦ
365 669 539 719 πᾶσαι
560 670 943 734 προσχρῶνται
973 667 1150 734 τέχναι
1184 686 1242 719 τε
1273 667 1364 720 καὶ
1395 666 1635 721 διάνοιαι
1663 666 1756 720 καὶ

65 751 371 818 επιστῆμαι,
411 744 443 802 ὃ
479 747 572 801 καὶ
610 746 773 800 παντὶ
805 747 865 800 ἐν
901 745 1139 815 πρώτοις
1169 768 1385 846 αναγκη
1423 746 1753 821 μανθανειν.

62 833 265 891 Ποῖον;
273 831 407 931 ἔφη.
451 825 526 882 T6
550 831 774 898 φαῦλον
793 831 979 895 τοῦτο,
1001 829 1073 897 ἠν
1094 825 1146 881 δ’
1170 825 1294 896 ἐγώ,
1327 825 1388 882 τὸ
1424 829 1483 882 ἕν
1502 850 1559 883 τε
1578 829 1670 883 καὶ
1689 851 1755 883 τα

67 910 170 964 δύο
200 911 291 965 καὶ
321 911 385 964 τὰ
417 914 538 978 τρία
569 908 1018 979 διαγιγνώσκειν·
1056 910 1198 978 λέγω
1229 908 1287 964 δε
1318 907 1454 964 αὐτὸ
1489 912 1548 964 ἐν
1579 931 1758 980 κεφα-

64 998 199 1068 λαίῳ
222 991 468 1063 ἀριθμόν
486 1014 544 1048 τε
574 994 663 1047 καὶ
694 991 978 1063 λογισμόν.
1015 989 1051 1063 ἢ
1078 990 1179 1062 οὐχ
1207 991 1355 1047 οὕτω
1386 995 1510 1062 περὶ
1538 992 1755 1048 τούτων

63 1079 186 1144 ἔχει,
211 1072 283 1139 ὡς
310 1080 460 1128 πᾶσα
481 1075 640 1143 τέχνη
671 1094 729 1127 τε
759 1074 850 1128 καὶ
878 1072 1143 1144 ἐπιστήμη
1174 1071 1533 1143 ἀναγκάζεται
1564 1072 1754 1130 αὐτῶν

62 1159 288 1227 μέτοχος
307 1162 628 1225 γίγνεσθαι;
663 1157 773 1209 Καὶ
803 1155 967 1224 μάλα,
991 1159 1113 1225 ἔφη.
1158 1152 1407 1225 Οὐκοῦν,
1436 1149 1506 1227 ἦν
1540 1154 1590 1211 δ’
1627 1155 1753 1226 ἐγώ,

61 1240 152 1292 καὶ
172 1233 205 1307 ἡ
226 1235 493 1306 πολεμική
509 1258 523 1300 ;
560 1234 768 1305 Πολλή,
790 1239 913 1306 ἔφη,
937 1233 1168 1307 ἀνάγκη.
1217 1240 1564 1306 Παγγέλοιον
1592 1244 1752 1307 γοῦν,

69 1323 231 1389 ἔφην,
253 1316 564 1387 στρατηγὸν
580 1314 959 1387 Ἀγαμέμνονα
981 1320 1039 1371 ἐν
1061 1329 1176 1383 ταῖς
1205 1322 1534 1391 τραγῳδίαις
1568 1325 1757 1374 Παλα-

68 1403 243 1472 μήδης
264 1401 520 1455 ἑκάστοτε
540 1398 854 1470 ἀποφαίνει.
895 1399 1056 1470 ἢούκ
1085 1400 1432 1473 ἐννενόηκας,
1464 1402 1550 1457 ὅτι
1586 1405 1758 1473 φησὶν

66 1481 317 1553 ἀριθμὸν
334 1480 517 1549 εὑρών
544 1483 639 1547 τάς
660 1504 716 1537 τε
735 1483 910 1549 τάξεις
930 1487 1009 1557 τῷ
1038 1487 1388 1557 στρατοπέδῳ
1419 1489 1758 1556 καταστῆσαι

66 1570 126 1621 ἐν
141 1564 276 1638 Ἰλίῳ
298 1566 386 1619 καὶ
408 1566 772 1635 ἐξαριθμῆσαι
791 1571 931 1631 ναῦς
949 1588 1007 1621 τε
1028 1568 1118 1621 καὶ
1137 1560 1309 1622 τᾶλλα
1332 1566 1530 1636 πάντα,
1554 1563 1625 1630 ὡς
1644 1564 1750 1635 πρὸ

62 1654 165 1706 τοῦ
190 1646 641 1718 αναριθμήτων”
609 1670 790 1703 οντων
810 1651 899 1704 και
918 1656 1018 1704 τοῦ
1035 1648 1453 1721 Ἀγαμέμνονος,
1470 1673 1542 1716 ως
1555 1655 1752 1720 ἔοικεν,

66 1728 189 1787 οὐδ’
217 1729 384 1795 όσους
405 1729 581 1795 πόδας
609 1728 751 1801 εἶχεν
780 1730 1004 1801 εἰδότος,
1037 1739 1189 1801 εἴπερ
1225 1729 1486 1802 αριθμεῖν
1521 1731 1594 1803 μὴ
1623 1730 1754 1802 ἠπί-

65 1830 256 1878 στατο;
278 1818 451 1868 καίτοι
471 1811 633 1868 ποῖόν
652 1810 747 1867 τιν’
773 1811 946 1869 αὐτὸν
966 1821 1068 1868 οἰει
1088 1811 1396 1884 στρατηγὸν
1419 1812 1586 1878 εἷναι;
1600 1812 1757 1868 ''Ato-

68 1895 177 1950 πόν
201 1894 302 1950 τιν’
307 1899 469 1965 ,ἔφη,
490 1898 678 1964 ἔγωγε,
702 1899 752 1950 εἰ
766 1886 836 1965 ἦν
855 1893 1007 1950 τοῦτ’
1030 1893 1251 1965 ἀληθές.

207 1981 311 2031 vll.
334 1975 497 2031 ’Άλλο
521 1999 570 2030 τι
589 1968 711 2046 οὖν,
733 1970 805 2048 ῆν
825 1978 880 2032 δ’
903 1978 1027 2047 ἐγώ,
1049 1976 1283 2047 μάθημα
1313 1975 1618 2046 ἀναγκαῖον
1650 1996 1754 2031 πο-
1782 1992 1815 2033 Ε

61 2063 266 2132 λεμικῷ
306 2056 468 2126 ἀνδρὶ
500 2056 753 2129 θήσομεν
790 2061 881 2114 καὶ
920 2064 1239 2129 λογίζεσθαί
1273 2079 1333 2116 τε
1366 2060 1458 2113 καὶ
1494 2055 1758 2129 ἀριθμεῖν

65 2141 376 2206 δύνασθαι;
407 2139 648 2198 Πάντων
667 2139 744 2212 γ’,
767 2147 891 2213 ἔφη,
913 2142 1162 2214 μάλιστα,
1187 2146 1238 2197 εἰ
1252 2143 1343 2197 καὶ
1365 2138 1557 2197 ὁτιοῦν
1575 2142 1758 2211 μέλλει

63 2223 272 2289 τάξεων
291 2225 518 2289 ἐπαΐειν,
540 2228 752 2293 μᾶλλον
772 2222 828 2278 δ’
851 2229 900 2279 εἰ
924 2227 1013 2279 καὶ
1033 2221 1335 2296 ἅνθρωπος
1354 2227 1595 2278 ἔσεσθαι.
1631 2221 1754 2279 Ἐν·-

64 2318 209 2369 νοεῖς
239 2298 361 2372 οὖν,
394 2302 568 2372 εἶπον,
600 2307 723 2375 περὶ
755 2311 920 2361 τοῦτο
953 2305 1013 2361 τὸ
1046 2305 1281 2377 μα’θημα
1319 2305 1456 2374 ὅπερ
1495 2303 1628 2375 ἐγω’;
1678 2302 1752 2360 T6

66 2399 254 2445 ποῐον;
292 2386 626 2442 Κινδυνεύει
654 2393 768 2443 τῶν
789 2386 926 2459 πρὸς
946 2388 1049 2460 τὴν
1067 2389 1265 2461 νόησιν
1296 2387 1552 2459 ἀγόντων
1582 2388 1752 2458 φύσει
1786 2413 1871 2457 523

68 2470 207 2525 εἶναι
230 2462 311 2523 ὦν
331 2471 616 2539 ζητοῦμεν,
638 2478 878 2541 χρῆσθαι
898 2468 948 2526 δ’
972 2469 1154 2536 οὐδεὶς
1174 2469 1326 2545 αὐτῷ
1345 2468 1551 2543 ὀρθῶς,
1574 2471 1755 2526 ἑλκτι-

65 2557 147 2624 κῷ
165 2549 284 2606 ὄντι
305 2549 622 2605 παντάπασι
642 2550 779 2622 πρὸς
809 2550 1022 2608 οὐσίαν.
1067 2560 1212 2622 Πῶς,
1236 2558 1360 2623 ἔφη,
1383 2555 1584 2622 λε’γεις;
1617 2548 1750 2621 Ἐγώ

65 2634 411 2703 πειράσομαι,
433 2625 503 2703 ῆν
524 2630 577 2687 δ’
609 2633 736 2704 ἐγώ,
758 2634 819 2689 τό
842 2632 893 2703 γ’
920 2636 1035 2704 ἐμοὶ
1060 2638 1269 2689 δοκοῦν
1291 2638 1547 2704 δηλῶσαι.
1590 2628 1626 2687 ἃ
1643 2630 1751 2703 γὰρ

66 2719 385 2786 διαιροῦμαι
413 2712 548 2784 παρ’
580 2718 798 2790 ἐμαυτῷ
827 2713 1017 2786 ἀγωγά
1048 2738 1102 2771 τε
1134 2714 1272 2771 εἶναι
1310 2712 1367 2771 οἷ
1398 2717 1631 2787 λέγομεν
1660 2714 1753 2771 καὶ

66 2797 157 2868 μή,
173 2797 480 2868 ξυνθεατὴς
500 2798 801 2869 γενόμενος
815 2799 1068 2870 ξύμφαθι
1089 2795 1455 2870 ἢᾶπειπε,ἴνα
1475 2798 1566 2853 καὶ
1587 2803 1751 2853 τοῦτο

1380 2875 1471 2925 14*
