1962 3236
203 225 306 278 182
829 226 1306 273 ΠΛΑΤΩΝΟΣ

1956 310 1962 334 Ε,

202 361 301 431 ρής
328 366 394 432 τῇ
431 366 580 432 ψυχῇ
593 384 607 426 3
658 364 725 414 Τί
761 357 814 412 δ’
847 356 916 413 ού
953 360 1164 427 μέλλεις
1201 361 1322 429 ἔφη.
1380 358 1759 430 Βουλήσονται
1796 359 1883 431 δή,

202 441 368 512 οἶμαι,
399 439 551 513 αὐτῷ
569 448 825 511 χρῆσθαι,
857 439 1081 494 ἐπειδάν
1108 439 1482 511 πρεσβύτερος
1508 446 1775 511 γίγνηται,
1798 443 1886 497 ἐπὶ

198 523 265 578 τὰ
286 519 476 577 αὐτῶν
495 521 788 591 πράγματα
819 523 877 576 οἵ
899 541 958 575 τε
988 524 1178 576 οἰκεῖοι
1206 522 1297 576 καὶ
1327 524 1384 575 οἱ
1409 529 1639 577 πολῖται.
1677 528 1809 586 Παῖς
1829 520 1879 577 δ’

129 615 160 657 C
201 603 295 669 οὕς
325 601 737 658 ’Υποκείσονται
755 601 863 673 ἄρα
891 602 1144 672 δεόμενοι
1176 604 1267 657 καὶ
1297 609 1575 673 τιμῶντες,
1605 622 1886 673 προκατα-

201 686 578 756 λαμβάνοντες
599 686 690 740 καὶ
722 684 1229 753 προκολακεύοντες
1247 684 1350 755 τὴν
1370 688 1682 755 μέλλουσαν
1708 681 1884 740 αὐτοῦ

200 765 458 837 δύναμιν.
497 772 659 822 Φιλεῖ
671 772 830 836 γοῦν,
863 770 988 836 ἔφη,
1019 764 1166 820 οὕτω
1193 771 1501 835 γίγνεσθαι.
1545 772 1613 821 Τί
1636 760 1740 822 οὖν
1765 774 1884 835 οἰέι,

202 841 275 919 ἦν
294 845 347 903 δ’
370 847 495 918 ἐγώ,
517 847 617 903 τὸν
635 854 891 903 τοιοῦτον
908 849 969 903 ἐν
987 859 1098 912 τοῖς
1118 847 1388 913 τοιούτοις
1407 848 1674 919 ποιήσειν,
1706 846 1886 912 ἄλλως

198 951 258 986 τε
286 931 376 985 καὶ
406 928 505 985 ἐὰν
527 929 665 1001 τύχῃ
693 928 932 999 μεγάλης
951 927 1160 992 πόλεως
1182 924 1260 982 ὢν
1285 931 1375 983 καὶ
1404 930 1464 984 ἐν
1500 928 1673 1000 ταύτῃ
1710 928 1887 984 πλού-

200 1011 318 1076 σιός
346 1032 404 1067 τε
433 1013 525 1066 καὶ
557 1022 830 1081 γενναῖος,
869 1013 959 1065 καὶ
995 1014 1073 1065 ἔτι
1110 1008 1324 1081 εὐειδὴς
1343 1013 1430 1066 καὶ
1456 1015 1648 1082 με’γας;
1686 1004 1778 1079 ἆρ’
1817 1006 1886 1065 οὐ

201 1091 679 1164 πληρωθήσεσθαι
699 1091 985 1163 ἀμηχάνου
1003 1090 1564 1163 ἐλπίδος,ἡγούμενον
1583 1092 1754 1148 καὶτὰ
1774 1098 1886 1146 τῶν

190 1171 472 1245 Ἑλλήνων
491 1171 667 1229 καὶτὰ
689 1179 800 1229 τῶν
818 1173 1121 1245 βαρβάρων
1140 1173 1339 1229 ἱκανὸν
1359 1179 1586 1229 ἔσεσθαι
1606 1173 1882 1244 πράττειν,

134 1268 170 1308 D
199 1259 289 1314 καὶ
320 1259 406 1313 ἐπὶ
437 1256 653 1321 τούτοις
682 1253 901 1327 ὑψηλὸν
926 1260 1138 1326 ἐξαρεῖν
1166 1253 1354 1325 αὑτόν,
1391 1259 1767 1325 σχηματισμοῦ
1796 1256 1886 1308 καὶ

201 1338 558 1409 φρονήματος
594 1343 765 1392 κενοῦ
805 1335 942 1391 ἄνευ
979 1343 1086 1391 νοῦ
1121 1336 1560 1407 ἐμπιπλάμενον;
1596 1336 1704 1389 Καὶ
1733 1333 1883 1404 μάλ’,

199 1424 322 1490 ἔφη.
366 1425 459 1487 Τῷ
479 1418 543 1490 δὴ
565 1417 713 1474 οὕτω
735 1421 1097 1491 διατιθεμένω
1123 1419 1222 1473 ε’άν
1240 1441 1322 1482 τις
1349 1418 1523 1488 ἠρέμα
1554 1414 1888 1484 προσελθων

201 1501 420 1572 τάληθῆ
439 1504 588 1574 λέγῃ,
616 1499 701 1555 ὅτι
721 1507 854 1565 νοῦς
874 1500 977 1555 οὐκ
999 1504 1212 1556 ἔνεστιν
1232 1498 1400 1573 αὐτῷ,
1431 1502 1602 1553 δεῖται
1634 1500 1710 1567 δέ,
1741 1496 1801 1552 τὸ
1824 1499 1883 1551 δὲ

199 1581 269 1639 οὐ
291 1580 493 1654 κτητὸν
514 1581 586 1653 μὴ
611 1582 974 1637 δουλεύσαντι
1006 1589 1073 1653 τῇ
1101 1581 1288 1653 κτήσει
1316 1577 1508 1650 αὐτοῦ,
1539 1573 1631 1651 ἆρ’
1664 1577 1887 1641 εὐπετὲς

197 1673 301 1722 οἴει
329 1662 468 1719 εἶναι
507 1669 827 1719 εἰσακοῦσαι
864 1662 953 1719 δια
992 1663 1279 1719 τοσούτων
1315 1683 1530 1725 κακων;
1566 1666 1790 1716 Πολλοῦ
1822 1680 1885 1730 γε

198 1740 354 1818 δεῖ,ἦ
385 1744 435 1801 δ’
467 1745 541 1811 ὅς.
576 1745 702 1801 Ἐὰν
723 1745 774 1803 δ’
807 1742 932 1816 οὖν,
964 1741 1036 1817 ἦν
1064 1744 1114 1802 δ’
1151 1746 1275 1815 ἐγώ,
1297 1743 1386 1799 διὰ
1409 1742 1469 1799 τό
1494 1737 1559 1798 εὖ
1577 1745 1886 1813 πεφυκέναι
1957 1742 1962 1766 ·’

138 1844 171 1885 Ε
203 1830 295 1883 καὶ
317 1828 376 1883 τό
410 1827 664 1898 ξυγγενὲς
683 1835 796 1883 τῶν
815 1827 997 1898 λόγων
1018 1823 1092 1893 εἷς
1113 1827 1447 1897 αίσθάνηταί
1465 1828 1524 1880 τέ
1540 1844 1615 1898 πῃ
1635 1826 1726 1879 καὶ
1744 1824 1884 1893 κάμ-

201 1929 398 1981 πτηται
417 1911 507 1964 καὶ
535 1911 754 1981 ἕλκηται
781 1909 919 1980 πρὸς
947 1914 1302 1979 φιλοσοφίαν,
1323 1913 1380 1962 τί
1402 1907 1637 1977 οἰόμεθα
1658 1905 1884 1976 δράσειν
1958 1956 1960 1958 ,

198 1994 445 2056 ἐκείνους
460 1991 590 2056 τούς
607 1989 953 2062 ἡγουμένους
975 1990 1284 2046 άπολλύναι
1305 1989 1482 2043 αὐτοῦ
1498 1987 1601 2059 τὴν
1618 1992 1806 2057 χρείαν
1824 2005 1886 2054 τε

198 2076 290 2129 καὶ
309 2075 609 2144 ἑταιρείαν;
647 2073 716 2127 οὐ
735 2093 847 2127 παν
865 2095 967 2141 μεν
986 2077 1167 2141 ἔργον,
1189 2076 1304 2124 πᾶν
1323 2067 1376 2123 δ’
1399 2073 1527 2131 ἔπος
1545 2066 1803 2135 λέγοντάς
1821 2086 1878 2120 τε

199 2157 291 2210 καὶ
310 2155 651 2224 πράττοντας
670 2157 761 2209 καὶ
789 2156 913 2223 περὶ
945 2151 1134 2222 αὐτόν,
1162 2151 1312 2215 όπως
1339 2146 1412 2204 ἄν
1440 2146 1512 2219 μὴ
1537 2154 1759 2219 πεισθῇ,
1788 2148 1879 2201 καὶ

197 2238 323 2307 περὶ
341 2235 443 2291 τὸν
469 2241 756 2304 πείθοντα,
779 2234 928 2299 ὅπως
955 2231 1029 2289 ἂν
1059 2232 1131 2304 μὴ
1165 2228 1278 2296 οἷός
1313 2230 1363 2286 τ’
1402 2233 1455 2301 ᾖ,
1492 2230 1583 2284 καὶ
1619 2231 1729 2283 ἰδία
1764 2231 1886 2283 ε’πι-
1951 2302 1958 2304 „

77 2342 168 2388 495
197 2319 571 2390 βουλεύοντας
587 2339 676 2373 και
660 2320 923 2389 δημοσια
936 2313 1051 2380 εἰς’
1021 2337 1240 2386 αγωνας
1254 2310 1652 2375 καθιστάντας;
1673 2309 1879 2379 Πολλή,
1954 2309 1962 2380 Ἀ

195 2392 233 2471 ἦ
252 2396 308 2454 δ’
332 2399 408 2469 ὅς,
430 2397 661 2469 ἀνάγκη.
685 2398 874 2453 ’Ἑστιν
887 2391 993 2452 οὖν
1010 2395 1158 2460 ὅπως
1177 2393 1205 2450 ὁ
1225 2400 1473 2457 τοιοῦτος
1485 2391 1884 2462 φιλοσοφήσει;
1960 2406 1962 2408 ’

202 2478 288 2536 Οὐ
310 2480 478 2535 πάνυ.
1960 2476 1962 2478 ’

341 2567 423 2617 ΙΧ.
455 2559 618 2661 Ὁρᾷς
637 2555 760 2630 οὖν,
780 2554 852 2631 ἦν
873 2558 922 2614 δ’
948 2558 1071 2629 ἐγώ,
1093 2557 1176 2612 ὅτι
1208 2556 1276 2612 οὐ
1306 2562 1489 2619 κακῶς
1510 2556 1783 2623 ἐλέγομεν,
1810 2575 1882 2615 ως

197 2643 306 2714 ἄρα
343 2646 435 2699 καὶ
471 2641 611 2698 αὐτα
641 2640 708 2696 τὰ
744 2648 838 2712 τῆς
878 2639 1194 2711 φιλοσόφου
1222 2637 1443 2708 φύσεως
1473 2639 1626 2705 με’ρη,
1656 2632 1791 2688 ὅταν
1823 2634 1884 2687 ἐν
1955 2705 1957 2707 ¹

197 2734 342 2798 κακῇ
370 2733 552 2798 τροφῇ
579 2729 818 2796 γένηται,
847 2733 991 2780 αἴτια
1020 2723 1231 2791 τρόπον
1258 2719 1381 2775 τινὰ
1411 2724 1512 2773 τοῦ
1541 2719 1788 2770 ἐκπεσεῖν
1821 2717 1881 2769 ἐκ

196 2813 296 2862 τοῦ
325 2807 766 2878 ἐπιτηδεύματος,
797 2809 887 2861 καὶ
915 2827 981 2860 τα
1020 2804 1288 2873 λεγόμενα
1326 2797 1530 2869 ἀγαθά,
1557 2800 1793 2851 πλοῦτοί
1823 2816 1881 2849 τε

197 2889 288 2942 καὶ
319 2894 465 2941 πᾶσα
504 2887 537 2958 ἡ
569 2889 794 2958 τοιαύτη
832 2885 1183 2958 παρασκευῆς
1222 2880 1307 2938 Οὐ
1343 2880 1468 2950 γάρ,
1508 2876 1629 2933 ἀλλ’
1672 2874 1880 2947 ὀρθῶς,
