1962 3236
212 177 316 229 308
426 184 431 191 ‘
792 165 1309 233 ’ΠΛΑΤῼΝΟΣ

149 326 181 369 c
213 310 586 386 ἀποδοῦναι,
565 315 731 380 όσους
749 336 806 369 τε
827 317 918 371 καὶ
937 319 1089 380 οἵους
1107 323 1173 387 τῇ
1202 323 1352 389 ψυχῇ
1381 321 1600 390 παρέχει
1631 319 1762 391 παρ’
1792 320 1894 376 ἀν-

212 396 463 468 θρώπων
491 419 549 452 τε
581 398 671 452 καὶ
697 403 868 465 θεῶν,
907 397 1108 463 ζῶντός
1135 420 1194 453 τε
1221 401 1300 452 ἔτι
1327 404 1427 454 τοῦ
1459 397 1794 499 ἀνθρώπου-
1804 404 1895 459 καὶ

212 476 437 539 ἐπειδὰν
470 477 796 549 τελευτήσῃ;
832 479 1162 535 Παντάπασι
1190 502 1292 550 μεν
1329 474 1451 552 οὖν,
1481 483 1514 552 ἡ
1555 480 1607 536 δ’
1650 481 1724 546 ὅς.
1773 477 1892 551 Αρ’

212 552 318 614 οὖν
338 557 656 614 ἀποδώσετέ
667 580 760 629 μοι
783 556 819 613 ἃ
837 561 1197 616 ἐδανείσασθε
1225 563 1285 615 ἐν
1306 566 1387 634 τῷ
1416 562 1594 638 λόγω·
1638 568 1706 617 Τί
1714 562 1895 633 μάλι-

210 655 336 694 στα·
325 680 339 706 ,
365 641 578 695 ’Ἐδωκα
599 638 734 710 ὑμῖν
749 637 848 695 τὸν
869 645 1084 697 δίκαιον
1103 645 1290 697 δοκεῖν
1309 642 1506 698 άδικον
1528 632 1666 698 εἶναι
1683 646 1774 699 καὶ
1793 642 1893 698 τὸν

210 719 406 775 ἄδικον
432 724 663 776 δίκαιον.
703 719 859 792 ὑμεῖς
889 720 996 795 γάρ
1034 721 1289 794 ἡγεῖσθε,
1319 720 1428 779 κάν
1456 729 1506 780 εἰ
1535 724 1609 796 μὴ
1652 723 1894 780 δυνατὸν

211 809 292 872 εἴη
313 808 487 856 ταῦτα
508 802 814 859 λανθάνειν
835 805 925 859 καὶ
947 802 1119 867 θεοὺς
1137 806 1228 859 καὶ
1259 802 1616 877 ἀνθρώπους,
1640 805 1786 876 ὅμως
1808 810 1892 862 δο-

209 884 335 938 τέον
370 882 510 938 εἶναι
545 891 648 939 τοῦ
675 885 849 955 λόγου
880 887 1057 955 ἕνεκα,
1088 888 1181 956 ἵνα
1213 884 1351 957 αὐτὴ
1392 887 1715 958 δικαιοσύνη
1755 886 1893 957 πρὸς

143 972 179 1012 D
214 963 434 1021 άδικίαν
454 963 630 1036 αὐτὴν
643 972 877 1038 κριθείη.
907 963 943 1039 ἢ
965 965 1032 1022 οὐ
1050 969 1438 1038 μνημονεύεις;
1456 967 1730 1040 Ἀδικοίην
1748 968 1889 1040 μέντ’

210 1045 297 1117 ἄν,
338 1051 463 1117 ἔφη,
493 1052 543 1102 εἰ
568 1049 658 1118 μή.
712 1045 923 1119 Ἐπειδὴ
957 1053 1149 1103 τοίνυν
1183 1052 1502 1122 κεκριμέναι
1531 1057 1686 1121 εἰσίν,
1727 1046 1798 1121 ἦν
1831 1048 1887 1104 δ’

210 1127 332 1198 ἐγώ,
365 1127 535 1183 πάλιν
566 1128 780 1185 ἀπαιτῶ
809 1128 949 1200 ὑπὲρ
981 1131 1351 1203 δικαιοσύνης,
1387 1131 1570 1203 ὥσπερ
1599 1137 1705 1203 ἔχει
1734 1132 1892 1202 δόξης

208 1211 300 1265 καὶ
321 1209 468 1281 παρὰ
488 1216 642 1266 θεῶν
671 1213 763 1267 καὶ
788 1211 922 1282 παρ’
957 1209 1292 1282 ἀνθρώπων,
1326 1217 1415 1268 καὶ
1437 1211 1580 1284 ἡμᾶς
1603 1211 1891 1284 ὁμολογεῖν

209 1294 330 1363 περὶ
352 1289 522 1362 αὐτῆς
543 1296 828 1348 δοκεῖσθαι
858 1292 1050 1361 οὕτως,
1082 1297 1174 1348 ’ἵνα
1205 1295 1294 1348 καὶ
1324 1292 1390 1348 τὰ
1422 1294 1709 1365 νικητήρια
1731 1300 1889 1364 κομί-

209 1390 385 1442 σηται,
408 1371 444 1428 οἳ
464 1370 569 1428 άπὸ
594 1379 695 1430 τοῦ
718 1378 902 1429 δοκεῖν
921 1377 1168 1444 κτωμένη
1201 1378 1389 1429 δίδωσι
1419 1386 1531 1439 τοῖς
1550 1381 1766 1444 ἔχουσιν
1787 1375 1889 1430 αύ-

208 1455 328 1525 τήν,
359 1450 543 1525 ἐπειδὴ
577 1457 670 1511 καὶ
701 1454 767 1510 τά
807 1453 914 1511 ἀπὸ
943 1462 1045 1510 τοῦ
1076 1454 1214 1510 εἶναι
1234 1453 1423 1525 ἀγαθοὶ
1458 1460 1686 1511 διδοῦσα
1711 1457 1888 1526 ἐφάνη

208 1537 299 1590 καὶ
338 1533 441 1590 οὐκ
479 1538 796 1601 ἐξαπατῶσα
836 1535 966 1600 τοὺς
1003 1543 1080 1610 τῷ
1116 1534 1237 1590 ὄντι
1270 1537 1655 1608 λαμβάνοντας
1692 1536 1882 1608 αὐτήν.

151 1633 183 1672 Ε
211 1622 433 1689 Δίκαια,
459 1622 582 1689 ἔφη,
606 1623 754 1673 αι’τεῖ.
787 1614 1031 1686 Οὐκοῦν,
1051 1612 1123 1689 ἦν
1143 1615 1195 1671 δ’
1218 1617 1341 1688 ἐγώ,
1364 1624 1588 1690 πρῶτον
1608 1621 1709 1689 μὲν
1723 1625 1886 1674 τοῦτο

209 1697 540 1769 ἀποδώσετε,
555 1696 640 1754 ὅτι
656 1698 828 1765 θεούς
846 1721 907 1769 γε
923 1698 990 1755 οὐ
1011 1699 1281 1755 λανθάνει
1301 1701 1554 1770 ἑκάτερος
1568 1699 1756 1755 αὐτῶν
1777 1696 1890 1764 οἷός

140 1822 142 1824 -
210 1783 380 1845 ἐστιν;
413 1779 813 1852 Ἀποδεόσομεν,
852 1787 972 1853 ἔφη.
1028 1787 1101 1837 Εἰ
1132 1785 1190 1837 δὲ
1221 1781 1293 1852 μὴ
1324 1782 1686 1851 λανθάνετον,
1726 1781 1753 1836 ὁ
1788 1781 1887 1852 μὲν

208 1860 476 1933 θεοφιλὴς
515 1858 586 1917 ἂν
624 1871 724 1933 εἴη,
765 1862 792 1917 ὁ
830 1864 888 1918 δὲ
913 1863 1198 1934 θεομισής,
1231 1862 1414 1934 ὥσπερ
1446 1865 1536 1918 καὶ
1566 1862 1687 1918 κατ’
1721 1861 1888 1933 ἀρχὰς

211 1942 618 2015 ὡμολογοῦμεν.
644 1943 795 1999 Ἔστι
825 1951 1011 1999 ταῦτα.
1070 1951 1161 2018 Τῷ
1187 1944 1244 1999 δὲ
1274 1952 1534 2015 θεοφιλεῖ
1560 1943 1659 2014 οὐχ
1687 1942 1887 2014 ὁμολο-

96 2046 180 2090 6]3
210 2025 468 2097 φήσομεν,
492 2025 597 2081 ὅσα
616 2049 678 2095 γε
704 2024 811 2082 άπὸ
834 2033 987 2081 θεῶν
1016 2031 1275 2096 γίγνεται,
1300 2027 1480 2081 πάντα
1510 2031 1798 2095 γίγνεσθαι
1818 2023 1888 2088 ὡς
1959 2033 1962 2037 ⁴

212 2103 330 2162 οἷόν
349 2128 405 2162 τε
425 2106 639 2176 ἄριστα,
662 2112 711 2162 εἰ
727 2108 802 2178 μή
821 2130 872 2161 τι
890 2106 1194 2176 άναγκαῖον
1215 2105 1363 2177 αύτῷ
1395 2106 1569 2160 κακὸν
1598 2108 1658 2160 ἐκ
1689 2108 1887 2176 προτέ-
1954 2136 1962 2180 3

209 2209 310 2256 ρας
331 2184 593 2256 ἁμαρτίας
613 2185 885 2257 ὑπηρχεν;
924 2188 1089 2243 Πάνυ
1105 2188 1205 2257 μὲν
1225 2181 1343 2242 οὖν.
1387 2185 1579 2250 Οὕτως
1609 2186 1717 2256 ἄρα
1745 2184 1888 2241 ὑπο-
1954 2187 1962 2252 ξ

211 2270 447 2337 ληπτέον
463 2270 584 2337 περὶ
604 2273 705 2323 τοῦ
728 2272 944 2324 δικαίου
975 2269 1195 2339 ἀνδρός,
1228 2268 1325 2324 ἐάν
1354 2266 1403 2323 τ’
1425 2271 1487 2323 ἐν
1515 2272 1676 2340 πενίᾳ
1694 2273 1887 2337 γίγνη-

209 2370 298 2402 ται
328 2347 426 2404 ἐάν
457 2346 506 2403 τ’
532 2352 591 2404 ἐν
619 2350 805 2415 νόσοις
836 2350 873 2422 ἤ
891 2373 1001 2406 τινι
1030 2350 1175 2423 ἄλλω
1204 2356 1316 2404 τῶν
1338 2349 1658 2405 δοκούντων
1678 2356 1883 2418 κακῶν,

213 2428 286 2494 ὠς
305 2431 482 2505 τούτῳ
497 2438 668 2487 ταῦτα
690 2438 764 2497 είς
783 2431 1004 2503 ἀγαθόν
1023 2455 1074 2488 τι
1094 2433 1404 2503 τελευτήσει
1424 2436 1582 2498 ζῶντι
1593 2427 1629 2501 ἢ
1647 2429 1886 2486 καὶάπο-

209 2513 460 2569 θανόντι.
501 2513 569 2570 ού
597 2516 705 2586 γάρ
733 2515 801 2585 ’δὴ
831 2512 946 2570 ὑπό
976 2537 1037 2584 γε
1064 2519 1217 2570 θεῶν
1248 2515 1378 2568 ποτὲ
1407 2512 1695 2582 ἀμελεῖται,
1730 2511 1787 2575 ὃς
1817 2509 1886 2565 ἄν
1940 2510 1942 2512 ’

210 2603 627 2667 προθυμεῖσθαι
665 2600 830 2669 ἐθέλῃ
880 2602 1086 2661 δίκαιος
1122 2604 1378 2666 γίνεσθαι
1423 2596 1513 2650 καὶ
1551 2593 1885 2663 ἐπιτηδεύων
1930 2647 1935 2670 Ἴ.

147 2696 177 2735 Β
212 2677 416 2748 άρετὴν
434 2684 508 2744 εἰς
528 2677 662 2735 ὅσον
684 2677 925 2734 δυνατὸν
944 2676 1227 2750 ἀνθρώπῳ
1250 2675 1584 2747 ὁμοιοῦσθαι
1602 2681 1734 2746 θεῷ.
1786 2679 1885 2728 Εί-
1928 2754 1931 2755 ⁷

210 2760 306 2824 κός
324 2759 398 2830 γ’,
422 2766 543 2832 ἔφη,
567 2760 667 2817 τὸν
687 2768 940 2816 τοιοῦτον
965 2759 1036 2831 μὴ
1071 2758 1391 2830 ἀμελεῖσθαι
1410 2755 1516 2812 ὑπὸ
1542 2762 1642 2810 τοῦ
1674 2753 1881 2825 ὁμοίου.
1930 2779 1932 2783 ·

216 2841 442 2897 Οὐκοῦν
472 2845 594 2906 περὶ
629 2851 730 2897 τοῦ
767 2841 963 2898 ἀδίκου
993 2841 1255 2896 τάναντιά
1276 2840 1502 2896 ’τούτων
1533 2841 1619 2892 δεῖ
1651 2840 1882 2891 διανοεῖ-
