<?xml version="1.0" encoding="UTF-8"?>
<!DOCTYPE html PUBLIC "-//W3C//DTD XHTML 1.0 Transitional//EN"
    "http://www.w3.org/TR/xhtml1/DTD/xhtml1-transitional.dtd">
<html xmlns="http://www.w3.org/1999/xhtml" xml:lang="en" lang="en">
 <head>
  <title>
</title>
<meta http-equiv="Content-Type" content="text/html;charset=utf-8" />
  <meta name='ocr-system' content='tesseract 3.04.00' />
  <meta name='ocr-capabilities' content='ocr_page ocr_carea ocr_par ocr_line ocrx_word'/>
</head>
<body>
  <div class='ocr_page' id='page_1' title='image "./dialogisecumdumt04platuoft_0374.png"; bbox 0 0 1962 3236; ppageno 0'>
   <div class='ocr_carea' id='block_1_1' title="bbox 193 213 1876 267">
    <p class='ocr_par' dir='ltr' id='par_1_1' title="bbox 193 213 1876 267">
     <span class='ocr_line' id='line_1_1' title="bbox 193 213 1876 267; baseline 0.002 -3"><span class='ocrx_word' id='word_1_1' title='bbox 193 213 298 266; x_wconf 87' lang='grc'><em>338</em></span> <span class='ocrx_word' id='word_1_2' title='bbox 354 219 358 222; x_wconf 83' lang='grc'><strong>’</strong></span> <span class='ocrx_word' id='word_1_3' title='bbox 811 213 1291 262; x_wconf 76' lang='grc' dir='ltr'><em>ΠΛΑΤΩΝΟΣ</em></span> <span class='ocrx_word' id='word_1_4' title='bbox 1815 225 1876 267; x_wconf 71' lang='lat'><em>20</em></span> 
     </span>
    </p>
   </div>
   <div class='ocr_carea' id='block_1_2' title="bbox 108 342 1881 2942">
    <p class='ocr_par' dir='ltr' id='par_1_2' title="bbox 108 342 1881 985">
     <span class='ocr_line' id='line_1_2' title="bbox 108 342 1875 422; baseline 0.001 -21"><span class='ocrx_word' id='word_1_5' title='bbox 108 358 166 403; x_wconf 82' lang='lat'><em>35</em></span> <span class='ocrx_word' id='word_1_6' title='bbox 194 369 292 422; x_wconf 88' lang='grc' dir='ltr'><em>πῳ.</em></span> <span class='ocrx_word' id='word_1_7' title='bbox 329 354 424 418; x_wconf 85' lang='grc' dir='ltr'><em>τῆς</em></span> <span class='ocrx_word' id='word_1_8' title='bbox 447 346 744 418; x_wconf 77' lang='grc' dir='ltr'><em>ἀμερίστου</em></span> <span class='ocrx_word' id='word_1_9' title='bbox 763 346 852 400; x_wconf 78' lang='grc' dir='ltr'><em>καὶ</em></span> <span class='ocrx_word' id='word_1_10' title='bbox 874 342 957 400; x_wconf 86' lang='grc' dir='ltr'><em>ἀεὶ</em></span> <span class='ocrx_word' id='word_1_11' title='bbox 981 343 1117 400; x_wconf 77' lang='grc' dir='ltr'><em>κατὰ</em></span> <span class='ocrx_word' id='word_1_12' title='bbox 1136 342 1307 399; x_wconf 85' lang='grc' dir='ltr'><em>ταύτὰ</em></span> <span class='ocrx_word' id='word_1_13' title='bbox 1330 344 1557 416; x_wconf 87' lang='grc' dir='ltr'><em>ἐχούσης</em></span> <span class='ocrx_word' id='word_1_14' title='bbox 1576 343 1766 412; x_wconf 83' lang='grc' dir='ltr'><em>οὐσίας</em></span> <span class='ocrx_word' id='word_1_15' title='bbox 1785 353 1875 404; x_wconf 79' lang='grc' dir='ltr'><em>καὶ</em></span> 
     </span>
     <span class='ocr_line' id='line_1_3' title="bbox 194 423 1877 500; baseline -0.001 -15"><span class='ocrx_word' id='word_1_16' title='bbox 194 436 289 500; x_wconf 88' lang='grc' dir='ltr'><em>τῆς</em></span> <span class='ocrx_word' id='word_1_17' title='bbox 326 423 399 483; x_wconf 80' lang='grc' dir='ltr'><em>αὖ</em></span> <span class='ocrx_word' id='word_1_18' title='bbox 435 429 559 496; x_wconf 87' lang='grc' dir='ltr'><em>περὶ</em></span> <span class='ocrx_word' id='word_1_19' title='bbox 594 424 660 480; x_wconf 79' lang='grc' dir='ltr'><em>τὰ</em></span> <span class='ocrx_word' id='word_1_20' title='bbox 698 425 922 497; x_wconf 92' lang='grc' dir='ltr'><em>σώματα</em></span> <span class='ocrx_word' id='word_1_21' title='bbox 959 425 1286 497; x_wconf 76' lang='grc' dir='ltr'><em>γιγνομένης</em></span> <span class='ocrx_word' id='word_1_22' title='bbox 1313 432 1570 498; x_wconf 73' lang='grc' dir='ltr'><strong><em>μεριστῆς</em></strong></span> <span class='ocrx_word' id='word_1_23' title='bbox 1604 433 1792 499; x_wconf 88' lang='grc' dir='ltr'><em>τρίτον</em></span> <span class='ocrx_word' id='word_1_24' title='bbox 1822 433 1877 495; x_wconf 83' lang='grc' dir='ltr'><em>ἐξ</em></span> 
     </span>
     <span class='ocr_line' id='line_1_4' title="bbox 195 505 1878 582; baseline -0.001 -16"><span class='ocrx_word' id='word_1_25' title='bbox 195 510 406 582; x_wconf 78' lang='grc' dir='ltr'><em>ἀμφοῖν</em></span> <span class='ocrx_word' id='word_1_26' title='bbox 426 511 485 564; x_wconf 86' lang='grc' dir='ltr'><em>έν</em></span> <span class='ocrx_word' id='word_1_27' title='bbox 503 511 650 581; x_wconf 89' lang='grc' dir='ltr'><em>μέσῳ</em></span> <span class='ocrx_word' id='word_1_28' title='bbox 672 507 1073 577; x_wconf 84' lang='grc' dir='ltr'><em>ξυνεκεράσατο</em></span> <span class='ocrx_word' id='word_1_29' title='bbox 1094 505 1287 572; x_wconf 82' lang='grc' dir='ltr'><em>οὐσίας</em></span> <span class='ocrx_word' id='word_1_30' title='bbox 1306 506 1464 577; x_wconf 84' lang='grc' dir='ltr'><em>εἶδος,</em></span> <span class='ocrx_word' id='word_1_31' title='bbox 1484 515 1578 579; x_wconf 84' lang='grc' dir='ltr'><em>τῆς</em></span> <span class='ocrx_word' id='word_1_32' title='bbox 1597 530 1655 564; x_wconf 90' lang='grc' dir='ltr'><em>τε</em></span> <span class='ocrx_word' id='word_1_33' title='bbox 1671 505 1878 564; x_wconf 89' lang='grc' dir='ltr'><em>ταύτοῦ</em></span> 
     </span>
     <span class='ocr_line' id='line_1_5' title="bbox 196 584 1876 662; baseline -0.001 -16"><span class='ocrx_word' id='word_1_34' title='bbox 196 592 414 662; x_wconf 85' lang='grc' dir='ltr'><em>φύσεως</em></span> <span class='ocrx_word' id='word_1_35' title='bbox 434 584 526 660; x_wconf 79' lang='grc' dir='ltr'><em>[αὖ</em></span> <span class='ocrx_word' id='word_1_36' title='bbox 547 590 688 657; x_wconf 88' lang='grc' dir='ltr'><em>πέρι]</em></span> <span class='ocrx_word' id='word_1_37' title='bbox 710 592 801 644; x_wconf 85' lang='grc' dir='ltr'><em>καὶ</em></span> <span class='ocrx_word' id='word_1_38' title='bbox 823 595 918 660; x_wconf 85' lang='grc' dir='ltr'><em>τῆς</em></span> <span class='ocrx_word' id='word_1_39' title='bbox 938 593 1199 660; x_wconf 79' lang='grc' dir='ltr'><em>θατέρου,</em></span> <span class='ocrx_word' id='word_1_40' title='bbox 1229 590 1319 645; x_wconf 87' lang='grc' dir='ltr'><em>καὶ</em></span> <span class='ocrx_word' id='word_1_41' title='bbox 1347 587 1486 644; x_wconf 83' lang='grc' dir='ltr'><em>κατά</em></span> <span class='ocrx_word' id='word_1_42' title='bbox 1518 597 1688 646; x_wconf 90' lang='grc' dir='ltr'><em>ταῦτα</em></span> <span class='ocrx_word' id='word_1_43' title='bbox 1719 593 1876 656; x_wconf 82' lang='grc' dir='ltr'><em>ξυνέ-</em></span> 
     </span>
     <span class='ocr_line' id='line_1_6' title="bbox 197 669 1874 744; baseline 0 -17"><span class='ocrx_word' id='word_1_44' title='bbox 197 687 396 741; x_wconf 87' lang='grc' dir='ltr'><em>στησεν</em></span> <span class='ocrx_word' id='word_1_45' title='bbox 425 673 486 725; x_wconf 86' lang='grc' dir='ltr'><em>έν</em></span> <span class='ocrx_word' id='word_1_46' title='bbox 511 671 657 744; x_wconf 90' lang='grc' dir='ltr'><em>μέσῳ</em></span> <span class='ocrx_word' id='word_1_47' title='bbox 683 677 784 725; x_wconf 92' lang='grc' dir='ltr'><em>τοῦ</em></span> <span class='ocrx_word' id='word_1_48' title='bbox 814 692 872 725; x_wconf 89' lang='grc' dir='ltr'><em>τε</em></span> <span class='ocrx_word' id='word_1_49' title='bbox 911 669 1149 741; x_wconf 78' lang='grc' dir='ltr'><em>ἀμεροῦς</em></span> <span class='ocrx_word' id='word_1_50' title='bbox 1185 669 1372 726; x_wconf 75' lang='grc' dir='ltr'><em>αὐτῶν</em></span> <span class='ocrx_word' id='word_1_51' title='bbox 1400 673 1492 727; x_wconf 82' lang='grc' dir='ltr'><em>καὶ</em></span> <span class='ocrx_word' id='word_1_52' title='bbox 1521 677 1621 727; x_wconf 90' lang='grc' dir='ltr'><em>τοῦ</em></span> <span class='ocrx_word' id='word_1_53' title='bbox 1651 670 1786 726; x_wconf 79' lang='grc' dir='ltr'><em>κατὰ</em></span> <span class='ocrx_word' id='word_1_54' title='bbox 1812 671 1874 726; x_wconf 78' lang='grc' dir='ltr'><em>τὰ</em></span> 
     </span>
     <span class='ocr_line' id='line_1_7' title="bbox 196 749 1878 823; baseline 0 -16"><span class='ocrx_word' id='word_1_55' title='bbox 196 753 419 822; x_wconf 90' lang='grc' dir='ltr'><em>σώματα</em></span> <span class='ocrx_word' id='word_1_56' title='bbox 439 757 724 821; x_wconf 83' lang='grc' dir='ltr'><em>μεριστοῦ·</em></span> <span class='ocrx_word' id='word_1_57' title='bbox 762 755 851 807; x_wconf 83' lang='grc' dir='ltr'><em>καὶ</em></span> <span class='ocrx_word' id='word_1_58' title='bbox 870 757 990 822; x_wconf 88' lang='grc' dir='ltr'><em>τριά</em></span> <span class='ocrx_word' id='word_1_59' title='bbox 1023 749 1210 822; x_wconf 74' lang='grc' dir='ltr'><em>λαβών</em></span> <span class='ocrx_word' id='word_1_60' title='bbox 1240 749 1380 807; x_wconf 76' lang='grc' dir='ltr'><em>αὐτοὶ</em></span> <span class='ocrx_word' id='word_1_61' title='bbox 1410 751 1544 809; x_wconf 80' lang='grc' dir='ltr'><em>ὄντα</em></span> <span class='ocrx_word' id='word_1_62' title='bbox 1575 751 1878 823; x_wconf 88' lang='grc' dir='ltr'><em>συνεκερά-</em></span> 
     </span>
     <span class='ocr_line' id='line_1_8' title="bbox 196 831 1880 904; baseline -0.002 -15"><span class='ocrx_word' id='word_1_63' title='bbox 196 852 329 889; x_wconf 90' lang='grc' dir='ltr'><em>σατο</em></span> <span class='ocrx_word' id='word_1_64' title='bbox 353 837 428 897; x_wconf 85' lang='grc' dir='ltr'><em>εἰς</em></span> <span class='ocrx_word' id='word_1_65' title='bbox 453 837 585 903; x_wconf 85' lang='grc' dir='ltr'><em>μίαν</em></span> <span class='ocrx_word' id='word_1_66' title='bbox 605 833 784 888; x_wconf 89' lang='grc' dir='ltr'><em>πάντα</em></span> <span class='ocrx_word' id='word_1_67' title='bbox 806 835 975 902; x_wconf 85' lang='grc' dir='ltr'><em>ἰδέαν,</em></span> <span class='ocrx_word' id='word_1_68' title='bbox 992 831 1096 903; x_wconf 83' lang='grc' dir='ltr'><em>τὴν</em></span> <span class='ocrx_word' id='word_1_69' title='bbox 1116 834 1362 904; x_wconf 80' lang='grc' dir='ltr'><em>θατέρου</em></span> <span class='ocrx_word' id='word_1_70' title='bbox 1381 834 1554 903; x_wconf 82' lang='grc' dir='ltr'><em>φύσιν</em></span> <span class='ocrx_word' id='word_1_71' title='bbox 1575 835 1880 904; x_wconf 79' lang='grc' dir='ltr'><em>δύσμικτον</em></span> 
     </span>
     <span class='ocr_line' id='line_1_9' title="bbox 197 909 1881 985; baseline -0.001 -14"><span class='ocrx_word' id='word_1_72' title='bbox 197 909 373 971; x_wconf 77' lang='grc' dir='ltr'><em>οὖσαν</em></span> <span class='ocrx_word' id='word_1_73' title='bbox 400 919 474 978; x_wconf 85' lang='grc' dir='ltr'><em>εἰς</em></span> <span class='ocrx_word' id='word_1_74' title='bbox 500 913 704 970; x_wconf 81' lang='grc' dir='ltr'><em>ταύτὸν</em></span> <span class='ocrx_word' id='word_1_75' title='bbox 724 915 1116 984; x_wconf 82' lang='grc' dir='ltr'><em>ξυναρμόττων</em></span> <span class='ocrx_word' id='word_1_76' title='bbox 1141 918 1259 985; x_wconf 78' lang='grc' dir='ltr'><em>βίᾳ·</em></span> <span class='ocrx_word' id='word_1_77' title='bbox 1298 915 1496 984; x_wconf 81' lang='grc' dir='ltr'><em>μιγνὺς</em></span> <span class='ocrx_word' id='word_1_78' title='bbox 1528 914 1585 969; x_wconf 75' lang='grc' dir='ltr'><em>δὲ</em></span> <span class='ocrx_word' id='word_1_79' title='bbox 1621 913 1754 985; x_wconf 79' lang='grc' dir='ltr'><em>μετὰ</em></span> <span class='ocrx_word' id='word_1_80' title='bbox 1784 918 1881 983; x_wconf 84' lang='grc' dir='ltr'><em>τῆς</em></span> 
     </span>
    </p>

    <p class='ocr_par' dir='ltr' id='par_1_3' title="bbox 127 995 1879 1554">
     <span class='ocr_line' id='line_1_10' title="bbox 127 995 1877 1066; baseline -0.001 -18"><span class='ocrx_word' id='word_1_81' title='bbox 127 1009 157 1048; x_wconf 85' lang='grc' dir='ltr'>Β</span> <span class='ocrx_word' id='word_1_82' title='bbox 196 995 386 1060; x_wconf 86' lang='grc' dir='ltr'><em>οὐσίας</em></span> <span class='ocrx_word' id='word_1_83' title='bbox 421 998 512 1051; x_wconf 87' lang='grc' dir='ltr'><em>καὶ</em></span> <span class='ocrx_word' id='word_1_84' title='bbox 548 1000 607 1051; x_wconf 85' lang='grc' dir='ltr'><em>ἐκ</em></span> <span class='ocrx_word' id='word_1_85' title='bbox 634 1002 804 1066; x_wconf 77' lang='grc' dir='ltr'><em>τριῶν</em></span> <span class='ocrx_word' id='word_1_86' title='bbox 836 995 1203 1066; x_wconf 77' lang='grc' dir='ltr'><em>ποιησάμενος</em></span> <span class='ocrx_word' id='word_1_87' title='bbox 1239 996 1318 1065; x_wconf 74' lang='grc' dir='ltr'><em>ἓν,</em></span> <span class='ocrx_word' id='word_1_88' title='bbox 1352 995 1520 1050; x_wconf 92' lang='grc' dir='ltr'><em>πάλιν</em></span> <span class='ocrx_word' id='word_1_89' title='bbox 1551 995 1686 1051; x_wconf 78' lang='grc' dir='ltr'><em>ὅλον</em></span> <span class='ocrx_word' id='word_1_90' title='bbox 1714 1001 1877 1049; x_wconf 90' lang='grc' dir='ltr'><em>τοῦτο</em></span> 
     </span>
     <span class='ocr_line' id='line_1_11' title="bbox 196 1073 1879 1149; baseline -0.002 -17"><span class='ocrx_word' id='word_1_91' title='bbox 196 1082 389 1149; x_wconf 85' lang='grc' dir='ltr'><em>μοίρας</em></span> <span class='ocrx_word' id='word_1_92' title='bbox 409 1076 541 1141; x_wconf 83' lang='grc' dir='ltr'><em>ὅσας</em></span> <span class='ocrx_word' id='word_1_93' title='bbox 562 1084 806 1148; x_wconf 82' lang='grc' dir='ltr'><em>προσῆκε</em></span> <span class='ocrx_word' id='word_1_94' title='bbox 833 1081 1122 1147; x_wconf 88' lang='grc' dir='ltr'><em>διένειμεν,</em></span> <span class='ocrx_word' id='word_1_95' title='bbox 1153 1077 1389 1147; x_wconf 80' lang='grc' dir='ltr'><em>ἑκάστην</em></span> <span class='ocrx_word' id='word_1_96' title='bbox 1419 1077 1479 1132; x_wconf 77' lang='grc' dir='ltr'><em>δὲ</em></span> <span class='ocrx_word' id='word_1_97' title='bbox 1505 1080 1565 1131; x_wconf 77' lang='grc' dir='ltr'><em>ἔκ</em></span> <span class='ocrx_word' id='word_1_98' title='bbox 1596 1098 1651 1131; x_wconf 87' lang='grc' dir='ltr'><em>τε</em></span> <span class='ocrx_word' id='word_1_99' title='bbox 1673 1073 1879 1131; x_wconf 77' lang='grc' dir='ltr'><em>ταύτοῦ·</em></span> 
     </span>
     <span class='ocr_line' id='line_1_12' title="bbox 197 1156 1879 1229; baseline -0.003 -15"><span class='ocrx_word' id='word_1_100' title='bbox 197 1160 286 1214; x_wconf 87' lang='grc' dir='ltr'><em>καὶ</em></span> <span class='ocrx_word' id='word_1_101' title='bbox 309 1163 554 1228; x_wconf 86' lang='grc' dir='ltr'><em>θατέρου</em></span> <span class='ocrx_word' id='word_1_102' title='bbox 573 1160 662 1214; x_wconf 84' lang='grc' dir='ltr'><em>καὶ</em></span> <span class='ocrx_word' id='word_1_103' title='bbox 691 1166 786 1229; x_wconf 83' lang='grc' dir='ltr'><em>τῆς</em></span> <span class='ocrx_word' id='word_1_104' title='bbox 814 1156 1003 1222; x_wconf 85' lang='grc' dir='ltr'><em>οὐσίας</em></span> <span class='ocrx_word' id='word_1_105' title='bbox 1033 1162 1384 1228; x_wconf 78' lang='grc' dir='ltr'><em>μεμιγμένην.</em></span> <span class='ocrx_word' id='word_1_106' title='bbox 1422 1157 1615 1229; x_wconf 85' lang='grc' dir='ltr'><em>ἤρχετο</em></span> <span class='ocrx_word' id='word_1_107' title='bbox 1649 1157 1708 1213; x_wconf 78' lang='grc' dir='ltr'><em>δὲ</em></span> <span class='ocrx_word' id='word_1_108' title='bbox 1735 1160 1879 1212; x_wconf 87' lang='grc' dir='ltr'><em>διαι-</em></span> 
     </span>
     <span class='ocr_line' id='line_1_13' title="bbox 200 1233 1874 1311; baseline -0.002 -16"><span class='ocrx_word' id='word_1_109' title='bbox 200 1253 315 1311; x_wconf 90' lang='grc' dir='ltr'><em>ρειν</em></span> <span class='ocrx_word' id='word_1_110' title='bbox 340 1233 461 1295; x_wconf 65' lang='grc' dir='ltr'><em>οἶδε.</em></span> <span class='ocrx_word' id='word_1_111' title='bbox 519 1246 651 1311; x_wconf 88' lang='grc' dir='ltr'><em>μίαν</em></span> <span class='ocrx_word' id='word_1_112' title='bbox 687 1239 876 1311; x_wconf 82' lang='grc' dir='ltr'><em>ἀφεῖλε</em></span> <span class='ocrx_word' id='word_1_113' title='bbox 916 1239 976 1294; x_wconf 87' lang='grc' dir='ltr'><em>τὸ</em></span> <span class='ocrx_word' id='word_1_114' title='bbox 1018 1246 1240 1307; x_wconf 76' lang='grc' dir='ltr'><em>πρῶτον</em></span> <span class='ocrx_word' id='word_1_115' title='bbox 1272 1238 1378 1294; x_wconf 88' lang='grc' dir='ltr'><em>ἀπό</em></span> <span class='ocrx_word' id='word_1_116' title='bbox 1419 1241 1623 1304; x_wconf 80' lang='grc' dir='ltr'><em>παντὸς</em></span> <span class='ocrx_word' id='word_1_117' title='bbox 1658 1250 1874 1310; x_wconf 84' lang='grc' dir='ltr'><em>μοῖραν,</em></span> 
     </span>
     <span class='ocr_line' id='line_1_14' title="bbox 198 1319 1876 1393; baseline -0.002 -15"><span class='ocrx_word' id='word_1_118' title='bbox 198 1320 331 1393; x_wconf 78' lang='grc' dir='ltr'><em>μετὰ</em></span> <span class='ocrx_word' id='word_1_119' title='bbox 354 1324 412 1378; x_wconf 90' lang='grc' dir='ltr'><em>δε</em></span> <span class='ocrx_word' id='word_1_120' title='bbox 432 1323 640 1393; x_wconf 90' lang='grc' dir='ltr'><em>ταύτην</em></span> <span class='ocrx_word' id='word_1_121' title='bbox 658 1321 861 1393; x_wconf 84' lang='grc' dir='ltr'><em>ἀφῄρει</em></span> <span class='ocrx_word' id='word_1_122' title='bbox 892 1324 1184 1376; x_wconf 79' lang='grc' dir='ltr'><em>διπλασίαν</em></span> <span class='ocrx_word' id='word_1_123' title='bbox 1203 1321 1417 1390; x_wconf 85' lang='grc' dir='ltr'><em>ταύτης,</em></span> <span class='ocrx_word' id='word_1_124' title='bbox 1440 1320 1542 1391; x_wconf 82' lang='grc' dir='ltr'><em>τὴν</em></span> <span class='ocrx_word' id='word_1_125' title='bbox 1573 1319 1623 1375; x_wconf 86' lang='grc' dir='ltr'><em>δ’</em></span> <span class='ocrx_word' id='word_1_126' title='bbox 1658 1323 1729 1374; x_wconf 84' lang='grc' dir='ltr'><em>αὐ</em></span> <span class='ocrx_word' id='word_1_127' title='bbox 1759 1326 1876 1388; x_wconf 91' lang='grc' dir='ltr'><em>τρί-</em></span> 
     </span>
     <span class='ocr_line' id='line_1_15' title="bbox 200 1398 1878 1473; baseline -0.001 -17"><span class='ocrx_word' id='word_1_128' title='bbox 200 1425 301 1472; x_wconf 89' lang='grc' dir='ltr'><em>την</em></span> <span class='ocrx_word' id='word_1_129' title='bbox 323 1401 577 1473; x_wconf 82' lang='grc' dir='ltr'><em>ἡμιολίαν</em></span> <span class='ocrx_word' id='word_1_130' title='bbox 597 1424 696 1472; x_wconf 89' lang='grc' dir='ltr'><em>μεν</em></span> <span class='ocrx_word' id='word_1_131' title='bbox 727 1407 822 1472; x_wconf 87' lang='grc' dir='ltr'><em>τῆς</em></span> <span class='ocrx_word' id='word_1_132' title='bbox 854 1404 1128 1471; x_wconf 82' lang='grc' dir='ltr'><em>δευτέρας,</em></span> <span class='ocrx_word' id='word_1_133' title='bbox 1159 1407 1485 1472; x_wconf 82' lang='grc' dir='ltr'><em>τριπλασίαν</em></span> <span class='ocrx_word' id='word_1_134' title='bbox 1517 1401 1575 1457; x_wconf 89' lang='grc' dir='ltr'><em>δε</em></span> <span class='ocrx_word' id='word_1_135' title='bbox 1603 1406 1696 1471; x_wconf 81' lang='grc' dir='ltr'><em>τῆς</em></span> <span class='ocrx_word' id='word_1_136' title='bbox 1725 1398 1878 1469; x_wconf 87' lang='grc' dir='ltr'><em>πρώ-</em></span> 
     </span>
     <span class='ocr_line' id='line_1_16' title="bbox 203 1483 1847 1554; baseline 0 -17"><span class='ocrx_word' id='word_1_137' title='bbox 203 1506 311 1554; x_wconf 89' lang='grc' dir='ltr'><em>της,</em></span> <span class='ocrx_word' id='word_1_138' title='bbox 343 1483 606 1553; x_wconf 75' lang='grc' dir='ltr'><em>τετάρτην</em></span> <span class='ocrx_word' id='word_1_139' title='bbox 641 1483 699 1537; x_wconf 75' lang='grc' dir='ltr'><em>δὲ</em></span> <span class='ocrx_word' id='word_1_140' title='bbox 729 1489 824 1553; x_wconf 84' lang='grc' dir='ltr'><em>τῆς</em></span> <span class='ocrx_word' id='word_1_141' title='bbox 855 1487 1111 1552; x_wconf 88' lang='grc' dir='ltr'><em>δευτέρας</em></span> <span class='ocrx_word' id='word_1_142' title='bbox 1141 1487 1360 1553; x_wconf 84' lang='grc' dir='ltr'><em>διπλῆν,</em></span> <span class='ocrx_word' id='word_1_143' title='bbox 1393 1490 1640 1554; x_wconf 86' lang='grc' dir='ltr'><em>πέμπτην</em></span> <span class='ocrx_word' id='word_1_144' title='bbox 1668 1485 1726 1538; x_wconf 82' lang='grc' dir='ltr'><em>δὲ</em></span> <span class='ocrx_word' id='word_1_145' title='bbox 1761 1503 1847 1552; x_wconf 93' lang='grc' dir='ltr'><em>τρι</em></span> 
     </span>
    </p>

    <p class='ocr_par' dir='ltr' id='par_1_4' title="bbox 143 1561 1877 1717">
     <span class='ocr_line' id='line_1_17' title="bbox 143 1561 1877 1636; baseline -0.002 -15"><span class='ocrx_word' id='word_1_146' title='bbox 143 1581 172 1622; x_wconf 85' lang='lat' dir='ltr'>C</span> <span class='ocrx_word' id='word_1_147' title='bbox 205 1571 347 1633; x_wconf 86' lang='grc' dir='ltr'><em>πλῆν</em></span> <span class='ocrx_word' id='word_1_148' title='bbox 376 1569 470 1632; x_wconf 81' lang='grc' dir='ltr'><em>τῆς</em></span> <span class='ocrx_word' id='word_1_149' title='bbox 490 1568 688 1634; x_wconf 86' lang='grc' dir='ltr'><em>τρίτης,</em></span> <span class='ocrx_word' id='word_1_150' title='bbox 711 1562 810 1632; x_wconf 84' lang='grc' dir='ltr'><em>τὴν</em></span> <span class='ocrx_word' id='word_1_151' title='bbox 840 1561 888 1618; x_wconf 88' lang='grc' dir='ltr'><em>δ’</em></span> <span class='ocrx_word' id='word_1_152' title='bbox 925 1565 1088 1634; x_wconf 81' lang='grc' dir='ltr'><em>ἕκτην</em></span> <span class='ocrx_word' id='word_1_153' title='bbox 1116 1569 1210 1634; x_wconf 83' lang='grc' dir='ltr'><em>τῆς</em></span> <span class='ocrx_word' id='word_1_154' title='bbox 1240 1565 1460 1636; x_wconf 89' lang='grc' dir='ltr'><em>πρώτης</em></span> <span class='ocrx_word' id='word_1_155' title='bbox 1488 1563 1877 1631; x_wconf 85' lang='grc' dir='ltr'><em>ὀκταπλασίαν,</em></span> 
     </span>
     <span class='ocr_line' id='line_1_18' title="bbox 199 1644 1873 1717; baseline -0.001 -17"><span class='ocrx_word' id='word_1_156' title='bbox 199 1645 439 1717; x_wconf 81' lang='grc' dir='ltr'><em>ἑβδόμην</em></span> <span class='ocrx_word' id='word_1_157' title='bbox 471 1644 528 1699; x_wconf 79' lang='grc' dir='ltr'><em>δὲ</em></span> <span class='ocrx_word' id='word_1_158' title='bbox 565 1645 1206 1701; x_wconf 82' lang='grc' dir='ltr'><em>ἑπτακαιεικοσιπλασίαν</em></span> <span class='ocrx_word' id='word_1_159' title='bbox 1241 1654 1336 1717; x_wconf 84' lang='grc' dir='ltr'><em>τῆς</em></span> <span class='ocrx_word' id='word_1_160' title='bbox 1373 1647 1615 1717; x_wconf 78' lang='grc' dir='ltr'><em>πρώτης·</em></span> <span class='ocrx_word' id='word_1_161' title='bbox 1656 1646 1787 1717; x_wconf 76' lang='grc' dir='ltr'><em>μετὰ</em></span> <span class='ocrx_word' id='word_1_162' title='bbox 1818 1645 1873 1700; x_wconf 73' lang='grc' dir='ltr'><em>δὲ</em></span> 
     </span>
    </p>

    <p class='ocr_par' dir='ltr' id='par_1_5' title="bbox 112 1727 1880 2286">
     <span class='ocr_line' id='line_1_19' title="bbox 112 1727 1880 1799; baseline -0.001 -16"><span class='ocrx_word' id='word_1_163' title='bbox 112 1744 169 1788; x_wconf 84' lang='grc'><em>36</em></span> <span class='ocrx_word' id='word_1_164' title='bbox 203 1734 373 1783; x_wconf 91' lang='grc' dir='ltr'><em>ταῦτα</em></span> <span class='ocrx_word' id='word_1_165' title='bbox 392 1731 808 1797; x_wconf 84' lang='grc' dir='ltr'><em>συνεπληροῦτο</em></span> <span class='ocrx_word' id='word_1_166' title='bbox 840 1727 906 1781; x_wconf 91' lang='grc' dir='ltr'><em>τά</em></span> <span class='ocrx_word' id='word_1_167' title='bbox 942 1749 999 1782; x_wconf 92' lang='grc' dir='ltr'><em>τε</em></span> <span class='ocrx_word' id='word_1_168' title='bbox 1029 1729 1287 1783; x_wconf 87' lang='grc' dir='ltr'><em>διπλάσια</em></span> <span class='ocrx_word' id='word_1_169' title='bbox 1318 1731 1408 1784; x_wconf 84' lang='grc' dir='ltr'><em>καὶ</em></span> <span class='ocrx_word' id='word_1_170' title='bbox 1437 1728 1729 1799; x_wconf 89' lang='grc' dir='ltr'><em>τριπλάσια</em></span> <span class='ocrx_word' id='word_1_171' title='bbox 1761 1731 1880 1782; x_wconf 87' lang='grc' dir='ltr'><em>δια-</em></span> 
     </span>
     <span class='ocr_line' id='line_1_20' title="bbox 200 1807 1878 1880; baseline -0.001 -16"><span class='ocrx_word' id='word_1_172' title='bbox 200 1810 460 1880; x_wconf 87' lang='grc' dir='ltr'><em>στήματα,</em></span> <span class='ocrx_word' id='word_1_173' title='bbox 483 1816 675 1879; x_wconf 84' lang='grc' dir='ltr'><em>μοίρας</em></span> <span class='ocrx_word' id='word_1_174' title='bbox 698 1812 775 1863; x_wconf 82' lang='grc' dir='ltr'><em>ἔτι</em></span> <span class='ocrx_word' id='word_1_175' title='bbox 794 1810 1009 1863; x_wconf 73' lang='grc' dir='ltr'><em>ἐκεῖθεν</em></span> <span class='ocrx_word' id='word_1_176' title='bbox 1038 1808 1363 1880; x_wconf 74' lang='grc' dir='ltr'><em>ἀποτέμνων</em></span> <span class='ocrx_word' id='word_1_177' title='bbox 1392 1811 1483 1866; x_wconf 86' lang='grc' dir='ltr'><em>καὶ</em></span> <span class='ocrx_word' id='word_1_178' title='bbox 1508 1812 1679 1874; x_wconf 60' lang='grc' dir='ltr'><em>τεθεὶς</em></span> <span class='ocrx_word' id='word_1_179' title='bbox 1714 1815 1788 1874; x_wconf 78' lang='grc' dir='ltr'><em>εἰς</em></span> <span class='ocrx_word' id='word_1_180' title='bbox 1816 1807 1878 1864; x_wconf 86' lang='grc' dir='ltr'>τό</span> 
     </span>
     <span class='ocr_line' id='line_1_21' title="bbox 199 1887 1874 1964; baseline 0 -19"><span class='ocrx_word' id='word_1_181' title='bbox 199 1887 400 1961; x_wconf 78' lang='grc' dir='ltr'><em>μεταξὺ</em></span> <span class='ocrx_word' id='word_1_182' title='bbox 421 1890 651 1959; x_wconf 87' lang='grc' dir='ltr'><em>τούτων,</em></span> <span class='ocrx_word' id='word_1_183' title='bbox 678 1887 815 1944; x_wconf 72' lang='grc' dir='ltr'><em>ὥστε</em></span> <span class='ocrx_word' id='word_1_184' title='bbox 837 1892 896 1944; x_wconf 85' lang='grc' dir='ltr'><em>ἐν</em></span> <span class='ocrx_word' id='word_1_185' title='bbox 924 1889 1134 1964; x_wconf 77' lang='grc' dir='ltr'><em>ἑκάστῳ</em></span> <span class='ocrx_word' id='word_1_186' title='bbox 1158 1892 1478 1963; x_wconf 88' lang='grc' dir='ltr'><em>διαστήματι</em></span> <span class='ocrx_word' id='word_1_187' title='bbox 1498 1891 1598 1946; x_wconf 90' lang='grc' dir='ltr'><em>δύο</em></span> <span class='ocrx_word' id='word_1_188' title='bbox 1621 1889 1758 1946; x_wconf 82' lang='grc' dir='ltr'><em>εἶναι</em></span> <span class='ocrx_word' id='word_1_189' title='bbox 1778 1911 1874 1961; x_wconf 78' lang='grc' dir='ltr'><em>με·</em></span> 
     </span>
     <span class='ocr_line' id='line_1_22' title="bbox 200 1969 1874 2045; baseline 0.001 -19"><span class='ocrx_word' id='word_1_190' title='bbox 200 1972 447 2042; x_wconf 90' lang='grc' dir='ltr'><em>σότητας,</em></span> <span class='ocrx_word' id='word_1_191' title='bbox 474 1970 574 2042; x_wconf 82' lang='grc' dir='ltr'><em>τὴν</em></span> <span class='ocrx_word' id='word_1_192' title='bbox 593 1971 693 2041; x_wconf 78' lang='grc' dir='ltr'><em>μὲν</em></span> <span class='ocrx_word' id='word_1_193' title='bbox 721 1969 903 2045; x_wconf 76' lang='grc' dir='ltr'><em>ταύτῷ</em></span> <span class='ocrx_word' id='word_1_194' title='bbox 934 1975 1085 2043; x_wconf 89' lang='grc' dir='ltr'><em>μέρει</em></span> <span class='ocrx_word' id='word_1_195' title='bbox 1112 1979 1224 2028; x_wconf 72' lang='grc' dir='ltr'><em>τῶν</em></span> <span class='ocrx_word' id='word_1_196' title='bbox 1251 1972 1438 2044; x_wconf 78' lang='grc' dir='ltr'><em>ἄκρων</em></span> <span class='ocrx_word' id='word_1_197' title='bbox 1471 1971 1654 2028; x_wconf 78' lang='grc' dir='ltr'><em>αὐτῶν</em></span> <span class='ocrx_word' id='word_1_198' title='bbox 1678 1970 1874 2039; x_wconf 83' lang='grc' dir='ltr'><em>ὑπερέ-</em></span> 
     </span>
     <span class='ocr_line' id='line_1_23' title="bbox 198 2051 1875 2127; baseline 0 -20"><span class='ocrx_word' id='word_1_199' title='bbox 198 2071 408 2123; x_wconf 90' lang='grc' dir='ltr'><em>χουσαν</em></span> <span class='ocrx_word' id='word_1_200' title='bbox 430 2054 519 2108; x_wconf 83' lang='grc' dir='ltr'><em>καὶ</em></span> <span class='ocrx_word' id='word_1_201' title='bbox 540 2052 965 2124; x_wconf 82' lang='grc' dir='ltr'><em>ὑπερεχομένην,</em></span> <span class='ocrx_word' id='word_1_202' title='bbox 997 2054 1100 2125; x_wconf 78' lang='grc' dir='ltr'><em>τὴν</em></span> <span class='ocrx_word' id='word_1_203' title='bbox 1127 2054 1187 2109; x_wconf 78' lang='grc' dir='ltr'><em>δὲ</em></span> <span class='ocrx_word' id='word_1_204' title='bbox 1216 2063 1316 2127; x_wconf 71' lang='grc' dir='ltr'><em>ἴσῳ</em></span> <span class='ocrx_word' id='word_1_205' title='bbox 1346 2055 1447 2125; x_wconf 77' lang='grc' dir='ltr'><em>μὲν</em></span> <span class='ocrx_word' id='word_1_206' title='bbox 1478 2051 1600 2109; x_wconf 85' lang='grc' dir='ltr'><em>κατ’</em></span> <span class='ocrx_word' id='word_1_207' title='bbox 1631 2051 1875 2123; x_wconf 85' lang='grc' dir='ltr'><em>ἀριθμὸν</em></span> 
     </span>
     <span class='ocr_line' id='line_1_24' title="bbox 201 2132 1874 2206; baseline 0 -17"><span class='ocrx_word' id='word_1_208' title='bbox 201 2133 596 2205; x_wconf 75' lang='grc' dir='ltr'><em>ὑπερέχουσαν,</em></span> <span class='ocrx_word' id='word_1_209' title='bbox 618 2142 718 2206; x_wconf 75' lang='grc' dir='ltr'><em>ἴσῳ</em></span> <span class='ocrx_word' id='word_1_210' title='bbox 744 2135 801 2189; x_wconf 79' lang='grc' dir='ltr'><em>δὲ</em></span> <span class='ocrx_word' id='word_1_211' title='bbox 823 2132 1260 2205; x_wconf 85' lang='grc' dir='ltr'><em>ὑπερεχομένην·</em></span> <span class='ocrx_word' id='word_1_212' title='bbox 1298 2133 1562 2205; x_wconf 84' lang='grc' dir='ltr'><em>ἡμιολίων</em></span> <span class='ocrx_word' id='word_1_213' title='bbox 1583 2135 1640 2189; x_wconf 75' lang='grc' dir='ltr'><em>δὲ</em></span> <span class='ocrx_word' id='word_1_214' title='bbox 1661 2135 1874 2189; x_wconf 88' lang='grc' dir='ltr'><em>διαστά-</em></span> 
     </span>
     <span class='ocr_line' id='line_1_25' title="bbox 205 2215 1874 2286; baseline 0.001 -18"><span class='ocrx_word' id='word_1_215' title='bbox 205 2231 347 2270; x_wconf 89' lang='grc' dir='ltr'><em>σεων</em></span> <span class='ocrx_word' id='word_1_216' title='bbox 370 2217 461 2270; x_wconf 82' lang='grc' dir='ltr'><em>καὶ</em></span> <span class='ocrx_word' id='word_1_217' title='bbox 488 2217 776 2285; x_wconf 85' lang='grc' dir='ltr'><em>ἐπιτρίτων</em></span> <span class='ocrx_word' id='word_1_218' title='bbox 800 2218 891 2270; x_wconf 86' lang='grc' dir='ltr'><em>καὶ</em></span> <span class='ocrx_word' id='word_1_219' title='bbox 920 2215 1205 2285; x_wconf 78' lang='grc' dir='ltr'><em>ἐπογδόων</em></span> <span class='ocrx_word' id='word_1_220' title='bbox 1232 2220 1546 2286; x_wconf 81' lang='grc' dir='ltr'><em>γενομένων</em></span> <span class='ocrx_word' id='word_1_221' title='bbox 1579 2218 1636 2270; x_wconf 84' lang='grc' dir='ltr'><em>ἐκ</em></span> <span class='ocrx_word' id='word_1_222' title='bbox 1659 2216 1874 2270; x_wconf 85' lang='grc' dir='ltr'><em>τούτων</em></span> 
     </span>
    </p>

    <p class='ocr_par' dir='ltr' id='par_1_6' title="bbox 129 2296 1880 2942">
     <span class='ocr_line' id='line_1_26' title="bbox 129 2296 1878 2371; baseline -0.001 -20"><span class='ocrx_word' id='word_1_223' title='bbox 129 2318 174 2360; x_wconf 24' lang='lat' dir='ltr'><em>&lt;B</em></span> <span class='ocrx_word' id='word_1_224' title='bbox 204 2303 316 2352; x_wconf 78' lang='grc' dir='ltr'><em>τῶν</em></span> <span class='ocrx_word' id='word_1_225' title='bbox 347 2300 565 2367; x_wconf 75' lang='grc' dir='ltr'><em>δεσμῶν</em></span> <span class='ocrx_word' id='word_1_226' title='bbox 594 2299 654 2351; x_wconf 88' lang='grc' dir='ltr'><em>έν</em></span> <span class='ocrx_word' id='word_1_227' title='bbox 690 2308 805 2361; x_wconf 82' lang='grc' dir='ltr'><em>ταῖς</em></span> <span class='ocrx_word' id='word_1_228' title='bbox 832 2296 1082 2365; x_wconf 80' lang='grc' dir='ltr'><em>πρόσθεν</em></span> <span class='ocrx_word' id='word_1_229' title='bbox 1118 2298 1448 2366; x_wconf 76' lang='grc' dir='ltr'><em>διαστάσεσι,</em></span> <span class='ocrx_word' id='word_1_230' title='bbox 1477 2304 1555 2371; x_wconf 78' lang='grc' dir='ltr'><em>τῷ</em></span> <span class='ocrx_word' id='word_1_231' title='bbox 1582 2302 1682 2351; x_wconf 87' lang='grc' dir='ltr'><em>τοῦ</em></span> <span class='ocrx_word' id='word_1_232' title='bbox 1713 2298 1878 2366; x_wconf 78' lang='grc' dir='ltr'><em>ἐπογ-</em></span> 
     </span>
     <span class='ocr_line' id='line_1_27' title="bbox 206 2376 1880 2450; baseline -0.001 -17"><span class='ocrx_word' id='word_1_233' title='bbox 206 2376 343 2433; x_wconf 90' lang='grc' dir='ltr'><em>δόου</em></span> <span class='ocrx_word' id='word_1_234' title='bbox 363 2377 682 2449; x_wconf 83' lang='grc' dir='ltr'><em>διαστήματι</em></span> <span class='ocrx_word' id='word_1_235' title='bbox 701 2377 766 2433; x_wconf 76' lang='grc' dir='ltr'><em>τοὶ</em></span> <span class='ocrx_word' id='word_1_236' title='bbox 787 2380 1028 2447; x_wconf 86' lang='grc' dir='ltr'><em>ἐπίτριτα</em></span> <span class='ocrx_word' id='word_1_237' title='bbox 1048 2379 1226 2435; x_wconf 88' lang='grc' dir='ltr'><em>πάντα</em></span> <span class='ocrx_word' id='word_1_238' title='bbox 1239 2383 1663 2450; x_wconf 80' lang='grc' dir='ltr'><em>ξυνεπληροῦτο,</em></span> <span class='ocrx_word' id='word_1_239' title='bbox 1677 2383 1880 2433; x_wconf 86' lang='grc' dir='ltr'><em>λείπων</em></span> 
     </span>
     <span class='ocr_line' id='line_1_28' title="bbox 206 2456 1879 2531; baseline 0 -18"><span class='ocrx_word' id='word_1_240' title='bbox 206 2456 392 2514; x_wconf 75' lang='grc' dir='ltr'><em>αὐτῶν</em></span> <span class='ocrx_word' id='word_1_241' title='bbox 419 2458 652 2527; x_wconf 79' lang='grc' dir='ltr'><em>ἑκάστου</em></span> <span class='ocrx_word' id='word_1_242' title='bbox 672 2459 883 2530; x_wconf 88' lang='grc' dir='ltr'><em>μόριον,</em></span> <span class='ocrx_word' id='word_1_243' title='bbox 911 2467 1003 2530; x_wconf 83' lang='grc' dir='ltr'><em>τῆς</em></span> <span class='ocrx_word' id='word_1_244' title='bbox 1022 2461 1080 2516; x_wconf 79' lang='grc' dir='ltr'><em>δὲ</em></span> <span class='ocrx_word' id='word_1_245' title='bbox 1100 2467 1200 2516; x_wconf 89' lang='grc' dir='ltr'><em>τοῦ</em></span> <span class='ocrx_word' id='word_1_246' title='bbox 1219 2467 1417 2531; x_wconf 89' lang='grc' dir='ltr'><em>μορίου</em></span> <span class='ocrx_word' id='word_1_247' title='bbox 1437 2459 1637 2530; x_wconf 85' lang='grc' dir='ltr'><em>ταύτης</em></span> <span class='ocrx_word' id='word_1_248' title='bbox 1656 2458 1879 2514; x_wconf 89' lang='grc' dir='ltr'><em>διαστά-</em></span> 
     </span>
     <span class='ocr_line' id='line_1_29' title="bbox 205 2536 1876 2647; baseline -0.002 -52"><span class='ocrx_word' id='word_1_249' title='bbox 205 2558 341 2606; x_wconf 84' lang='grc' dir='ltr'><em>σεως</em></span> <span class='ocrx_word' id='word_1_250' title='bbox 379 2548 697 2612; x_wconf 83' lang='grc' dir='ltr'><em>λειφθείσης</em></span> <span class='ocrx_word' id='word_1_251' title='bbox 738 2540 987 2612; x_wconf 84' lang='grc' dir='ltr'><em>ἀριθμοῦ</em></span> <span class='ocrx_word' id='word_1_252' title='bbox 1026 2540 1162 2647; x_wconf 81' lang='grc' dir='ltr'><em>πρὸς</em></span> <span class='ocrx_word' id='word_1_253' title='bbox 1199 2540 1445 2614; x_wconf 80' lang='grc' dir='ltr'><em>ἀριθμὸν</em></span> <span class='ocrx_word' id='word_1_254' title='bbox 1480 2540 1709 2611; x_wconf 85' lang='grc' dir='ltr'><em>ἐχούσης</em></span> <span class='ocrx_word' id='word_1_255' title='bbox 1744 2536 1876 2603; x_wconf 80' lang='grc' dir='ltr'><em>τοῦς</em></span> 
     </span>
     <span class='ocr_line' id='line_1_30' title="bbox 206 2621 1875 2694; baseline -0.001 -17"><span class='ocrx_word' id='word_1_256' title='bbox 206 2621 375 2694; x_wconf 82' lang='grc' dir='ltr'><em>ὅρους</em></span> <span class='ocrx_word' id='word_1_257' title='bbox 405 2625 460 2688; x_wconf 77' lang='grc' dir='ltr'><em>ἓξ</em></span> <span class='ocrx_word' id='word_1_258' title='bbox 490 2626 580 2678; x_wconf 84' lang='grc' dir='ltr'><em>καὶ</em></span> <span class='ocrx_word' id='word_1_259' title='bbox 616 2623 958 2693; x_wconf 83' lang='grc' dir='ltr'><em>πεντήκοντα</em></span> <span class='ocrx_word' id='word_1_260' title='bbox 994 2628 1086 2679; x_wconf 85' lang='grc' dir='ltr'><em>καὶ</em></span> <span class='ocrx_word' id='word_1_261' title='bbox 1123 2629 1418 2680; x_wconf 89' lang='grc' dir='ltr'><em>διακοσίων</em></span> <span class='ocrx_word' id='word_1_262' title='bbox 1456 2623 1592 2692; x_wconf 84' lang='grc' dir='ltr'><em>πρὸς</em></span> <span class='ocrx_word' id='word_1_263' title='bbox 1628 2627 1748 2692; x_wconf 85' lang='grc' dir='ltr'><em>τρία</em></span> <span class='ocrx_word' id='word_1_264' title='bbox 1785 2624 1875 2676; x_wconf 84' lang='grc' dir='ltr'><em>καὶ</em></span> 
     </span>
     <span class='ocr_line' id='line_1_31' title="bbox 204 2697 1877 2777; baseline -0.002 -18"><span class='ocrx_word' id='word_1_265' title='bbox 204 2705 603 2774; x_wconf 87' lang='grc' dir='ltr'><em>τετταράκοντα</em></span> <span class='ocrx_word' id='word_1_266' title='bbox 623 2707 712 2761; x_wconf 89' lang='grc' dir='ltr'><em>καὶ</em></span> <span class='ocrx_word' id='word_1_267' title='bbox 741 2706 1006 2762; x_wconf 89' lang='grc' dir='ltr'><em>διακόσια.</em></span> <span class='ocrx_word' id='word_1_268' title='bbox 1059 2709 1147 2762; x_wconf 82' lang='grc' dir='ltr'><em>καὶ</em></span> <span class='ocrx_word' id='word_1_269' title='bbox 1178 2707 1243 2777; x_wconf 81' lang='grc' dir='ltr'><em>δὴ</em></span> <span class='ocrx_word' id='word_1_270' title='bbox 1270 2729 1360 2762; x_wconf 91' lang='grc' dir='ltr'><em>και</em></span> <span class='ocrx_word' id='word_1_271' title='bbox 1390 2705 1451 2761; x_wconf 88' lang='grc' dir='ltr'><em>τὸ</em></span> <span class='ocrx_word' id='word_1_272' title='bbox 1483 2706 1696 2775; x_wconf 84' lang='grc' dir='ltr'><em>μιχθέν,</em></span> <span class='ocrx_word' id='word_1_273' title='bbox 1724 2705 1779 2767; x_wconf 79' lang='grc' dir='ltr'><em>ἐξ</em></span> <span class='ocrx_word' id='word_1_274' title='bbox 1809 2697 1877 2757; x_wconf 82' lang='grc' dir='ltr'><em>οὗ</em></span> 
     </span>
     <span class='ocr_line' id='line_1_32' title="bbox 198 2778 1876 2861; baseline -0.002 -19"><span class='ocrx_word' id='word_1_275' title='bbox 198 2795 370 2843; x_wconf 90' lang='grc' dir='ltr'><em>ταῦτα</em></span> <span class='ocrx_word' id='word_1_276' title='bbox 390 2792 733 2861; x_wconf 88' lang='grc' dir='ltr'><em>κατέτεμνεν,</em></span> <span class='ocrx_word' id='word_1_277' title='bbox 755 2790 931 2855; x_wconf 79' lang='grc' dir='ltr'><em>οὕτως</em></span> <span class='ocrx_word' id='word_1_278' title='bbox 964 2790 1067 2861; x_wconf 83' lang='grc' dir='ltr'><em>ἤδη</em></span> <span class='ocrx_word' id='word_1_279' title='bbox 1088 2795 1199 2844; x_wconf 78' lang='grc' dir='ltr'><em>πᾶν</em></span> <span class='ocrx_word' id='word_1_280' title='bbox 1224 2786 1508 2858; x_wconf 81' lang='grc' dir='ltr'><em>ἀνηλώκει.</em></span> <span class='ocrx_word' id='word_1_281' title='bbox 1545 2784 1750 2854; x_wconf 83' lang='grc' dir='ltr'><em>ταύτην</em></span> <span class='ocrx_word' id='word_1_282' title='bbox 1771 2778 1876 2839; x_wconf 78' lang='grc' dir='ltr'><em>οὖν</em></span> 
     </span>
     <span class='ocr_line' id='line_1_33' title="bbox 199 2866 1875 2942; baseline 0 -19"><span class='ocrx_word' id='word_1_283' title='bbox 199 2866 301 2940; x_wconf 84' lang='grc' dir='ltr'><em>τὴν</em></span> <span class='ocrx_word' id='word_1_284' title='bbox 340 2871 597 2934; x_wconf 85' lang='grc' dir='ltr'><em>ξύστασιν</em></span> <span class='ocrx_word' id='word_1_285' title='bbox 634 2878 817 2927; x_wconf 89' lang='grc' dir='ltr'><em>πασαν</em></span> <span class='ocrx_word' id='word_1_286' title='bbox 855 2876 1053 2942; x_wconf 82' lang='grc' dir='ltr'><em>διπλῆν</em></span> <span class='ocrx_word' id='word_1_287' title='bbox 1100 2869 1236 2926; x_wconf 79' lang='grc' dir='ltr'><em>κατὰ</em></span> <span class='ocrx_word' id='word_1_288' title='bbox 1273 2877 1444 2939; x_wconf 81' lang='grc' dir='ltr'><em>μῆκος</em></span> <span class='ocrx_word' id='word_1_289' title='bbox 1481 2872 1665 2936; x_wconf 86' lang='grc' dir='ltr'><em>σχίσας</em></span> <span class='ocrx_word' id='word_1_290' title='bbox 1702 2869 1875 2939; x_wconf 80' lang='grc' dir='ltr'><em>μέσην</em></span> 
     </span>
    </p>
   </div>
  </div>
 </body>
</html>
