1962 3236
0 0 48 110 V
81 0 131 13 ff:
199 3 202 6 .
262 0 316 14 ςἰ
336 0 356 12 ,ν
373 0 755 31 ¹222**·',1‘--⁷⁴·*v.5-*J!⁷=1'1,*
771 0 811 21 ‘'*T
851 0 898 9 ,vv

61 23 74 28 ⁸*
136 35 138 37 .
224 22 229 29 ³
335 21 337 25 “
477 28 483 35 t
738 19 786 35 ff':
816 31 818 34 ,
892 23 901 32 s

749 175 1136 220 PRAEFATIO.
1353 231 1358 235 η
1755 186 1848 217 xxv

8 347 13 352 ¹
56 289 321 347 interductu
349 307 429 349 pro
453 287 728 346 στεινότεραι
759 291 934 346 scripsi;
964 301 1044 332 nec
1073 292 1112 332 si
1142 302 1186 344 p.
1215 289 1273 332 66
1302 289 1337 330 Ε
1361 302 1439 343 pro
1473 281 1552 330 δύ’
1582 277 1696 342 οὖν,
1737 291 1852 341 quod

7 366 14 407 ζ
59 353 245 395 editores
309 359 376 394 ost
410 352 542 396 Bekk.
584 364 639 392 ex
668 349 887 402 codicibus
924 347 1014 389 fere
1045 348 1238 389 omnibus
1270 354 1543 400 receperunt,
1584 347 1639 388 ad
1671 346 1851 400 Stepha-

60 411 234 451 nianum
293 402 343 450 ιὰ
369 399 459 450 οὖν
488 409 626 450 redire
653 409 789 448 satius
814 406 940 453 duxi,
972 416 1016 458 p.
1047 404 1104 448 67
1136 407 1172 448 D
1198 411 1270 444 aut
1294 395 1431 457 όλίγα
1460 418 1514 445 ex
1537 404 1632 448 Par.
1661 405 1852 457 margine

7 475 11 479 ’
58 482 85 510 a
110 466 390 509 Stallbeumio
410 467 590 508 ascitum
613 471 686 506 aut
706 456 791 504 τὸν
812 455 993 514 ἐπιεικῆ
1018 475 1096 516 pro
1115 454 1316 503 ἐπιεικεῖ
1337 474 1432 502 cum
1455 462 1605 503 eodem
1633 473 1658 501 a
1679 459 1852 502 Schnei-

58 526 160 566 dero
190 527 393 579 scriptum
419 523 586 577 sprevi,
613 532 854 574 quanquam
886 520 1001 561 haud
1030 533 1140 574 nego
1166 519 1434 573 persanando
1467 520 1558 561 loco
1591 517 1695 559 mihi
1726 518 1855 560 etiam

57 576 178 637 λόγῳ
211 584 253 623 iu
282 574 423 635 λόγον
454 579 703 621 mutandum
736 578 896 629 videri,
938 585 984 618 ut
1015 579 1108 631 ipse
1147 569 1357 629 ἐπιεικὴς
1390 568 1528 629 λόγος
1560 576 1711 630 paucis
1751 574 1852 626 illis,

58 642 214 693 quibus
248 638 361 680 idem
392 643 689 692 argumentum
718 636 916 689 superius
945 641 1166 676 tractatum
1200 647 1294 676 esse
1324 635 1525 676 Timaeus
1562 633 1687 682 dicit,
1718 643 1854 699 ‹3990-

59 705 197 741 natur.
228 717 289 728 --
313 697 449 740 Paris.
485 695 590 736 liber
619 694 747 734 etiam
779 705 824 746 p.
859 691 916 734 68
949 693 985 731 Α
1016 683 1203 743 ἁθρόον
1235 687 1315 732 καὶ
1348 682 1479 744 ὕδωρ
1512 704 1590 746 pro
1619 685 1700 730 καὶ
1724 687 1854 743 ὐὃωρ

55 747 269 806 ἁθρόον,
306 754 407 794 item
445 765 488 807 p.
523 752 580 794 68
610 751 646 791 D
684 744 857 796 ἱκανοῖς
883 761 960 802 pro
989 741 1153 795 ἱκανὸς
1183 739 1236 796 ὃς
1266 757 1308 790 et
1337 762 1383 803 p.
1411 748 1470 791 69
1494 751 1532 789 A
1562 742 1855 800 λογιζόμενον

57 825 137 868 pro
177 806 495 864 λογιζομένους
526 808 782 851 Schneider-o
814 806 1123 860 suppeditavit,
1168 807 1433 858 eundemque
1474 819 1552 847 nec
1585 801 1856 857 διυλισμένα

57 882 136 923 pro
179 865 462 922 διυλασμένα
500 867 697 919 quamvis
737 878 791 906 ex
836 870 1074 905 correctura
1148 865 1392 905 raebentem
1438 864 1558 915 sequi
1601 863 1854 910 detrectavi3

58 939 102 980 p.
136 925 195 969 69
220 925 257 967 D
283 934 424 967 autem
455 925 550 979 ejus
577 924 798 964 lectIonem
830 913 1052 973 αἰσθήσει
1084 918 1111 961 ὅ
1164 963 1170 966 ,
1198 951 1208 962 .
1229 951 1240 962 .
1269 919 1414 961 ταῦτα
1444 932 1523 974 pro
1555 913 1776 972 αἰσθήσει
1807 930 1855 959 τε

0 1009 1 1022 l
62 1019 73 1029 .
95 1015 108 1027 .
128 1014 139 1024 .
161 976 307 1025 ταῦτὰ
338 997 386 1024 eo
414 982 614 1024 libentius
640 980 860 1034 amplexus
892 991 1011 1030 sum,
1041 992 1123 1030 quo
1156 979 1360 1032 aptiorem
1389 979 1485 1019 inde
1514 977 1734 1031 paululum
1763 990 1850 1017 mu-

0 1054 1 1067 *
61 1050 144 1082 tata
163 1043 497 1095 interpunctione
513 1051 684 1080 sensum
701 1037 947 1079 Schneideri
974 1037 1186 1090 sagacitas
1203 1036 1370 1085 elicuit,
1404 1037 1602 1076 nimirum
1619 1042 1666 1076 ut
1683 1031 1854 1086 αἴσθη-

60 1109 132 1146 σις
165 1090 330 1151 ἄλογος
362 1105 404 1138 et
437 1088 734 1149 ἐπιχειρητὴς
761 1089 937 1140 παντὸς
969 1087 1107 1147 ἔρως,
1139 1095 1183 1134 in
1213 1095 1367 1145 quibus
1402 1092 1486 1134 τοῦ
1511 1085 1860 1146 ἐπιθυμητικοῦ

59 1169 227 1197 summa
259 1156 466 1203 cernitur,
501 1166 584 1194 uon
622 1153 678 1193 ad
713 1144 882 1192 ἐλπίδα
921 1159 1080 1192 tanturn
1115 1151 1365 1192 movendam
1402 1151 1736 1205 restringantur,
1780 1150 1857 1190 sed

59 1223 259 1266 tauquam
285 1212 418 1253 altera
449 1210 704 1252 irrationalis
737 1211 901 1250 animae
930 1221 1030 1262 pars
1061 1222 1156 1250 cum
1183 1209 1278 1260 ipsa
1298 1221 1390 1262 spe,
1422 1209 1655 1256 iracundia,
1689 1207 1858 1249 ceteris-

60 1284 142 1323 que
170 1271 299 1312 animi
327 1270 548 1310 affectibus
579 1280 712 1320 aequo
734 1268 831 1321 jure
859 1274 899 1307 et
926 1267 1072 1306 ordine
1099 1266 1350 1310 habeantur,
1378 1287 1436 1295 -
1466 1266 1513 1309 Ρ.
1545 1264 1602 1306 69
1627 1265 1662 1304 Ε
1690 1277 1861 1316 quoque

60 1330 291 1383 genuinam
318 1335 365 1369 ut
385 1339 512 1380 spero
545 1326 767 1366 lectionem
795 1318 847 1364 τὸ
878 1321 961 1363 τοῦ
979 1317 1200 1390 §edomitos
1221 1311 1284 1362 αὖ
1309 1316 1448 1368 κύτος
1480 1335 1532 1363 ex
1550 1322 1644 1366 Par.
1665 1322 1860 1375 vestigiis

61 1387 167 1434 erui,
203 1386 275 1427 ubi
301 1397 431 1437 quum
453 1385 555 1425 editi
581 1380 665 1423 τοῦ
688 1376 909 1435 θώρακος
941 1393 1001 1423 αυ
1030 1377 1082 1421 τὸ
1109 1373 1260 1430 κύτος,
1293 1381 1362 1421 ille
1383 1393 1483 1420 vero
1511 1373 1564 1420 τὸ
1589 1377 1673 1419 τοῦ
1697 1371 1858 1430 θώρα-

60 1454 143 1490 κος
174 1436 287 1483 αὐτὸ
318 1436 456 1489 κύτος
488 1441 624 1496 legat,
664 1453 743 1494 ego
778 1439 943 1481 articuli
975 1446 1087 1480 certe
1119 1439 1256 1480 locum
1290 1439 1470 1479 eundem
1507 1437 1699 1487 servavi,
1733 1449 1859 1487 quem

8 1549 11 1555 ,
62 1501 105 1542 iu
133 1501 331 1555 opposita
362 1500 515 1554 capitis
546 1500 757 1540 mentione
784 1512 822 1542 c.
858 1498 932 1539 16:
965 1493 1073 1550 περὶ
1105 1490 1158 1536 τὸ
1189 1494 1273 1548 τῆς
1307 1493 1514 1548 κεφαλῆς
1541 1487 1680 1541 κύτος
1710 1493 1859 1542 habet;

62 1557 194 1599 altera
222 1557 346 1598 lectio
377 1557 493 1597 haud
518 1559 607 1598 scio
639 1569 693 1597 an
721 1549 859 1602 κύτος
885 1555 940 1596 ad
965 1555 1101 1595 solum
1128 1547 1330 1606 θώρακα
1358 1555 1602 1607 restringat.
1636 1574 1695 1582 —
1725 1553 1772 1596 P.
1805 1550 1864 1592 70

63 1614 95 1656 C
127 1623 166 1656 et
192 1614 248 1657 73
280 1618 313 1655 Α
347 1607 476 1667 πόμα
507 1627 585 1668 pro
613 1612 776 1667 πῶμα,
808 1621 853 1653 ut
881 1613 961 1653 hoc
993 1620 1103 1654 certe
1134 1613 1176 1652 in
1203 1611 1311 1653 libro
1340 1611 1446 1652 mihi
1477 1616 1730 1660 constarem,
1762 1621 1859 1649 cum

12 1690 20 1701 ·
62 1671 323 1714 Schneidero
351 1672 496 1722 edidi,
531 1674 572 1713 in
604 1672 791 1726 Legibus
821 1671 876 1711 ad
905 1671 1154 1724 productam
1185 1669 1362 1710 formam
1390 1669 1626 1715 rediturus;
1658 1679 1702 1720 p.
1736 1666 1793 1708 70
1824 1665 1861 1705 D

8 1763 18 1770 ,,
62 1739 203 1770 autem
245 1731 369 1770 unice
409 1730 581 1783 dignam
623 1730 794 1770 Platone
839 1741 982 1769 vocem
1021 1722 1239 1779 μάλαγμα
1278 1740 1354 1781 pro
1393 1717 1519 1778 ἅλμα
1558 1716 1768 1778 μαλακὸν
1809 1735 1863 1764 ex

63 1788 259 1841 Longino
300 1787 355 1828 de
385 1786 562 1828 Sublim.
604 1786 775 1829 ssXll.
816 1787 844 1827 5
883 1792 922 1826 et
959 1785 1122 1826 Alcinoi
1157 1786 1337 1838 Isagoge
1371 1798 1408 1828 c.
1445 1783 1500 1826 23
1533 1782 1723 1830 restitui,
1761 1781 1862 1832 quia

66 1857 143 1885 nec
180 1834 305 1896 ἅλμα
339 1844 482 1898 pulmo
517 1844 599 1885 dici
633 1851 791 1898 potest,
831 1855 908 1883 uec
946 1854 1176 1894 paucorum
1219 1841 1419 1882 librorum
1452 1846 1694 1881 correctura
1727 1830 1864 1891 ἅμμα

64 1914 92 1944 ι
122 1901 234 1942 nodo
264 1902 484 1942 luctatorio
520 1902 701 1952 (Krause
730 1899 975 1955 Gymnastik
1004 1912 1048 1953 p.
1081 1899 1190 1951 419)
1221 1899 1279 1938 ita
1311 1899 1367 1940 ad
1397 1898 1612 1952 pulverem
1642 1895 1863 1949 palaestri-

66 1971 159 2001 cum
193 1958 412 2000 transferri
443 1966 607 2012 potest,
652 1966 696 1998 ut
735 1957 963 1998 exsultanti
1001 1957 1120 1997 cordi
1150 1955 1331 1997 molliter
1361 1954 1614 2008 excipiendo
1643 1953 1863 1996 inserviat.

65 2017 197 2068 Atqui
237 2016 283 2057 id
322 2017 461 2070 ipsum
497 2022 685 2069 praestat
723 2007 961 2067 μάλαγμα,
1010 2014 1125 2066 quod
1164 2025 1246 2053 nou
1286 2014 1508 2066 fomentum
1549 2017 1711 2052 tantum
1748 2009 1863 2062 apud

16 2094 20 2099 ·
67 2074 284 2122 medicos,
310 2073 388 2115 sed
417 2075 531 2127 apud
556 2072 820 2115 mechanicos
849 2084 1016 2124 quoque
1041 2071 1155 2112 velut
1178 2073 1352 2112 culcitas
1374 2070 1590 2111 coriaceus
1617 2068 1708 2109 sive
1730 2067 1865 2120 pelles

25 2127 29 2131 ’
65 2130 163 2185 alga
190 2130 347 2172 (arctas
367 2131 593 2185 significat,
618 2132 770 2183 quibus
797 2137 1098 2170 tormentorum
1124 2130 1231 2170 ictus
1264 2128 1572 2182 frangerentur,
1597 2126 1654 2170 cf.
1672 2123 1866 2167 Wessel.

68 2188 122 2229 ed
157 2187 330 2232 Diodor.
364 2187 499 2229 xvn.
532 2189 612 2237 453
647 2188 762 2240 quod
793 2195 931 2228 tamen
960 2188 1202 2241 ignorantes
1233 2186 1393 2227 librarii
1425 2185 1498 2226 ubi
1528 2183 1659 2224 semel
1691 2182 1867 2235 adjecti-

15 2263 30 2285 ·.·
67 2258 167 2286 vum
204 2239 415 2297 μαλακὸν
457 2247 606 2287 rariori
647 2246 909 2286 substantivo
942 2245 1267 2297 substituerunt,
1307 2245 1401 2297 ipsa
1441 2247 1680 2283 correctura
1713 2250 1865 2292 supra-

0 2341 1 2345 ,
67 2302 225 2356 scripta
253 2315 308 2343 ex
337 2304 629 2345 terminatione
659 2314 782 2355 αγμα
810 2302 931 2343 facile
965 2305 1004 2343 in
1030 2294 1155 2355 ἅλμα
1185 2302 1362 2342 transire
1392 2305 1571 2354 poterat.
1596 2320 1654 2328 —
1678 2298 1726 2341 P.
1749 2297 1799 2338 71
1828 2297 1866 2336 A

0 2360 2 2408 ζ
66 2350 220 2400 αὕτῶν
246 2354 512 2413 αἰσθήσεως
544 2362 574 2402 Ρ
607 2368 647 2402 et
677 2360 984 2412 Schneidcrus‚
1014 2348 1077 2399 αὖ
1103 2356 1195 2399 τῶν
1226 2350 1496 2410 αἰσθήσεων
1525 2354 1680 2404 VBST,
1708 2355 1751 2395 iu
1783 2364 1868 2405 quo

69 2415 177 2459 illud
202 2417 393 2471 offendit,
422 2419 536 2470 quod
563 2431 713 2459 sensus
743 2431 909 2470 quoquc
940 2417 1110 2458 fortuito
1139 2424 1301 2457 tantum
1323 2413 1387 2471 τῷ
1411 2409 1737 2468 ἐπιθυμητικῷ
1769 2422 1868 2451 con-

0 2508 1 2522 ,
70 2474 518 2527 tingere'dicerentur;
548 2475 651 2517 mihi
681 2475 786 2517 haec
814 2476 977 2516 Timaei
1005 2487 1123 2516 mens
1154 2487 1250 2515 esse
1276 2474 1465 2521 videtur,
1495 2471 1770 2524 cupiditatem
1801 2479 1869 2508 ra-

0 2542 1 2550 *
73 2531 383 2583 tiones-neque
413 2531 674 2587 intelligere,
715 2546 793 2574 nec
824 2535 861 2573 si
896 2532 1001 2573 forte
1030 2544 1194 2574 sensum
1228 2531 1377 2572 harum
1416 2530 1600 2582 aliquem
1636 2532 1758 2568 nacta
1794 2525 1870 2578 sit,

0 2593 2 2600 ’
71 2587 197 2628 valde
229 2600 303 2629 eas
332 2600 507 2638 curat-eg
536 2590 647 2630 unde
674 2591 801 2631 etiam
834 2590 944 2643 plur.
972 2583 1126 2630 αὐτῶν
1159 2589 1424 2642 explicatur,
1458 2587 1556 2638 quin
1587 2597 1690 2626 mox
1717 2576 1870 2636 λόγων

0 2646 2 2689 Γ
70 2646 260 2686 «licturus
289 2645 405 2686 Pluto
436 2645 542 2686 haec
570 2647 752 2712 scripsit..
773 2667 823 2676 —
850 2647 981 2687 Etiam
1013 2659 1054 2700 p.
1082 2648 1134 2688 71
1167 2645 1199 2687 C
1231 2652 1271 2686 et
1301 2646 1334 2686 E
1364 2650 1478 2685 recte
1504 2654 1599 2684 cum
1633 2643 1663 2684 P
1695 2639 1871 2682 Schnei—

8 2631 51 2940 ὶ
71 2702 200 2743 «ierus
231 2697 541 2755 φαντάσματα
571 2715 646 2757 pro
673 2714 894 2755 φασματα
925 2705 1137 2757 reposuit,
1170 2703 1285 2755 quod
1317 2704 1455 2756 ipsum
1489 2700 1616 2756 paulo
1648 2706 1744 2741 ante
1771 2710 1868 2739 cum

0 2814 2 2853 Ι

10 2939 42 3044 t

71 2751 282 2807 εἰδόλοις
307 2759 423 2800 Pluto
447 2762 609 2814 junxit:
636 2774 675 2814 p.
711 2761 762 2803 71
798 2761 832 2801 D
866 2767 1006 2802 autem
1038 2762 1208 2815 optione
1235 2760 1356 2809 data,
1387 2765 1527 2802 utrum
1561 2758 1768 2812 optimum
1799 2767 1870 2796 co-

52 2815 211 2858 ·dicem
253 2811 562 2870 ξυστήσαντες
600 2818 756 2859 habere
796 2818 986 2860 Bekkero
1029 2830 1082 2858 an
1124 2810 1418 2868 ξυνιστοῖντες
1459 2817 1602 2858 Bastio
1640 2813 1870 2862 crederem,
