1962 3236
206 174 309 227 246
799 176 1272 225 ΠΛΑΤῼΝΟΣ

151 327 182 369 Β
347 313 403 364 Χ.
444 314 836 379 Δημοκρατίαν
857 309 942 378 δή,
972 306 1042 372 ὡς
1067 313 1226 378 ἔοικε,
1248 310 1382 379 μετὰ
1404 319 1566 368 τοῦτο
1599 317 1878 384 σκεπτέον

206 397 329 446 τίνα
358 413 416 445 τε
435 397 678 460 γίγνεται
706 390 914 458 τρόπον
942 394 1210 462 γενομένη
1230 413 1286 446 τε
1306 393 1471 448 ποῖόν
1498 417 1619 448 τινα
1649 398 1771 464 ἔχει,
1801 395 1877 450 ἵν’

206 466 280 526 αὖ
305 470 405 527 τὸν
434 479 537 526 τοῦ
574 471 831 526 τοιούτου
856 470 1058 543 ἀνδρὸς
1093 475 1302 542 τρόπον
1336 477 1563 544 γνόντες
1597 493 1879 547 παραστη-

205 551 419 623 σώμεθ’
443 550 616 607 αὐτὸν
634 557 708 617 εἰς
730 559 928 621 κρίσιν.
957 551 1187 624 ΜΟμοιως
1204 562 1346 625 γοῦν
1365 555 1452 625 άν,
1482 562 1603 628 ἔφη,
1624 557 1754 628 ἡμῖν
1776 556 1878 611 αύ-

205 645 318 697 τοῖς
351 639 741 704 πορευοίμεθα.
782 633 1026 703 Οὐκοῦν,
1061 629 1132 706 ἦν
1169 635 1221 691 δ’
1257 637 1379 707 ἐγώ,
1413 638 1741 709 μεταβάλλει
1780 642 1880 709 μὲν

205 716 416 787 τρόπον
446 716 567 772 τινα
599 717 816 772 τοιόνδε
842 721 894 783 ἐξ
932 717 1244 788 ὀλιγαρχίας
1275 724 1350 783 εἰς
1380 724 1769 790 δημοκρατίαν,
1801 719 1874 775 δι’

205 795 511 869 ἀπληστίαν
529 803 629 854 τοῦ
658 803 1024 870 προκειμένου
1052 798 1290 868 ἀγαθοῦ,
1313 807 1414 855 τοῦ
1444 799 1516 865 ὥς
1542 802 1878 857 πλουσιτότα·

144 895 177 938 G
206 901 304 936 τον
337 885 453 936 δεῖν
494 886 811 951 γίγνεσθαι;
850 887 979 944 Πως
1017 881 1111 951 δή;
1137 880 1279 949 Ἀτε,
1320 881 1483 952 οἶμαι,
1523 883 1783 953 α’ρχοντες
1820 886 1879 939 ἐν

38 958 44 967 Ι
206 960 347 1034 αὐτῇ
365 961 461 1018 οῖ’
436 963 695 1034 άρχοντες
717 962 804 1017 διὰ
826 961 885 1017 τό
919 962 1093 1017 πολλοὶ
1124 971 1423 1034 κεκτῆσθαι
1457 963 1561 1019 οὐκ
1588 966 1879 1020 ἐθέλουσιν

170 1075 172 1077 >
207 1052 408 1114 εἴργειν
428 1046 579 1117 νόμω
600 1051 713 1099 τῶν
732 1047 876 1098 νέων
900 1044 1020 1099 ὅσοι
1041 1040 1114 1098 ἀν
1133 1042 1428 1100 ἀκόλαστοι
1456 1052 1770 1115 γίγνωνται,
1803 1045 1876 1115 μὴ

205 1129 400 1191 ἐξεῖναι
420 1124 605 1191 αὐτοῖς
626 1124 940 1181 ἀναλίσκειν
961 1149 1018 1181 τε
1036 1129 1123 1182 καὶ
1143 1126 1454 1183 ἀπολλύναι
1474 1127 1539 1183 τοὶ
1563 1126 1765 1196 αὑτῶν,
1787 1131 1879 1182 ἵνα

206 1205 513 1278 ὠνούμενοι
538 1209 603 1263 τὰ
631 1215 743 1264 τῶν
762 1208 1030 1263 τοιούτων
1049 1211 1137 1264 καὶ
1160 1213 1579 1276 εἰσδανείζοντες
1600 1216 1675 1266 ἔτι
1704 1219 1878 1266 πλου-

205 1290 458 1358 σιώτεροι
477 1291 566 1346 καὶ
586 1290 922 1360 ἐντιμότεροι
940 1296 1252 1361 γίγνωνται.
1304 1291 1525 1357 Παντός
1557 1315 1619 1362 γε
1649 1300 1875 1363 μᾶλλον.

207 1371 436 1428 Οὐκοῦν
457 1376 627 1443 δῆλον
650 1372 754 1443 ἤδη
775 1378 937 1428 τοῦτο
962 1375 1022 1428 ἐν
1041 1372 1214 1443 πόλει,
1237 1372 1321 1427 ὅτι
1342 1380 1584 1429 πλοῦτον
1603 1381 1767 1447 τιμᾷν
1788 1378 1877 1430 καὶ

203 1453 581 1524 σωφροσύνην
609 1453 721 1524 ἅμα
751 1457 953 1517 ἱκανῶς
977 1461 1216 1508 κτᾶσθαι
1245 1456 1304 1508 ἐν
1331 1466 1442 1518 τοῖς
1469 1461 1712 1520 πολίταις
1740 1454 1880 1511 ἀδύ-

129 1553 168 1595 D
201 1559 388 1607 νατον,
429 1534 550 1592 ἀλλ’
585 1535 800 1606 ἀνάγκη
825 1532 860 1607 ἢ
897 1540 1000 1590 τοῦ
1023 1535 1212 1603 ἑτέρου
1233 1532 1453 1605 ἀμελεῖν
1473 1532 1508 1606 ἦ
1531 1543 1631 1592 τοῦ
1661 1539 1875 1607 ἑτέρους

195 1618 490 1686 Ἐπιεικῶς,
515 1623 641 1688 ἔφη,
660 1621 844 1688 δῆλον.
884 1623 1340 1687 Παραμελοῦντες
1360 1615 1425 1687 δὴ
1454 1619 1514 1672 ἐν
1531 1631 1645 1682 ταῖς
1666 1617 1877 1688 ὀλιγαρ-

201 1707 339 1773 χίαις
359 1703 448 1756 καὶ
466 1703 707 1771 ἐφιέντες
730 1698 1145 1755 ἀκολασταίνειν
1165 1696 1267 1752 οὐκ
1298 1697 1545 1768 ἀγεννεῖς
1573 1702 1744 1755 ἐνίοτε
1778 1698 1878 1755 ἀν-

201 1783 470 1853 θρώπους
503 1787 738 1852 πένητας
764 1779 1088 1851 ἠνάγκασαν
1119 1782 1394 1849 γενέσθαι.
1433 1780 1606 1836 Μάλα
1634 1803 1710 1851 γε.
1757 1782 1879 1836 Κά-

203 1874 407 1936 θηνται
430 1864 514 1935 δή,
543 1862 707 1934 οἶμαι,
731 1856 886 1918 οὗτοι
906 1865 966 1917 ἐν
983 1868 1049 1933 τῇ
1075 1863 1230 1916 πόλει
1251 1865 1683 1932 κεκεντρωμένοι
1712 1884 1768 1918 τε
1788 1864 1878 1918 καὶ

203 1946 609 2016 ἐξωπλισμένοι,
638 1948 694 1999 oc
707 1944 808 2013 μὲν
830 1942 1144 2014 ὀφείλοντες
1162 1945 1388 2013 χρέα,οἰ
1415 1943 1473 1998 δὲ
1505 1942 1685 2012 ἄτιμοι
1715 1964 1877 2012 γεγο-

204 2027 377 2094 νότες,
399 2029 456 2081 οἱ
481 2026 539 2081 δὲ
567 2024 870 2096 ἀμφότερα,
902 2025 1191 2095 μισοῦντές
1219 2045 1275 2078 τε
1315 2024 1404 2077 καὶ
1432 2023 1881 2094 ἐπιβουλεύοντες

205 2121 317 2173 τοῖς
337 2108 695 2178 κτησαμένοις
718 2106 784 2161 τὰ
815 2103 1003 2159 αὑτῶν
1022 2106 1113 2159 καὶ
1133 2115 1246 2167 τοῖς
1276 2102 1480 2171 ἄλλοις,
1506 2112 1878 2174 νεωτερισμοῦ

150 2206 182 2245 Ε
210 2191 453 2258 ἐρῶντες.
478 2185 627 2243 Ἔστι
647 2194 831 2241 ταῦτα.
869 2189 936 2241 Οἱ
962 2184 1020 2240 δὲ
1051 2183 1116 2255 δὴ
1146 2185 1499 2255 χρηματισταὶ
1528 2179 1879 2254 ἐγκύψαντες,

209 2270 338 2327 οὐδὲ
359 2274 655 2333 δοκοῦντες
673 2269 904 2333 τούτους
924 2267 1081 2341 ὁρᾷν,
1110 2275 1224 2323 τῶν
1252 2274 1462 2323 λοιπῶν
1481 2267 1579 2323 τὸν
1610 2266 1691 2324 ἀεὶ.
1722 2266 1880 2324 ὑπεί-

204 2352 374 2407 κοντα
403 2353 636 2416 ἐνιέντες
672 2348 942 2421 ἀργύριον
977 2348 1383 2419 τιτρώσκοντες,
1422 2351 1513 2405 καὶ
1550 2355 1652 2405 τοῦ
1677 2347 1882 2418 πατρὸς

89 2456 176 2499 555
207 2432 471 2504 ἐκγόνους
491 2433 688 2497 τόκους
706 2437 1147 2496 πολλαπλασίους
1176 2431 1541 2502 κομιζόμενοι,
1571 2430 1750 2487 πολὺν
1783 2430 1880 2486 τὸν

205 2521 428 2585 κηφῆνα
445 2515 535 2570 καὶ
567 2512 786 2585 πτωχὸν
815 2517 1103 2585 ἐμποιοῦσι
1131 2519 1197 2585 τῇ
1225 2514 1395 2568 πόλει.
1434 2519 1562 2578 Πῶς
1598 2513 1722 2583 γάρ,
1755 2519 1876 2582 ἔφη,

207 2594 275 2650 οὐ
294 2595 502 2662 πολύν;
539 2594 684 2651 Οὔτε
704 2594 760 2665 γ’
787 2598 985 2666 ἐκείνῃ,
1005 2588 1077 2665 ἦν
1102 2596 1153 2650 δ’
1182 2594 1307 2665 ἐγώ,
1337 2595 1398 2649 τὸ
1420 2600 1674 2650 τοιοῦτον
1702 2591 1877 2648 κακὸν

206 2677 545 2747 ἐκκαόμενον
562 2681 855 2733 ἐθέλουσιν
873 2675 1306 2748 ἀποσβεννύναι,
1327 2684 1600 2745 εἴργοντες
1618 2672 1685 2728 τὰ
1705 2671 1879 2727 αὑτοῦ

207 2756 333 2812 ὅποι
365 2781 442 2822 τις
467 2759 722 2828 βούλεται
748 2760 984 2828 τρέπειν,
1018 2757 1145 2812 οὔτε
1173 2761 1318 2828 τῇδε,
1349 2749 1388 2827 ᾗ
1415 2749 1489 2809 αὖ
1517 2751 1654 2808 κατὰ
1691 2755 1878 2821 ἕτερον

209 2836 380 2907 νόμον
400 2836 463 2892 τὰ
483 2845 709 2893 τοιαῦτα
730 2840 930 2894 λύεται.
970 2837 1126 2894 Κατὰ
1145 2837 1211 2908 δὴ
1230 2843 1380 2903 τίνα;
1405 2834 1500 2899 Ὃς
1518 2833 1635 2906 μετ’
1667 2837 1880 2892 ἐκεῖνόν
