1962 3236
573 183 1059 233 ΠοΛΙΤΕιΛΣ
1087 178 1148 249 β’.
1636 185 1707 240 47

24 311 384 388 ὡμολόγησας
410 320 526 373 τῶν
560 321 835 387 μεγίστων
867 314 1104 387 ἀγαθῶν
1141 316 1282 376 εἶναι
1323 319 1704 392 δικαιοσύνην,

22 393 60 451 ἃ
80 402 194 453 τόν
211 418 270 453 τε
290 395 720 470 ἀποβαινόντων
735 394 826 454 ἀπ’
848 396 1036 456 αὐτῶν
1052 398 1219 457 ἕνεκα
1237 398 1360 467 ἄξια
1383 406 1703 472 κεκτῆσθαι,

23 475 169 534 πολὺ
188 477 248 534 δὲ
264 486 480 550 μᾶλλον
497 476 638 535 αὐτοὶ
661 476 880 549 αὑτων,
910 474 1035 536 οἷον
1058 478 1229 556 ὁρᾷν,
1265 479 1521 554 ἀκούειν,
1560 504 1706 553 φρο-

22 570 163 630 νεῖν,
184 561 276 617 καὶ
294 557 568 630 ὑγιαίνειν
584 558 672 631 δή,
694 558 896 616 καὶ·ὂ’σ’
917 559 1059 619 ἄλλα
1076 562 1266 634 ἀγαθὰ
1285 565 1491 637 γόνιμα
1508 570 1579 638 τῇ
1599 561 1705 620 αὑ-
1735 578 1771 618 D

22 646 140 696 τῶν
157 641 327 712 φύσει
346 639 474 698 ἀλλ’
499 639 571 698 ού
586 641 722 714 δόξῃ
744 644 885 713 ἐστί,
923 644 1078 700 τοῦτ’
1109 640 1218 704 οὖν
1246 645 1382 704 αὐτὰ
1410 649 1706 704 ἐπαίνεσον

22 722 411 793 δικαιοσύνης,
448 719 482 779 ὅ
510 720 650 794 αὕτη
684 720 759 778 δι’
794 721 973 794 αὐτὴν
1008 723 1110 781 τὸν
1135 731 1331 797 ἔχοντα
1363 726 1581 799 ὀνίνησι
1613 729 1706 784 καὶ

22 799 208 859 ἀδικία
224 802 458 874 βλάπτει
473 825 484 835 ·
512 803 757 875 μισθους
775 803 835 861 δὲ
855 806 947 861 καὶ
966 805 1128 872 δόξας
1146 807 1318 878 πάρες
1343 808 1529 874 ἄλλοις
1546 811 1705 865 ἐπαν-

19 895 155 940 νεῖν.
193 882 269 950 ὥς
297 882 405 955 ἐγω
426 890 540 941 τῶν
559 886 662 956 μὲν
689 884 877 943 ἄλλων
904 885 1246 961 ἀνασχοίμην
1265 885 1337 946 ἀν
1356 889 1532 955 οὕτως
1550 892 1704 946 ἐπαι-

25 966 286 1022 νούντων
323 967 692 1039 δικαιοσύνην
719 970 813 1026 καὶ
840 969 1131 1041 ψεγόντων
1161 968 1410 1044 ἀδικίαν,
1448 971 1613 1039 δόξας
1647 993 1706 1027 τε

20 1048 146 1116 περὶ
174 1045 363 1104 αὐτῶν
388 1051 480 1105 καὶ
507 1051 750 1120 μισθους
772 1050 1224 1122 ἐγκωμιαζόντων
1251 1054 1344 1109 καὶ
1375 1053 1706 1123 λοιδορούν-

18 1149 160 1199 των,
189 1136 295 1185 σοῦ
316 1131 375 1185 δὲ
393 1127 498 1186 οὐκ
515 1129 614 1201 ἄν,
655 1136 706 1187 εἰ
721 1132 795 1203 μή
818 1129 890 1188 σύ
909 1134 1183 1203 κελεύοις,
1225 1134 1367 1191 διότι
1394 1134 1577 1191 πάντα
1605 1134 1706 1191 τὸν

17 1214 149 1282 βίον
178 1208 346 1267 οὐδὲν
381 1210 516 1268 ἄλλο
547 1218 776 1268 σκοπῶν
815 1214 1154 1286 διελήλυθας
1185 1211 1222 1286 ἢ
1262 1223 1441 1273 τοῦτο.
1483 1215 1557 1288 μὴ
1597 1209 1704 1271 οὖν
1736 1223 1771 1264 Ε

19 1289 155 1363 ἡμῖν
189 1294 401 1366 ἐνδείξῃ
437 1293 618 1364 μόνον
657 1300 734 1369 τῷ
778 1294 958 1368 λόγῳ,
1003 1294 1088 1352 ὅτι
1124 1297 1452 1368 δικαιοσύνη
1490 1295 1704 1362 ἀδικίας

18 1384 296 1445 κρεῖττον,
334 1372 476 1431 ἀλλά
505 1381 561 1432 τί
586 1382 828 1433 ποιοῦσα
861 1378 1094 1450 ἑκατέρα
1121 1376 1223 1434 τὸν
1249 1382 1443 1449 ἔχοντα
1462 1376 1600 1448 αὐτὴ
1624 1375 1697 1433 δι’

13 1453 227 1526 αὑτήν,
264 1455 365 1512 ἐάν
392 1478 450 1512 τε
480 1458 742 1531 λανθάνῃ
770 1459 873 1516 ἐάν
899 1481 959 1516 τε
987 1457 1060 1531 μὴ
1093 1459 1268 1525 θεούς
1285 1481 1344 1516 τε
1361 1462 1455 1518 καὶ
1471 1458 1703 1528 ἀνθρώ-

13 1557 175 1607 πους,
195 1534 230 1608 ἡ
247 1539 351 1609 μὲν
369 1535 611 1610 ἀγαθόν,
631 1536 667 1611 ἡ
685 1541 746 1596 δὲ
763 1538 941 1597 κακόν
959 1542 1123 1597 ἐστιν.

157 1623 218 1676 Χ.
255 1621 366 1677 Καὶ
395 1619 502 1691 ἐγω
532 1619 780 1688 ἀκούσας
809 1620 894 1679 ἀεὶ
921 1625 1024 1693 μὲν
1054 1621 1120 1694 δὴ
1150 1622 1254 1694 τὴν
1293 1622 1471 1694 φύσιν
1507 1627 1610 1678 τοῦ
1643 1643 1702 1678 τε

14 1701 357 1769 Γλαύκωνος
384 1704 477 1760 καὶ
506 1709 610 1760 τοῦ
632 1701 990 1775 Ἀδειμάντου
1013 1702 1262 1775 ἠγάμην,
1300 1702 1441 1775 ἀτάρ
1471 1724 1575 1759 ουν
1611 1704 1703 1759 καὶ

17 1782 142 1839 τότε
174 1783 327 1839 πάνυ
357 1806 420 1855 γε
449 1783 641 1857 ἥσθην
670 1788 762 1843 καὶ
789 1786 974 1843 εἶπον·
1016 1783 1103 1841 Οὐ
1135 1792 1319 1851 κακῶς
1338 1789 1416 1851 εἰς
1442 1783 1613 1857 ὑμᾶς,
1657 1808 1700 1843 ω
1728 1798 1818 1845 368

0 1886 3 1891 ·
20 1866 211 1929 παῖδες
229 1866 446 1921 ἐκείνου
463 1872 566 1921 τοῦ
583 1865 807 1938 ἀνδρός,
828 1865 931 1938 τὴν
948 1864 1125 1938 ἀρχὴν
1142 1872 1255 1923 τῶν
1273 1869 1528 1938 ἐλεγείων
1547 1868 1701 1924 ἐποί-

19 1962 157 2014 ησεν
194 1943 224 2000 ὁ
262 1946 599 2012 Γλαύκωνος
634 1947 894 2019 ἐραστής,
932 1946 1402 2021 εὐδοκιμήσαντας
1439 1950 1564 2020 περὶ
1597 1947 1701 2021 τὴν

17 2030 283 2097 Μεγαροῖ
292 2029 500 2100 μάχην,
533 2030 733 2087 εἰπών·

159 2111 347 2174 παῖδες
363 2108 686 2179 Ἀρίστωνος
698 2154 714 2179 ,
734 2117 960 2168 κλεινοῦ
978 2120 1139 2169 θεῖον
1155 2114 1316 2184 γένος
1337 2110 1556 2184 ἀνδρός.

19 2189 184 2245 τοῦτό
212 2212 335 2262 μοι,
365 2185 411 2248 ὦ
440 2198 620 2264 φίλοι,
660 2187 725 2249 εὖ
751 2197 906 2251 δοκεῖ
918 2199 1088 2265 ἔχειν·
1120 2195 1271 2250 πάνυ
1288 2193 1396 2265 γὰρ
1416 2201 1579 2250 θεῖον
1600 2212 1693 2249 πε-

19 2271 298 2341 πόνθατε,
334 2277 385 2329 εἰ
408 2272 483 2346 μὴ
520 2278 785 2333 πέπεισθε
820 2274 1042 2333 ἀδικίαν
1079 2276 1434 2348 δικαιοσύνης
1469 2274 1702 2347 ἄμεινον

19 2351 161 2409 εἶναι
174 2395 190 2423 ,
228 2353 375 2412 οὕτω
393 2357 697 2429 δυνάμενοι
714 2363 889 2416 εἰπεῖν
906 2356 1045 2431 ὑπὲρ
1067 2358 1257 2416 αὐτοῦ.
1291 2362 1501 2416 δοκεῖτε
1517 2358 1588 2429 δή
1605 2379 1699 2429 μοι

21 2432 97 2500 ὠς
125 2432 351 2507 ἀληθῶς
379 2435 448 2494 οὐ
477 2449 790 2498 πεπεῖσθαι.
833 2446 1196 2514 τεκμαίρομαι
1226 2442 1285 2499 δὲ
1314 2444 1375 2498 ἐκ
1404 2445 1507 2497 τοῦ
1525 2437 1700 2495 ἄλλον
1735 2456 1767 2496 Β

21 2523 124 2574 τοῦ
154 2515 425 2589 ὑμετέρου
455 2522 696 2594 τρόπον,
734 2525 849 2579 ἐπεὶ
875 2524 1015 2580 κατά
1044 2545 1106 2595 γε
1127 2521 1332 2589 αὐτούς
1350 2522 1479 2587 τούς
1499 2521 1702 2590 λόγους

0 2622 2 2627 ’
17 2597 291 2671 ἠπίστουν
309 2596 380 2658 ἂν
396 2600 551 2675 ὑμῖν·
575 2602 690 2678 ὅσῳ
709 2605 1002 2677 δὲμᾶλλον
1020 2606 1277 2676 πιστεύω,
1298 2602 1546 2676 τοσούτῳ
1559 2608 1702 2674 μᾶλ-

0 2685 124 2738 ’λον
151 2679 347 2752 ἀπορῶ
375 2682 409 2739 ὅ
436 2707 487 2740 τι
515 2685 825 2757 χρήσωμαι·
865 2685 995 2743 οὔτε
1022 2686 1131 2757 γὰρ
1160 2685 1310 2751 ὅπως
1338 2690 1537 2758 βοηθοῦ
1565 2686 1694 2755 ἔχω·

14 2765 172 2821 δοκῶ
201 2765 309 2836 γάρ
333 2788 427 2837 μοι
455 2764 729 2834 ἀδύνατος
748 2766 911 2825 εἶναι·
943 2781 1168 2840 σημεῖον
1186 2770 1250 2825 δέ
1270 2790 1382 2841 μοι,
1400 2764 1484 2825 ὅτι
1506 2760 1541 2822 ἃ
1559 2764 1699 2837 πρὸς

11 2846 393 2919 Θρασύμαχον
412 2851 590 2920 λέγων
609 2849 767 2923 ᾤμην
785 2848 1135 2922 ἀποφαίνειν,
1155 2846 1227 2916 ὡς
1243 2848 1474 2921 ἄμεινον
1489 2851 1701 2904 δικαιο-
