1962 3236
111 627 193 673 591

223 158 326 209 286
835 158 1309 207 ΠΛΑΤΩΝΟΣ

225 313 409 364 μενοι;
444 292 553 347 Καὶ
573 286 761 359 ὀρθῶς
788 288 863 359 γ’,
896 294 1015 359 ἔφη.
1052 296 1236 359 Δηλοῖ
1259 293 1321 345 δέ
1351 312 1432 360 γε,
1461 285 1533 362 ἦν
1565 290 1616 348 δ’
1654 296 1778 363 ἐγώ,
1809 300 1901 351 καὶ

223 372 252 431 ὁ
274 373 458 444 νόμος,
491 369 573 426 ὅτι
595 378 848 426 τοιοῦτον
877 371 1217 442 βουλεύεται,
1248 378 1380 426 πᾶσι
1412 385 1524 438 τοῖς
1558 377 1619 430 ἐν
1646 382 1715 446 τῇ
1745 377 1902 432 πόλει

225 455 502 525 ξύμμαχος
523 452 627 506 ω’ν·
669 454 760 507 καὶ
789 449 822 522 ἡ
851 458 965 507 τῶν
985 456 1196 507 παίδων
1228 451 1383 524 ἀρχή,
1414 453 1476 509 τὸ
1510 455 1582 525 μὴ
1615 460 1712 529 ε’ᾆν
1742 460 1904 512 ἐλευ-

223 539 429 604 θέρους
449 533 604 602 εἶναι,
629 534 731 597 ἕως
749 530 820 588 ἀν
836 536 896 588 ἐν
914 532 1099 598 αὐτοῖς
1131 533 1316 602 ὥσπερ
1345 538 1407 590 ἐν
1433 537 1590 591 πόλει
1622 543 1902 593 πολιτείαν

224 615 668 686 καταστήσωμεν,
689 616 779 670 καὶ
799 616 859 670 τὸ
880 618 1162 686 βέλτιστον
1189 616 1638 683 θεραπεύσαντες
1666 625 1746 692 τῷ
1765 617 1923 690 παρ’-

225 697 355 769 ἡμῖν
377 698 608 771 τοιούτῳ
630 695 1180 768 ἀντικαταστήσωμεν
1203 698 1426 767 φύλακα
1450 698 1647 769 ὅμοιον
1678 702 1768 756 καὶ
1798 701 1903 773 ἄρ-

223 801 389 850 χοντα
419 781 480 834 ἐν
512 777 678 852 αύτῷ,
711 781 800 834 καὶ
828 779 950 834 τότε
988 779 1053 850 δὴ
1090 779 1390 848 ἐλεύθερον
1420 780 1666 852 ἀφίεμεν.
1725 790 1910 853 Δηλοῖ

224 853 473 931 γάρ,ἧδ’
499 857 574 923 ὅς.
613 866 703 931 Πῇ
723 858 789 929 δὴ
812 855 916 914 οὖν
947 860 1214 930 φήσομεν,
1250 854 1294 914 ὦ
1321 861 1611 929 Γλαύκων,
1644 864 1733 917 καὶ
1763 861 1901 918 κατὰ

224 947 346 997 τίνα
378 941 547 1011 λόγον
576 948 878 996 λυσιτελεῖν
906 938 1116 995 ἀδικεῖν
1142 937 1178 1012 ἢ
1209 942 1625 998 ἀκολασταίνειν
1654 943 1690 1014 ἥ
1727 965 1778 998 τι
1815 949 1902 999 αἰ-

226 1023 397 1093 σχρὸν
415 1034 609 1092 ποιεῖν,
632 1025 684 1087 ἐξ
708 1015 788 1078 ὦν
806 1023 1177 1093 πονηρότερος
1193 1026 1295 1094 μὲν
1313 1029 1478 1093 ἔσται,
1502 1030 1669 1080 πλείω
1690 1025 1748 1081 δὲ
1765 1023 1892 1095 χρή-

224 1127 368 1175 ματα
397 1102 432 1174 ἢ
460 1103 637 1174 ἄλλην
670 1102 793 1159 τινὰ
829 1104 1070 1175 δύναμιν
1098 1106 1441 1176 κεκτήσεται;
1485 1105 1734 1178 Οὐδαμῇ,
1772 1100 1807 1176 ἦ
1846 1103 1895 1160 δ’

226 1184 302 1250 ὅς.
350 1183 526 1258 Πῇᾲδ’
568 1184 868 1241 ἀδικοῦντα
903 1185 1208 1241 λανθάνειν
1248 1188 1338 1242 καὶ
1374 1186 1447 1257 μὴ
1487 1187 1702 1242 διδόναι
1742 1192 1898 1257 δίκην

224 1274 553 1332 λυσιτελεῖν;
589 1264 625 1338 ἢ
646 1266 764 1339 οὐχὶ
792 1266 820 1322 ὁ
856 1269 956 1338 μὲν
983 1267 1286 1322 λανθάνων
1316 1272 1392 1323 ἔτι
1420 1268 1786 1339 πονηρότερος
1814 1275 1894 1339 γί-

222 1370 427 1419 γνεται,
456 1355 556 1403 τοῦ
587 1348 646 1403 δὲ
674 1349 746 1419 μὴ
778 1348 1158 1412 λανθάνοντος
1184 1351 1272 1403 καὶ
1303 1354 1672 1419 κολαζομένου
1695 1349 1755 1405 τὸ
1799 1350 1896 1420 μὲν

222 1433 498 1500 θηριῶδες
518 1434 809 1501 κοιμίζεται
827 1432 917 1486 καὶ
934 1428 1249 1502 ἡμεροῦται,
1273 1429 1332 1485 τὸ
1354 1431 1411 1486 δὲ
1431 1430 1640 1502 ἥμερον
1671 1434 1900 1487 ἐλευθε-

223 1518 434 1584 ροῦται,
456 1514 544 1567 καὶ
569 1511 670 1583 ὅλη
689 1510 723 1583 ἡ
743 1512 887 1584 ψυχὴ
910 1519 984 1577 εἰς
1013 1513 1114 1584 τὴν
1135 1519 1421 1585 βελτίστην
1441 1514 1612 1584 φύσιν
1633 1523 1901 1570 καθιστα-

223 1596 361 1665 μένη
391 1596 716 1664 τιμιωτέραν
745 1595 856 1660 ἕξιν
886 1596 1172 1666 λαμβάνει,
1205 1595 1582 1667 σωφροσύνην
1609 1618 1667 1651 τε
1698 1599 1787 1652 καὶ
1817 1600 1901 1651 δι-

223 1674 531 1745 καιοσύνην
542 1676 675 1745 μετὰ
696 1677 1018 1746 φρονήσεως
1038 1681 1304 1748 κτωμένη,
1325 1674 1361 1747 ἢ
1381 1682 1534 1748 σῶμα
1554 1677 1713 1748 ἰσχύν
1732 1699 1788 1732 τε
1811 1679 1899 1732 καὶ

223 1755 423 1820 κάλλος
458 1755 592 1827 μετά
631 1754 838 1827 ὑγιείας
870 1759 1172 1829 λαμβάνον,
1211 1757 1457 1830 τοσούτῳ
1495 1757 1713 1832 ὅσῳπερ
1748 1756 1894 1830 ψυχὴ

224 1837 473 1908 σώματος
501 1839 815 1908 τιμιωτέρας
860 1839 1190 1895 Παντάπασι
1219 1840 1321 1910 μὲν
1348 1834 1470 1910 οὖν,
1502 1844 1620 1910 ἔφη.
1673 1837 1902 1895 Οὐκοῦν

222 1917 256 1974 δ’
273 1940 337 1989 γε
355 1925 497 1974 νοῦν
517 1924 657 1990 ἔχων
676 1920 855 1975 πάντα
876 1920 941 1975 τά
961 1919 1137 1975 αὑτοῦ
1166 1925 1240 1985 εἰς
1269 1928 1432 1975 τοῦτο
1464 1924 1745 1986 ξυντείνας
1762 1919 1899 1991 βιώ-

225 2019 391 2071 σεται,
413 2009 635 2071 πρῶτον
652 2003 752 2074 μὲν
771 2001 1156 2073 τάμαθήματα
1171 2009 1362 2073 τιμῶν,
1384 2000 1420 2056 ὁὶ
1444 2002 1706 2071 τοιαύτην
1724 1999 1898 2056 αὐτοῦ

223 2083 325 2154 τὴν
352 2082 538 2155 ψυχὴν
567 2082 949 2154 ἀπεργάσεται,
989 2083 1055 2140 τὰ
1088 2085 1146 2140 δὲ
1185 2082 1306 2139 ἄλλ’
1350 2081 1647 2152 ἀτιμάζωνς
1686 2089 1895 2153 Δῆλον,

225 2171 347 2235 ἔφη.
370 2164 594 2220 ’Έπειτά
612 2164 689 2234 γ’,
711 2164 883 2235 εἷπον,
904 2164 1006 2235 τὴν
1026 2171 1127 2220 τοῦ
1150 2163 1401 2235 σώματος
1425 2165 1536 2229 ἕξιν
1565 2164 1655 2218 καὶ
1683 2164 1899 2234 τροφὴν

224 2244 325 2316 οὐχ
354 2243 502 2310 ὅπως
530 2251 596 2317 τῇ
633 2246 901 2316 θηριώδει
935 2247 1026 2301 καὶ
1061 2243 1244 2318 ἀλόγῳ
1282 2244 1457 2315 ἡδονῇ
1488 2245 1777 2313 ἐπιτρέψας
1807 2246 1899 2299 ἐν·-

222 2334 407 2384 ταῦθα
444 2331 809 2399 τετραμμένος
834 2327 997 2399 ζήσει,
1029 2325 1149 2383 ἀλλ’
1191 2325 1321 2382 οὐδὲ
1358 2324 1495 2396 πρὸς
1528 2324 1741 2396 ὑγίειαν
1771 2327 1899 2397 βλέ-

223 2429 362 2479 πων,
401 2405 532 2465 οὐδὲ
567 2415 730 2464 τοῦτο
771 2409 1110 2481 πρεσβεύων,
1150 2407 1299 2473 ὅπως
1346 2407 1565 2480 ἰσχυρὸς
1597 2407 1632 2478 ἢ
1667 2404 1826 2477 ὑγιὴς
1861 2403 1898 2477 ἦ

222 2491 389 2556 καλὸς
417 2495 582 2562 ἔσται,
613 2490 712 2547 ε’ἀν
734 2491 806 2562 μὴ
837 2494 925 2547 καὶ
956 2492 1339 2563 σωφρονήσειν
1368 2496 1536 2562 μέλλῃ
1566 2486 1660 2543 ἀπ’
1693 2487 1894 2557 αὐτῶν,

165 2594 197 2634 1)
227 2570 347 2628 ἀλλ’
388 2571 472 2629 ἀεὶ
504 2571 608 2644 τὴν
645 2575 707 2629 ἐν
741 2580 817 2647 τῷ
860 2575 1067 2644 στόματι
1104 2572 1378 2644 ἁρμονίαν
1422 2579 1518 2643 τῆς
1555 2573 1615 2627 ἐν
1651 2577 1717 2641 τῇ
1746 2574 1897 2640 ψυχῇ

222 2655 381 2709 ἕνεκα
418 2659 738 2725 ξυμφωνίας
769 2653 1172 2726 ἁρμοττόμενος
1205 2658 1518 2725 [φαίνηται].
1568 2650 1895 2706 Παντάπασι

219 2736 319 2803 μὲν
339 2730 460 2805 οὖν,
490 2742 613 2807 ἔφη,
646 2737 847 2807 ἐάνπερ
880 2742 1048 2809 μέλλῃ
1078 2744 1145 2807 τῇ
1175 2735 1409 2806 ἀληθείᾳ
1440 2732 1702 2804 μουσικὸς
1738 2730 1890 2786 εἶναι.

223 2813 471 2886 Οὐκοῦν,
490 2817 662 2889 εἶπον,
684 2820 774 2874 καὶ
793 2819 895 2890 τὴν
913 2821 974 2874 ἐν
995 2825 1061 2891 τῇ
1083 2825 1195 2872 τῶν
1222 2816 1515 2889 χρημάτων
1546 2812 1729 2884 κτήσει
1760 2814 1886 2879 ξύν·
