1962 3236
0 0 448 40 bW-,ffl·'⁵3²-*2J,⁶
545 0 557 5 -
585 0 634 19 νει
688 0 696 18 ε
764 0 798 16 ι·

618 190 1107 238 ΠΟΛΙΤΕΙΑΣ
1129 183 1186 238 ι’.
1643 187 1748 240 293

63 324 178 396 γός,
214 321 282 379 ὃν
318 322 386 395 δὴ
416 321 655 395 μιμητὴν
689 320 1032 395 ὡρισάμεθα,
1062 320 1203 378 ἀλλά
1230 324 1323 379 καὶ
1353 322 1628 396 δεύτερος,
1661 326 1754 380 καὶ

61 403 175 470 οἷός
206 427 264 461 τε
293 398 446 476 ἦσθα
468 404 816 476 γιγνώσκειν,
845 417 977 461 ποῖα
1009 404 1409 477 ἐπιτηδεύματα
1435 411 1688 478 βελτίους
1716 402 1752 476 ἢ

57 493 275 559 χείρους
297 486 638 556 ἀνθρώπους
655 499 804 542 ποιεῖ
817 490 929 559 ἰδίᾳ
953 490 1044 543 καὶ
1073 491 1327 563 δημοσία,
1357 490 1481 559 λέγε
1501 487 1652 560 ἡμῖν,
1672 494 1752 553 τίς

59 576 173 625 τών
193 568 411 624 πόλεων
431 569 520 624 διά
553 571 613 624 σὲ
644 571 865 640 βέλτιον
897 569 1132 642 ᾤκησεν,
1166 568 1354 641 ὥσπερ
1376 569 1467 626 διὰ
1487 576 1754 640 Λυκοῦρ-

59 674 165 723 γον
183 655 548 722 Λακεδαίμων
566 653 658 705 καὶ
678 649 751 706 δι’
787 650 993 715 ἄλλους
1021 650 1264 718 πολλοὺς
1291 653 1490 709 πολλαὶ
1520 653 1754 724 μἐγάλαι

61 757 117 791 τε
135 736 225 791 καὶ
247 738 494 805 σμικραί·
529 735 591 789 σὲ
621 732 680 789 δὲ
698 739 778 798 τίς
811 738 1046 789 αἰτιᾶται
1073 734 1231 800 πόλις
1262 740 1581 808 νομοθέτην
1611 734 1755 807 ἀγα-
1788 751 1823 792 Ε

60 816 174 874 θὸν
192 819 479 887 γεγονέναι
505 817 596 871 καὶ
616 822 762 886 σφᾶς
782 815 1154 887 ώφεληκέναι;
1192 816 1509 889 Χαρώνδαν
1526 818 1628 890 μὲν
1646 817 1753 889 γὰρ

54 897 250 956 Ἰταλία
285 901 375 955 καὶ
411 902 656 967 Σικελία,
692 900 785 954 καὶ
821 895 974 970 ἡμεῖς
1006 900 1269 955 Σόλωνα·
1310 900 1372 955 σὲ
1410 900 1469 955 δὲ
1504 905 1611 967 τίς;
1649 902 1755 965 ἕξει

62 980 186 1036 τινὰ
208 986 413 1048 εἰπεῐν;
456 978 576 1036 Οὐκ
594 979 762 1051 οἶμαι,
782 985 889 1051 ἔφη
910 978 939 1036 ὁ
968 981 1268 1038 Γλαύκων·
1306 981 1521 1039 οὔκουν
1541 984 1760 1053 λέγεταί

65 1086 126 1134 γε
148 1061 272 1119 οὐδ’
298 1061 399 1117 ὑπ’
423 1061 612 1118 αὐταῖν
642 1061 967 1133 Ὁμηριδῶν.
1004 1062 1165 1119 Ἀλλά
1196 1063 1263 1135 δή
1292 1087 1373 1130 τις
1400 1063 1638 1135 πόλεμος
1666 1065 1754 1120 ἐπὶ

57 1144 299 1216 Ὁμήρου
324 1142 422 1199 ὑπ’
451 1147 668 1201 ἐκείνου
687 1145 954 1215 ἄρχοντος
978 1142 1015 1219 ἦ
1046 1146 1526 1219 ξυμβουλεύοντος
1554 1141 1620 1202 εὖ
1651 1166 1756 1203 πο-
1781 1169 1869 1215 600

66 1230 320 1301 λεμηθεὶς
338 1227 769 1300 μνημονεύεται;
810 1226 1024 1294 Οὐδείς.
1056 1227 1200 1285 Ἀλλ’
1233 1225 1320 1285 οἷα
1341 1227 1409 1300 δὴ
1434 1234 1510 1294 εἰς
1534 1228 1599 1285 τὰ
1621 1234 1756 1302 ἔργα

64 1317 248 1382 σοφοῦ
279 1309 485 1381 ἀνδρὸς
518 1313 715 1367 πολλαὶ
747 1313 983 1367 ἐπίνοιαι
1012 1313 1102 1367 καὶ
1132 1310 1435 1382 εὐμήχανοι
1461 1315 1537 1376 εἰς
1566 1313 1758 1382 τέχνας

63 1393 100 1466 ἤ
120 1415 272 1458 τινας
290 1391 458 1458 ἄλλας
477 1393 698 1463 πράξεις
715 1395 986 1464 λέγονται,
1016 1393 1202 1462 ὥσπερ
1222 1387 1297 1448 αὖ
1319 1391 1514 1449 Θάλεώ
1542 1415 1600 1448 τε
1631 1394 1757 1459 πέρι

67 1483 168 1531 τοῦ
197 1479 483 1547 Μιλησίου
512 1479 605 1531 καὶ
636 1473 990 1547 Ἀναχάρσιος
1026 1483 1128 1532 τοῦ
1165 1476 1438 1545 Σκύθου;
1480 1474 1756 1546 Οὐδαμῶς

67 1563 325 1614 τοιοῦτον
345 1555 528 1612 οὐδέν.
555 1554 715 1613 Ἀλλά
749 1555 814 1628 δὴ
848 1562 899 1612 εἰ
925 1556 997 1628 μὴ
1029 1562 1284 1631 δημοσίᾳ,
1313 1561 1426 1631 ἰδίᾳ
1453 1560 1598 1613 τισὶν
1625 1554 1758 1628 ἡγε-

67 1638 189 1710 μών
226 1642 473 1704 παιδείας
509 1636 677 1703 αὐτὸς
715 1644 824 1706 ζών
859 1643 1072 1709 λέγεται
1095 1637 1335 1711 Ὅμηρος
1374 1643 1668 1711 γενέσθαι,
1706 1644 1764 1695 οἳ

68 1725 283 1779 ἐκεῖνον
301 1720 535 1793 ἠγάπων
552 1723 638 1778 ἐπὶ
658 1727 932 1794 συνουσίᾳ
950 1723 1039 1776 καὶ
1067 1734 1178 1786 τοῖς
1199 1719 1450 1791 ὑστέροις
1479 1721 1615 1780 ὁδόν
1632 1743 1758 1779 τινα

70 1809 386 1873 παρέδοσαν
405 1810 532 1875 βίου
562 1803 876 1875 Ὁμηρικήν,
913 1803 1097 1875 ὥσπερ
1126 1805 1471 1875 Πυθαγόρας
1501 1803 1671 1871 αὐτός
1699 1828 1757 1862 τε
1787 1827 1820 1868 Β

70 1884 447 1956 διαφερόντως
466 1887 553 1940 ε’πὶ
577 1884 755 1959 τούτῳ
787 1884 1071 1957 ἠγαπήθη,
1108 1886 1199 1941 καὶ
1228 1889 1286 1942 οἱ
1311 1884 1532 1956 ὕστεροι
1562 1886 1643 1942 ἔτι
1668 1889 1759 1942 καὶ

72 1975 182 2024 νῦν
195 1967 592 2038 Πυθαγόρειον
610 1968 822 2036 τρόπον
842 1969 1276 2039 ἐπονομάζοντες
1295 1975 1398 2025 τοῦ
1417 1973 1545 2042 βίου
1559 1972 1759 2040 διαφα-

72 2062 183 2115 νεῖς
206 2071 283 2122 πῃ
302 2054 570 2106 δοκοῦσιν
588 2051 729 2106 εἶναι
746 2053 807 2107 ἐν
824 2064 936 2116 τοῖς
954 2050 1167 2118 ἄλλοις;
1209 2050 1349 2107 Οὐδ’
1380 2045 1472 2123 αὖ,
1498 2057 1623 2123 ἔφη,
1643 2072 1762 2107 τοι-

72 2140 242 2189 οῦτον
278 2129 446 2187 οὐδὲν
481 2135 708 2203 λέγεται.
757 2131 785 2188 ὁ
823 2131 932 2205 γὰρ
967 2134 1327 2204 Κρεώφυλος,
1365 2127 1410 2190 ὦ
1445 2132 1759 2203 Σώκρατες,

75 2224 223 2283 ἴσως,
244 2210 274 2269 ὁ
293 2220 394 2269 τοῦ
409 2211 655 2286 Ὁμήρου
677 2216 905 2286 ἑταῖρος,
919 2222 1021 2271 τοῦ
1040 2213 1310 2287 ὀνόματος
1328 2211 1401 2272 ἀν
1418 2215 1763 2286 γελοιότερος

74 2302 151 2352 ἔτι
180 2293 319 2364 πρὸς
347 2298 599 2351 παιδείαν
634 2303 853 2368 φανείη,
891 2302 943 2353 εἰ
969 2297 1035 2353 τά
1066 2298 1339 2369 λεγόμενα
1369 2300 1491 2366 περὶ
1520 2294 1764 2368 Ὁμήρου

75 2376 278 2447 ἀληθῆ.
314 2382 530 2448 λέγεται
550 2379 676 2448 γάρ,
702 2377 777 2444 ὥς
795 2379 972 2451 πολλή
990 2402 1070 2445 τις
1088 2377 1310 2452 ἀμέλεια
1341 2383 1466 2452 περὶ
1497 2377 1672 2436 αὐτὸν
1689 2372 1765 2449 ἦν

75 2456 162 2514 ἐπ’
186 2456 364 2513 αὑτοῦ
385 2458 620 2526 ἐκείνου,
643 2458 733 2515 ὅτε
765 2465 868 2532 ἔζη.

219 2543 297 2594 lv,
337 2541 568 2611 Λέγεται
586 2539 694 2611 γὰρ
714 2535 838 2610 οὖν,
857 2535 929 2613 ἦν
950 2540 1002 2598 δ’
1032 2542 1154 2613 ἐγώ.
1191 2541 1313 2599 ἀλλ’
1349 2550 1468 2612 οἴει,
1500 2536 1544 2598 ὦ
1570 2540 1760 2599 Γλαύ-
1791 2560 1823 2604 c

76 2644 210 2691 κων,
229 2627 280 2678 εἰ
295 2630 373 2697 τῷ
391 2622 513 2679 ὄντι
534 2619 648 2689 οἷός
667 2622 718 2680 τ’
744 2618 816 2695 ἦν
836 2623 1120 2680 παιδεύειν
1151 2624 1496 2695 ἀνθρώπους
1510 2624 1606 2682 και
1631 2628 1764 2700 53⁶).-

76 2710 226 2770 τίους
246 2703 655 2777 ἀπεργάζεσθαι
678 2706 938 2779 Ὅμηρος,
962 2706 1055 2763 ἅτε
1088 2710 1213 2777 περὶ
1241 2707 1458 2764 τούτων
1483 2705 1555 2764 οὐ
1585 2718 1768 2779 μιμεῖ·-

76 2794 213 2842 σθαι
249 2785 387 2843 ἀλλὰ
425 2788 758 2858 γιγνώσκειν
794 2789 1123 2861 δυνάμενος,
1151 2787 1256 2846 οὐκ
1289 2786 1385 2859 ἄρ’
1423 2784 1496 2846 ἀν
1525 2789 1769 2855 πολλοὺς

77 2868 326 2937 ἒταίρους
344 2870 637 2941 ἐποιήσατο
666 2874 756 2927 καὶ
786 2873 1003 2942 ἐτιμᾶτο
1034 2873 1125 2928 καὶ
1146 2869 1397 2943 ἠγαπᾶτο
1416 2867 1516 2926 ὑπ’
1549 2868 1767 2935 αὐτοὺς
