1962 3236
276 130 383 182 428
892 91 1366 182 ΠΛΑΤῼΝΟΣ
1879 144 1962 186 110

221 278 252 318 c
283 259 427 321 οὖσα
458 287 523 320 τα
556 286 614 320 τε
642 264 745 334 ὅρη
774 262 1061 334 γηλόφους
1087 261 1491 336 ὑψηλούςεῖχε,
1518 270 1609 321 καὶ
1636 267 1703 322 τὰ
1734 274 1962 337 φελλέας

278 352 389 403 νῦν
407 345 794 416 ὀνομασθέντα
813 350 975 401 πεδία
994 345 1175 417 πλήρη
1197 352 1298 418 γῆς
1328 352 1541 418 πιείρας
1570 351 1842 420 ἐκέκτητο,
1873 352 1962 406 καὶ

277 427 492 498 πολλὴν
511 430 572 482 ἐν
592 437 705 492 τοῖς
722 425 910 498 ὄρεσιν
928 426 1073 498 ὕλην
1100 426 1261 499 εἶχεν,
1291 423 1356 499 ἧς
1384 431 1477 486 καὶ
1505 437 1614 485 νῦν
1639 434 1716 486 ἔτι
1747 431 1962 503 φανερὰ

277 510 558 581 τεκμήρια.
593 515 707 564 τῶν
723 506 832 579 γάρ
868 506 1022 580 ὀρῶν
1047 513 1197 566 ἔστιν
1224 509 1260 565 ὁὶ
1289 518 1399 567 νῦν
1428 511 1528 583 μὲν
1558 516 1662 584 ἔχει
1691 519 1962 584 μελίτταις

278 593 475 664 μόναις
493 591 729 663 τροφήν,
757 591 954 663 χρόνος
974 588 1027 645 δ’
1059 590 1127 647 οὐ
1151 593 1459 664 πάμπολυς,
1480 593 1570 651 ὅτε
1593 597 1840 666 δένδρων
1860 593 1962 651 αύ-

277 674 451 730 τόθεν
472 677 547 738 εἰς
568 673 946 777 οἰκοδομησεις
962 695 1056 738 τας
1075 679 1332 745 μεγίστας
1349 679 1624 748 ἐρεψίμων
1635 681 1961 748 τμηθέντων

277 753 608 826 στεγάσματ’
630 755 779 810 ἐστὶν
798 759 875 811 ἔτι
903 761 989 810 σᾶ.
1028 757 1202 812 πολλοὶ
1233 755 1281 812 δ’
1314 751 1388 828 ἦν
1417 757 1538 814 άλλ’
1571 758 1748 830 ἥμερα
1775 753 1962 846 υψηλα

277 840 499 909 δένδρα,
529 835 709 907 νομὴν
746 834 806 892 δὲ
840 839 1185 908 βοσκημασιν
1221 835 1505 909 ἀμήχανον
1540 843 1730 910 ἔφερε·
1769 842 1859 896 καὶ
1894 827 1960 910 δη

211 935 245 975 D
277 922 369 976 καὶ
403 917 464 974 τὸ
506 916 628 974 κατ’
666 919 924 973 ἐνιαυτὸν
950 917 1106 986 ὕδωρ
1144 921 1453 989 ἐκαρποῦτο
1484 922 1543 976 ἐκ
1571 921 1727 990 Διός,
1760 920 1861 991 οὐχ
1893 918 1962 987 ῶς

274 1006 387 1056 νῦν
407 998 696 1056 ἀπολλῦσα
716 1001 846 1070 ρέον
865 996 973 1054 ἀπὸ
990 1005 1152 1069 ψιλῆς
1169 1021 1266 1069 της
1284 1006 1385 1070 γῆς
1409 1005 1485 1065 εἰς
1501 1000 1802 1071 θάλατταν,
1823 1000 1960 1057 ἀλλά

275 1079 491 1152 πολλὴν
509 1086 710 1151 ἔχουσα
735 1081 826 1136 καὶ
846 1085 922 1144 εἰς
951 1077 1129 1151 αὐτὴν
1157 1085 1581 1154 καταδεχομένη,
1614 1088 1683 1154 τῇ
1711 1087 1962 1154 κεραμίδι

276 1163 550 1235 στεγούσῃ
579 1169 652 1235 γῇ
682 1165 1139 1234 διαταμιευομένη
1161 1161 1222 1218 vd
1255 1166 1575 1219 καταποθὲν
1603 1166 1662 1219 ἐκ
1687 1170 1798 1219 τῶν
1817 1161 1962 1235 ὑψη-

275 1253 392 1302 λῶν
427 1244 584 1314 ὕδωρ
622 1249 699 1309 είς
728 1244 796 1300 τά
833 1251 991 1301 κοῖλα
1019 1242 1258 1315 ἀφιεῖσα,
1291 1244 1429 1300 κατὰ
1462 1245 1672 1310 πάντας
1706 1244 1838 1310 τοὺς
1866 1245 1962 1300 τό-

277 1349 420 1393 πους
452 1332 736 1397 παρείχετο
771 1324 1002 1396 ἄφθονα
1038 1331 1266 1396 κρηνῶν
1304 1329 1396 1381 καὶ
1430 1332 1692 1397 ποταμῶν
1727 1327 1961 1398 νάματα,

277 1402 359 1465 ῶν
395 1411 488 1464 καὶ
525 1415 634 1463 νῦν
679 1411 758 1462 ἔτι
796 1408 882 1462 ἐπὶ
915 1418 1034 1471 ταῖς
1070 1416 1267 1477 πηγαῖς
1306 1406 1578 1478 πρότερον
1616 1405 1806 1472 οὔσαις
1843 1405 1961 1477 ἱεροὶ

277 1494 602 1561 λελειμμένα
644 1492 756 1545 ἐστὶ
794 1499 1007 1559 σημεῖα,
1042 1486 1125 1543 ὅτι
1159 1489 1284 1558 περὶ
1321 1486 1493 1559 αὐτῆς
1528 1486 1714 1560 ἀληθῆ
1751 1491 1962 1558 λέγεται

275 1570 343 1628 τὰ
375 1576 502 1628 νῦν.

217 1676 250 1718 Ε
420 1657 478 1707 V.
517 1653 595 1708 Τὰ
614 1652 717 1724 μὲν
736 1644 842 1708 οὖν
865 1657 962 1723 τῆς
981 1650 1151 1721 ἄλλης
1166 1651 1346 1722 χώρας
1366 1650 1533 1721 φύσει
1552 1672 1610 1706 τε
1630 1649 1806 1716 οὕτως
1837 1649 1960 1721 εἶχε,

275 1738 370 1794 καὶ
389 1735 798 1807 διεκεκόσμητο,
822 1731 896 1799 ῶς
923 1734 1085 1803 εἰκός,
1116 1731 1226 1788 ὑπὸ
1255 1738 1520 1803 γεωργῶν
1545 1730 1648 1803 μὲν
1677 1730 1962 1803 ἀληθινῶν

275 1820 368 1875 καὶ
395 1817 755 1890 πραττόντων
788 1813 923 1871 αὐτὸ
954 1821 1136 1884 τοῦτο,
1170 1813 1489 1885 φιλοκάλων
1509 1813 1678 1869 δὲκαὶ
1712 1811 1960 1883 εὐφυῶν,

274 1908 383 1973 γῆν
401 1902 460 1958 δε
480 1899 712 1999 ἀρίστην
733 1900 824 1955 καὶ
851 1895 1056 1968 ὕδωρ’
1027 1919 1128 1968 αφ
1110 1895 1436 1952 θονωτατον
1456 1895 1696 1996 ἐχόντων
1713 1893 1853 1951 καὶ“
1822 1915 1960 1964 υπερ

275 1989 374 2056 τῆς
392 1989 492 2055 γῆς
512 1981 660 2051 ὥρας
677 1980 1016 2053 μετριώτατα
1035 1981 1399 2050 κεκραμένας·
1433 1977 1495 2033 τὰ
1528 1975 1576 2033 δ’
1612 1975 1751 2032 άστυ
1781 1996 1961 2048 κατω-

225 2083 227 2089 ’
277 2069 546 2136 κισμένον
570 2056 671 2120 ὧδ’
702 2057 775 2134 ἦν
806 2066 868 2119 ἐν
897 2068 977 2135 τῷ
1005 2059 1129 2116 τότε
1159 2061 1359 2133 χρόνῳ.
1397 2065 1619 2161 nnptfitov
1646 2056 1746 2126 μὲν
1776 2053 1835 2111 τὸ
1867 2062 1961 2125 τῆς

277 2146 630 2217 ἀκροπόλεως
658 2144 766 2215 εἶχε
789 2144 911 2199 τότε
939 2164 1041 2212 ουχ
1078 2140 1152 2205 ῶς
1185 2139 1252 2195 τὰ
1281 2146 1390 2195 νῦν
1418 2144 1540 2210 ἔχει.
1580 2145 1689 2194 νῦν
1724 2138 1824 2207 μὲν
1852 2137 1959 2206 γὰρ

162 2246 246 2290 112
274 2233 370 2300 μία
389 2230 659 2298 γενομένη
680 2225 780 2291 νύξ
799 2222 945 2295 ὑγρὰ
968 2222 1351 2326 διαφερόντως
1358 2227 1459 2291 γῆς
1482 2217 1657 2289 αὐτὴν
1675 2218 1844 2288 ψιλὴν
1863 2236 1960 2271 πε-

277 2309 539 2382 ριτήξασα
559 2312 841 2378 πεποίηκε,
860 2311 1102 2376 σεισμῶν
1127 2303 1239 2374 ἅμα
1265 2305 1355 2359 καὶ
1374 2300 1480 2371 πρὸ
1512 2308 1667 2372 τῆς
1625 2300 1711 2356 ἐπὶ
1739 2306 1961 2356 Δευκα-

276 2396 474 2456 λίωνος
493 2395 718 2462 φθορᾶς
737 2393 929 2491 τρίτου
947 2387 1232 2456 πρότερον
1238 2383 1441 2448 ὕδατος
1460 2385 1700 2449 ἐξαισίου
1730 2381 1962 2450 γενομέ-

276 2470 509 2528 νου·τό
534 2471 594 2527 δὲ
613 2472 754 2577 πριν
764 2472 824 2526 έν
843 2471 1008 2543 ἑτέρῳ
1031 2467 1214 2541 χρόνω
1237 2468 1475 2538 μέγεθος
1493 2486 1595 2535 μεν
1611 2484 1685 2534 ην
1704 2461 1840 2532 πρὸς
1865 2458 1962 2515 τὸν

271 2554 572 2627 Ἠριδανὸν
590 2557 681 2611 καὶ
698 2552 797 2610 τὸν
822 2551 1019 2609 Ἰλισὸν
1047 2549 1430 2623 άποβεβηκυῖα
1458 2548 1550 2604 καὶ
1580 2550 1962 2614 περιειληφυῖα

275 2636 432 2703 ἐντὸς
462 2636 566 2708 τὴν
591 2635 793 2691 Πύκνα
823 2635 915 2690 καὶ
944 2630 1044 2689 τὸν
1063 2630 1429 2702 Λυκαβηττὸν
1456 2627 1593 2699 ὅρον
1621 2628 1679 2681 ἐκ
1711 2628 1814 2680 τοῦ
1831 2642 1962 2677 κατ-

275 2717 512 2791 αντικρὺ
543 2724 639 2789 τῆς
666 2714 894 2782 Πυκνός
912 2719 1129 2785 ἔχουσα,
1148 2712 1360 2784 γεώδης
1380 2707 1433 2766 δ’
1454 2703 1526 2781 ἦν
1542 2714 1690 2764 πᾶσα
1708 2705 1799 2760 καὶ
1818 2703 1962 2771 πλὴν

277 2802 484 2872 ὀλίγων
514 2804 768 2864 ἐπίπεδος
798 2798 1039 2854 άνωθεν.
1078 2795 1270 2871 ᾠκεῖτο
1301 2795 1359 2850 δε
1389 2792 1455 2848 τὰ
1483 2813 1584 2863 μεν
1609 2791 1835 2854 ἔξωθεν,
1861 2779 1959 2839 ὑπ’
