1962 3236
652 165 1123 214 ΠΟΛΙΤΕΙΑΣ
1149 157 1208 211 α’.
1693 161 1762 213 25

87 307 223 354 σθαι
245 298 377 364 τοὺς
394 297 769 370 δημιουργούς
796 296 904 352 ἀπὸ
933 301 1036 351 τοῦ
1054 302 1442 367 προσχρῆσθαι
1460 301 1525 368 τῇ
1544 304 1729 365 μισθω

87 386 212 452 τικῇ
239 381 402 451 τέχνῃ
429 386 721 449 γίγνεσθαι
749 374 950 442 αὐτοῖς.
1005 379 1231 448 ,Ξυνέφη
1262 376 1435 446 μόγις.
1494 373 1614 431 Οὐκ
1653 376 1762 446 άρα

90 458 200 515 ἀπὸ
233 466 328 531 τῆς
356 458 534 515 αὑτοῦ
558 461 750 529 τέχνης
779 460 987 532 ἑκάστῳ
1018 457 1158 528 αὕτη
1187 455 1221 530 ἡ
1252 455 1490 528 ὠφέλειά
1510 459 1683 526 ἐστιν,
1723 453 1757 528 ἡ
1789 472 1824 514 D
1904 504 1914 515 .

91 548 191 596 τοῦ
210 548 422 612 μισθοῦ
440 546 619 610 λῆψις,
642 538 785 605 ἄλλ’,
807 545 858 595 εἰ
872 544 959 596 δεῖ
970 539 1210 612 ἀκριβῶς
1229 546 1558 596 σκοπεῖσθαι
1569 537 1638 611 ,ἡ
1660 541 1762 610 μὲν

91 620 305 692 ἰατρικὴ
324 619 539 691 ὑγίειαν
557 630 726 686 ποιεῖ,
763 617 798 691 ἡ
827 621 887 676 δὲ
918 619 1323 692 μισθαρνητικὴ
1342 621 1578 692 μισθόν,
1617 617 1761 691 καὶὴ

87 703 189 774 μὲν
209 699 525 773 οἰκοδομικὴ
547 706 754 767 οἰκίαν,
796 700 830 772 ἡ
861 700 919 756 δὲ
937 701 1341 774 μισθαρνητικὴ
1363 700 1503 775 αὐτῇ
1523 702 1761 772 ἑπομένη

85 785 321 856 μισθόν,
340 786 432 840 καὶ
451 787 513 840 αἱ
537 783 698 839 ἄλλαι
718 790 888 839 πᾶσαι
907 780 1054 838 οὕτω
1068 802 1080 814 ·
1099 785 1159 839 τὸ
1181 783 1352 855 αὐτῆς
1371 785 1571 856 ἑκάστη
1597 789 1762 854 ἔργον
1806 802 1811 806 ·

84 867 361 937 ἐργάζεται
379 868 470 922 καὶ
498 863 705 935 ὠφελεῖ
721 868 929 936 ἐκεῖνο,
964 864 1055 935 ἐφ’
1079 859 1127 939 ᾦ
1154 869 1417 922 τέτακται.
1455 865 1555 922 ε’ἂν
1593 866 1651 922 δὲ
1685 865 1758 936 μὴ

85 947 286 1017 μισθὸς
316 946 459 1020 αὐτῇ
485 954 878 1018 προσγίγνηται
891 990 904 1014 ,
946 946 1071 1003 ἔσθ’
1110 945 1143 1002 δ’
1177 970 1230 1002 τι
1266 945 1555 1018 ὠφελεῖται
1590 944 1618 1001 ὁ
1661 951 1762 1017 δη-

84 1029 348 1099 μιουργὸς
376 1026 484 1083 άπὸ
515 1033 611 1098 τῆς
638 1031 851 1097 τέχνης;
909 1026 994 1084 Οὐ
1023 1034 1302 1098 φαίνεται,
1341 1032 1461 1099 ἔφη.
1506 1021 1620 1096 Ἆρ’
1655 1021 1760 1083 οὖν

85 1106 209 1164 οὐδ’
230 1106 436 1178 ὠφελεῖ
457 1108 607 1174 τότε,
650 1106 786 1162 ὅταν
814 1120 1016 1175 προῖκα
1034 1109 1343 1179 ἐργάζηται;
1385 1109 1549 1180 Οἶμαι
1569 1113 1750 1180 ἔγωγε.
1788 1124 1821 1164 Ε

90 1188 345 1258 Οὐκοῦν,
385 1182 431 1244 ὦ
460 1188 820 1259 Θρασύμαχε,
859 1195 1023 1245 τοῦτο
1052 1190 1156 1261 ἤδη
1180 1196 1377 1262 δῆλον,
1417 1190 1500 1247 ὅτι
1530 1190 1758 1261 οὐδεμία

84 1277 247 1342 τέχνη
265 1270 395 1326 οὐδὲ
418 1268 555 1341 άρχὴ
586 1269 646 1326 τὸ
681 1267 819 1340 αὑτῇ
849 1269 1128 1341 ὠφέλιμον
1150 1274 1574 1342 παρασκευάζει,
1614 1269 1758 1338 ἀλλ’,

84 1352 220 1422 ὅπερ
249 1352 418 1407 πάλαι
445 1354 735 1422 ἐλέγομεν,
764 1350 824 1406 τὸ
844 1358 922 1426 τῷ
944 1350 1226 1426 ἀρχομένῳ
1246 1355 1337 1411 καὶ
1356 1354 1759 1425 παρασκευάζει

86 1435 177 1490 καὶ
208 1434 499 1500 ἐπιτάττει,
538 1431 599 1488 τὸ
632 1435 848 1488 ἐκείνου
877 1436 1162 1504 ξυμφέρον
1189 1435 1418 1507 ἥττονος
1446 1434 1606 1500 ὄντος
1625 1452 1760 1490 σκο-

83 1522 284 1585 ποῦσα,
306 1513 428 1571 ἀλλ’
455 1513 522 1570 οὐ
541 1514 600 1571 τὸ
621 1521 722 1571 τοῦ
740 1520 1064 1585 κρείττονος.
1098 1515 1188 1572 διὰ
1210 1516 1277 1588 δὴ
1297 1524 1467 1573 ταῦτα
1485 1521 1683 1588 ἔγωγε,
1717 1509 1761 1570 ὦ

85 1603 209 1666 φίλε
228 1597 585 1667 Θρασύμαχε,
628 1597 720 1651 καὶ
748 1595 871 1664 ἄρτι
891 1601 1082 1667 ἔλεγον
1101 1602 1310 1668 μηδένα
1331 1599 1545 1654 ἐθέλειν
1565 1596 1760 1653 ἑκόντα

82 1676 269 1747 ἄρχειν
283 1676 450 1734 καὶτὰ
469 1675 727 1748 ἀλλότρια
746 1676 890 1734 κακὰ
906 1683 1368 1749 μεταχειρίζεσθαι
1383 1676 1759 1750 ἀνορθοῦντα,

85 1758 224 1815 άλλᾶ
243 1758 454 1830 μισθόν
469 1765 657 1829 αἰτεῖν,
678 1758 763 1815 ὅτι
782 1758 811 1815 ὁ
830 1762 1047 1830 μέλλων
1064 1768 1247 1825 καλῶς
1264 1766 1333 1833 τῇ
1350 1763 1512 1832 τέχνῃ
1531 1760 1760 1830 πράξειν
1786 1769 1872 1818 34⁷

87 1840 349 1897 οὐδέποτε
367 1837 520 1913 αὐτῷ
538 1838 599 1895 τὸ
630 1844 913 1911 βέλτιστον
942 1842 1166 1909 πράττει
1185 1839 1310 1897 οὐδ’
1332 1842 1599 1897 ἐπιτάττει
1620 1841 1758 1897 κατὰ

86 1921 187 1994 τὴν
207 1926 404 1992 τέχνην
421 1921 746 1989 ἐπιτάττων,
787 1920 925 1978 άλλά
945 1929 1020 1996 τῷ
1044 1921 1326 1995 ἀρχομένῳ
1341 1945 1353 1955 ·
1387 1915 1469 1977 οἷν
1489 1921 1555 1993 δὴ
1577 1922 1755 1991 ἕνεκα,

84 2002 157 2068 ὦς
175 2008 335 2071 ἔοικε,
357 2000 565 2072 μισθὸν
586 2006 702 2057 δεῖν
721 2000 987 2073 ὑπάρχειν
1010 2015 1122 2067 τοῖς
1143 2008 1440 2074 μέλλουσιν
1467 2002 1757 2073 ἐθελήσειν

82 2087 297 2157 ἄρχειν.
318 2081 356 2157 ἦ
373 2083 647 2155 ἀργύριον
662 2081 699 2155 ἦ
717 2084 906 2156 τιμήν,
938 2082 974 2156 ἢ
993 2090 1213 2156 ζημίαν,
1245 2084 1346 2141 ἐὰν
1364 2083 1437 2156 μὴ
1458 2084 1610 2157 ἄρχῃ.

219 2171 348 2222 ΧΙΧ.
388 2173 516 2231 Πῶς
542 2173 707 2222 τοῦτο
738 2168 935 2236 λέγεις,
977 2161 1023 2222 ὦ
1042 2167 1362 2238 Σώκρατεςς
1397 2169 1501 2237 ἔφη
1523 2163 1551 2221 ὁ
1573 2166 1754 2221 Γλαύ·

87 2270 215 2304 κων.
238 2246 368 2313 τούς
385 2250 486 2319 μὲν
504 2246 614 2318 γὰρ
635 2247 738 2303 δύο
758 2247 998 2318 μισθούς
1015 2249 1305 2319 γιγνώσκω
1321 2270 1332 2282 ·
1364 2247 1466 2318 τὴν
1486 2247 1546 2304 δὲ
1565 2252 1759 2318 ζημίαν

83 2327 282 2399 ἥντινα
301 2334 474 2400 λέγεις
493 2332 582 2385 καὶ
602 2327 675 2394 ὦς
694 2332 755 2385 ἐν
773 2337 985 2399 μισθοῦ
1000 2332 1150 2400 μέρει
1172 2338 1418 2400 εἴρηκας,
1440 2326 1510 2383 οὐ
1529 2333 1754 2399 ξυνῆκα.

91 2410 203 2466 Τὸν
227 2418 339 2466 τῶν
357 2416 652 2482 βελτίστων
679 2410 784 2478 ἄρα
803 2413 1028 2481 μισθόν,
1050 2416 1219 2483 ἔφην,
1242 2408 1311 2467 οὐ
1332 2415 1556 2478 ξυνιεῖς,
1593 2407 1665 2465 δι’
1691 2406 1759 2464 ὃν
1787 2416 1819 2458 Β

84 2489 352 2560 ἄρχουσιν
385 2494 442 2545 οἱ
465 2493 876 2563 ἐπιεικέστατοι,
913 2491 1048 2548 ὅταν
1070 2495 1338 2548 ἐθέλωσιν
1357 2491 1560 2562 ὄὶρχειν.
1599 2486 1758 2561 ἢούκ

90 2569 256 2626 οἶσθα
269 2613 284 2640 ,
326 2570 410 2626 ὅτι
435 2570 496 2626 τὸ
518 2573 812 2642 φιλότιμόν
831 2595 887 2628 τε
907 2576 996 2629 καὶ
1017 2575 1368 2644 φιλάργυρον
1388 2571 1526 2627 εἶναι
1545 2570 1755 2636 ὄνειδος

87 2655 304 2723 λέγεταί
328 2674 386 2707 τε
418 2654 507 2708 καὶ
536 2658 709 2720 ἔστιν;
729 2652 938 2725 ’Έγωγε
954 2698 969 2725 ,
1012 2661 1134 2726 ἔφη.
1190 2654 1302 2710 Διά
1338 2660 1509 2709 ταῦτα
1545 2659 1754 2722 τοίνυν,

83 2727 155 2804 ἦν
176 2731 230 2788 δ’
251 2734 376 2804 ἐγώ,
398 2734 523 2789 οὔτε
542 2736 833 2804 χρημάτων
850 2738 1009 2791 ἕνεκα
1026 2739 1321 2792 ἐθέλουσιν
1336 2735 1527 2805 ἄρχειν
1543 2737 1599 2790 οἰ
1616 2732 1756 2804 άγα-

83 2818 177 2871 θοὶ
198 2814 325 2870 οὔτε
345 2823 523 2887 τιμῆς·
546 2817 674 2872 οὔτε
694 2819 799 2887 γὰρ
818 2826 1073 2887 φανεραῖς
1093 2818 1459 2888 πραττόμενοι
1476 2823 1571 2887 τῆς
1590 2814 1758 2886 ἀρχῆς
