1962 3236
221 137 290 190 96
701 100 703 102 ¹
825 139 1298 187 ΠΛΑΤῼΝΟΣ

222 271 315 327 καὶ
335 276 664 342 φιλοσοφίας
689 267 762 341 μὴ
785 267 1035 339 ἅπτηται,
1062 267 1130 323 οὐ
1159 274 1381 339 πρῶτον
1411 269 1513 339 μὲν
1541 264 1608 325 εὖ
1635 279 1803 341 ἴσχων
1831 274 1892 331 τὸ

222 358 378 423 σῶμα
400 349 753 423 φρονήματός
772 371 828 404 τε
851 351 1154 420 καὶ’θυμοῦ
1174 351 1500 420 ἐμπίπλαται
1520 352 1610 406 καὶ
1641 349 1896 425 ἀνδρειό-

221 455 378 504 τερος
397 442 639 505 γίγνεται
660 430 825 495 αὐτὸς
843 429 1042 498 αὑτοῦ;
1076 435 1183 487 Καὶ
1206 432 1352 502 μάλα
1371 454 1447 503 γε.
1512 439 1582 489 Τί
1595 436 1690 488 δαί
1697 457 1711 500 ;
1748 438 1895 506 ἐμει-
1958 483 1962 499 .,

221 514 327 572 δᾶν
354 517 488 572 ἄλλο
519 516 692 587 μηδὲν
719 513 930 585 πράττῃ
959 513 1095 584 μηδὲ
1123 521 1367 586 κοινωνῇ
1391 513 1630 586 Μούσης
1658 519 1895 588 μηδαμῇ,
1958 530 1962 589 j

163 613 198 654 D
225 595 329 653 οὐκ
348 605 467 653 εἴτι
489 599 580 652 καὶ
598 599 732 666 ἐνῆν
749 592 925 650 αὐτοῦ
945 596 1253 666 φιλομαθὲς
1281 599 1343 651 έν
1371 602 1438 668 τῇ
1457 601 1622 667 ψυχῇ,
1654 595 1749 652 ἅτε
1769 596 1896 653 οὔτε
1959 612 1962 674 g

221 677 548 748 μαθήματος
564 676 871 748 γευόμενον
898 673 1127 741 οὐδενὸς
1150 674 1277 732 οὔτε
1302 677 1618 749 ζητήματος,
1648 675 1774 733 οὔτε
1800 678 1897 734 λό-
1958 680 1962 734 ἶ

220 780 328 830 γον
358 764 615 830 μετίσχον
649 757 779 814 οὔτε
815 763 912 828 τῆς
948 758 1115 828 ἄλλης
1142 764 1427 829 μουσικῆς,
1454 757 1688 824 ἀσθενές
1713 781 1772 815 τε
1806 763 1901 816 καὶ
1957 768 1962 830 ζ

221 840 417 913 κωφὸν
448 843 539 897 καὶ
568 839 784 911 τυφλὸν
809 845 1071 910 γίγνεται,
1108 838 1204 894 ἅτε
1241 839 1345 894 οὐκ
1385 841 1738 911 ἐγειρόμενον
1766 841 1898 897 οὐδὲ
1956 861 1962 913 j

221 923 568 994 τρεφόμενον
596 921 728 978 οὐδὲ
759 923 1283 991 διακαθαιρομένων
1311 926 1425 975 τῶν
1457 922 1775 993 αἰσθήσεων
1795 921 1899 977 αὐ-
1959 970 1962 974 ⁴

221 1010 351 1072 τοῦς
393 1003 605 1074 Οὕτως,
635 1008 756 1074 ἔφη.
794 1000 1114 1071 Μισολόγος
1139 1000 1225 1072 δή,
1257 999 1421 1072 οἶμαι,
1451 999 1480 1056 ὁ
1503 1009 1750 1068 τοιοῦτος
1777 1011 1893 1074 γίγ-

221 1107 374 1141 νεται
403 1088 494 1141 καὶ
523 1083 786 1156 ἄμουσος,
815 1086 907 1139 καὶ
935 1090 1128 1138 πειθοῖ
1152 1082 1254 1153 μὲν
1283 1082 1374 1137 διὰ
1403 1085 1588 1153 λόγων
1618 1081 1786 1140 οὐδὲν
1819 1088 1898 1141 ἔτι
1956 1110 1962 1145 1

163 1189 198 1229 E
218 1174 429 1238 χρῆται,
468 1171 562 1240 βίᾳ
595 1166 653 1222 δὲ
689 1167 781 1221 καὶ
810 1162 1088 1236 ἀγριότητι
1111 1163 1295 1236 ὥσπερ
1320 1170 1524 1236 θηρίον
1552 1163 1691 1237 πρὸς
1721 1165 1899 1222 πάντα

226 1247 668 1320 [διαπράττεται],
690 1248 781 1302 καὶ
800 1248 862 1302 ἐν
880 1243 1094 1318 ἀμαθίᾳ
1111 1246 1204 1300 καὶ
1225 1244 1504 1317 σκαιότητι
1519 1245 1653 1317 μετοὶ
1675 1243 1896 1316 ἀρρυθ-
1959 1255 1962 1310 j

222 1334 348 1400 μίας
375 1351 434 1384 τε
461 1332 553 1385 καὶ
586 1328 897 1399 ἀχαριστίας
927 1332 1003 1399 ζῇ.
1052 1326 1433 1397 Παντάπασιν,
1463 1322 1499 1398 ἦ
1530 1326 1583 1382 δ’
1616 1327 1695 1397 ὅς,
1724 1326 1899 1394 οὕτως
1958 1346 1962 1354 ’·

221 1414 340 1480 ἔχει.
393 1407 507 1465 Ἐπὶ
537 1410 602 1480 δὴ
634 1406 727 1464 δύ’
762 1408 886 1464 ὅντε
915 1407 1110 1476 τούτω,
1150 1405 1221 1472 ὡς
1248 1412 1407 1479 ἔοικε,
1447 1408 1551 1464 δύο
1581 1411 1740 1479 τέχνα
1760 1408 1900 1465 θεὸν

222 1488 385 1560 ἔγωγ’
412 1489 484 1546 ἄν
516 1512 642 1545 τινα
675 1495 847 1561 φαίην
879 1492 1176 1544 δεδωκέναι
1193 1499 1305 1553 τοῖς
1334 1486 1671 1559 ἀνθρώποις,
1703 1506 1898 1560 μουσι-
1950 1494 1962 1522 *⁴

219 1570 326 1642 κήν
341 1593 400 1628 τε
418 1573 510 1628 καὶ
527 1569 913 1643 γυμναστικὴν
932 1573 1017 1626 ἐπὶ
1046 1567 1106 1625 τὸ
1133 1570 1427 1640 θυμοειδὲς
1454 1573 1545 1626 καὶ
1571 1568 1631 1626 τὰ
1666 1570 1898 1641 φιλόσο-

221 1673 350 1723 φον,
372 1651 476 1709 οὐκ
498 1654 585 1709 ἐπὶ
603 1650 787 1723 ψυχὴν
806 1651 898 1707 καὶ
920 1656 1094 1722 σῶμα,
1117 1655 1167 1706 εί
1188 1649 1261 1721 μὴ
1284 1654 1334 1706 εἰ
1351 1650 1652 1723 πάρεργον,
1682 1649 1796 1708 ἀλλ’
1818 1651 1896 1708 ἐπ’

104 1755 192 1800 412
221 1736 429 1804 ἐκείνω,
461 1733 609 1799 ὅπως
627 1730 699 1789 ἀν
731 1731 992 1803 ἀλλήλοιν
1025 1737 1486 1803 ξυναρμοσθῆτον
1515 1735 1899 1804 ἐπιτεινομένω

220 1817 313 1871 καὶ
343 1814 612 1886 ἀνιεμένω
642 1818 798 1886 μέχρι
826 1821 928 1870 τοῦ
963 1813 1357 1886 προσήκοντος.
1414 1816 1524 1870 Καὶ
1558 1813 1664 1887 γὰρ
1702 1819 1897 1887 ἔοικεν,

222 1900 342 1967 ἔφη.
369 1894 482 1952 Τὸν
501 1893 739 1953 κάλλιστ’
760 1893 868 1967 ἄρα
888 1900 1124 1967 μουσικῇ
1148 1893 1531 1967 γυμναστικὴν
1551 1895 1899 1967 κεραννύντα

221 1981 315 2032 καὶ
333 1978 670 2049 μετριώτατα
699 1983 764 2048 τῇ
795 1981 943 2047 ψυχῇ
973 1979 1378 2047 προσφέροντα,
1403 1983 1604 2032 τοῦτον
1633 1973 1892 2047 ὀρθότατ’

222 2054 294 2113 ἀν
315 2070 520 2129 φαῖμεν
541 2057 681 2113 εἶναι
700 2059 896 2121 τελέως
924 2057 1340 2127 μουσικώτατον
1367 2057 1458 2112 καὶ
1487 2055 1897 2128 εὐαρμοστότα-

221 2159 336 2207 τον,
357 2137 503 2194 πολύ
522 2144 738 2209 μᾶλλον
755 2134 791 2208 ἦ
810 2136 911 2192 τὸν
927 2138 1021 2202 τὰς
1039 2135 1242 2208 χορδὰς
1269 2134 1532 2208 ἀλλήλαις
1553 2139 1896 2203 ξυνιστάντα.

222 2218 464 2284 Εἰκότως
492 2216 568 2288 γ’,
607 2222 729 2290 ἔφη,
770 2210 815 2274 ὦ
841 2217 1149 2288 Σώκρατες.
1191 2216 1422 2274 Οὐκοῦν
1452 2220 1542 2275 καὶ
1569 2223 1630 2275 ἐν
1658 2226 1724 2291 τῇ
1744 2218 1898 2275 πόλει

219 2297 368 2370 ἡμῖν,
391 2292 437 2355 οἷ
452 2298 744 2370 Γλαύκων,
783 2299 965 2372 δεῄσει
983 2305 1084 2356 τοῦ
1113 2300 1371 2356 τοιούτου
1390 2299 1538 2366 τινὰς
1571 2298 1655 2356 ἀεὶ
1677 2300 1898 2356 ἐπιστά-

163 2403 196 2444 Β
219 2402 338 2451 του,
370 2385 420 2437 εἰ
445 2384 628 2453 μέλλει
663 2380 698 2452 ἡ
736 2387 980 2438 πολιτεία
1015 2383 1317 2448 σώζεσθαις
1373 2382 1580 2454 Δεήσει
1603 2385 1790 2454 μέντοι
1828 2380 1899 2448 ὡς

221 2458 342 2518 οἷόν
358 2466 419 2518 τέ
435 2485 498 2533 γε
515 2463 766 2534 μάλιστα.

359 2548 488 2600 ΧΙΧ.
547 2547 620 2600 Οἱ
643 2549 744 2616 μὲν
773 2544 838 2616 δὴ
872 2546 1037 2601 τύποι
1062 2552 1159 2617 τῆς
1192 2549 1436 2611 παιδείας
1473 2568 1531 2602 τε
1565 2548 1656 2602 καὶ
1690 2553 1898 2618 τροφῆς

222 2618 375 2681 οὗτοι
397 2624 468 2683 ἂν
487 2626 613 2684 εἶεν.
659 2633 874 2699 χορείας
902 2626 1009 2700 γὰρ
1032 2633 1088 2684 τί
1101 2628 1172 2683 ἄν
1195 2650 1274 2694 τις
1296 2630 1482 2694 διεξίοι
1499 2635 1611 2684 τῶν
1629 2627 1898 2684 τοιούτων

220 2707 312 2759 καὶ
347 2706 531 2778 θήρας
569 2731 624 2764 τε
658 2712 750 2766 καὶ
779 2712 1076 2781 κυνηγέσια
1105 2712 1196 2765 καὶ
1226 2709 1527 2781 γυμνικούς
1563 2708 1780 2778 ἀγῶνας
1805 2710 1896 2763 καὶ

223 2788 505 2855 ἶππικούς;
537 2789 734 2860 σχεδὸν
753 2791 859 2862 γάρ
882 2813 930 2846 τι
953 2795 1091 2863 δῆλα
1116 2789 1181 2862 δὴ
1213 2790 1296 2846 ὅτι
1319 2791 1534 2854 τούτοις
1555 2790 1792 2860 ἑπόμενα
1814 2794 1898 2847 δεῖ
