1962 3236
598 152 1079 200 ΠΟΛΙΤΕΙΑΣ
1110 148 1168 200 δ’.
1616 151 1720 205 107

37 292 199 341 σίων·
233 284 452 340 τούτων
469 282 521 339 δ’
544 286 607 339 ἐν
624 284 855 358 ἑκατέρᾳ
872 284 1026 339 πάνυ
1044 290 1270 355 πολλαί,
1301 281 1388 350 αἷς
1405 287 1507 342 ἐὰν
1522 287 1626 357 μὲν
1645 285 1720 351 ὦς
1747 303 1835 348 423

36 374 137 438 μιᾷ
165 367 473 436 προσφέρῃ,
503 365 710 429 παντὸς
742 361 816 420 ἂν
844 362 1126 435 ἆμάρτοις,
1152 364 1252 420 ἐὰν
1278 369 1339 423 δὲ
1370 363 1445 431 ὥς
1476 373 1721 436 πολλαῖς,

36 446 228 511 διδούς
246 446 312 502 τὰ
332 453 444 502 τοῖν
465 447 669 515 ἑτέρων
694 457 808 510 τοῖς
833 447 1035 514 ἑτέροις
1064 446 1312 518 χρήματά
1341 467 1400 502 τε
1424 448 1516 503 καὶ
1546 447 1722 503 δυνά-

37 550 157 599 μεις
174 527 210 599 ἢ
228 529 318 583 καὶ
338 525 560 594 αὐτούς,
580 526 880 595 ξυμμάχοις
898 528 1003 596 μὲν
1021 524 1104 583 ἀεὶ
1128 534 1350 593 πολλοῖς
1376 527 1586 599 χρήσει,
1615 548 1721 583 πο-

34 615 241 680 λεμίοις
259 608 313 664 δ’
335 606 555 677 ὀλίγοις.
594 607 685 661 καὶ
706 606 808 670 ἕως
826 604 948 677 ἆνὴ
970 606 1127 672 πόλις
1146 627 1234 663 σοι
1264 613 1388 681 οἰκῇ
1410 609 1719 679 σωφρόνως

36 689 112 755 ὦς
131 690 254 760 ἄρτι
289 687 511 759 ἐτάχθη,
544 693 770 758 μεγίστη
800 691 969 757 ἔσται,
1000 686 1070 743 οὐ
1098 696 1178 763 τῷ
1214 688 1528 761 εὐδοκιμεῖν
1555 693 1717 761 λέγω,

35 770 161 827 ἀλλ’
183 769 256 835 ὦς
269 768 496 840 άληθῶς
512 772 757 840 μεγίστη,
779 770 871 824 καὶ
883 766 981 823 ἐὰν
999 764 1224 843 μόνονῇ
1242 776 1433 840 χιλίων
1451 779 1563 827 τῶν
1574 791 1716 842 προ-
1783 799 1788 825 x

34 853 459 923 πολεμούντων·
500 849 649 906 οὕτω
670 850 778 921 γὰρ
796 851 1042 921 μεγάλην
1060 851 1226 906 πόλιν
1254 856 1387 921 μίαν
1414 850 1484 906 ού
1513 855 1719 925 ῥᾳδίως

36 934 163 989 οὔτε
184 931 507 1003 ε’νἝλλησιν
525 931 654 987 οὔτε
673 935 735 988 ἐν
751 932 1055 1004 βαρβάροις
1074 930 1343 1003 εὑρήσεις,
1365 933 1642 999 δοκούσας
1661 932 1720 989 δὲ
1758 952 1791 992 Β

35 1014 244 1080 πολλὰς
262 1016 352 1070 καὶ
372 1019 783 1079 πολλαπλασίας
812 1021 907 1085 τῆς
933 1014 1277 1085 τηλικαύτης.
1311 1009 1349 1084 ἦ
1379 1013 1560 1079 ἄλλως
1587 1023 1716 1082 οἴεις

38 1094 125 1152 Οὐ
143 1095 219 1167 μὰ
239 1096 339 1152 τὸν
353 1095 446 1152 Δί’
450 1101 608 1166 ,.ἔφη

179 1181 262 1231 111.
306 1175 551 1246 Οὐκοῦν,
581 1169 655 1246 ἦν
685 1175 738 1231 δ’
774 1175 898 1245 ἐγώ,
930 1169 1094 1240 οὗτος
1123 1198 1194 1230 αν
1214 1184 1296 1246 εἰη
1317 1178 1409 1231 καὶ
1428 1176 1719 1243 κάλλιστος

34 1280 164 1328 ορος
180 1270 293 1322 τοῖς
308 1259 588 1329 ἡμετέροις
607 1255 889 1327 άρχουσιν,
911 1257 1052 1328 ὅσην
1064 1261 1151 1312 δεῖ
1162 1257 1223 1311 τὸ
1235 1259 1473 1326 μέγεθος
1490 1256 1593 1328 τήν
1612 1259 1718 1313 πό-

35 1350 125 1398 λιν
142 1348 425 1396 ποιεῑσθαι
443 1341 535 1395 καὶ
554 1337 717 1411 ἡλίκῃ
735 1339 876 1412 οὕση
897 1338 1039 1410 οσην
1063 1338 1250 1409 χώραν
1270 1336 1718 1409 ἀφορισαμένους

36 1422 139 1493 τὴν
162 1421 336 1492 αλλην
353 1428 563 1492 χαίρειν
584 1424 697 1493 ε’ᾇν.
739 1426 848 1489 Τίς,
870 1419 1037 1492 ἔφη,
1016 1419 1172 1487 όρος;
1215 1419 1381 1490 Οἶμαι
1406 1424 1526 1490 μέν,
1555 1442 1630 1491 ην
1662 1418 1714 1475 δ’

35 1504 161 1573 ἐγώ,
184 1505 346 1559 τόνδε
360 1525 371 1536 ·
407 1507 563 1574 μέχρι
582 1495 653 1558 οὗ
670 1499 744 1558 ἂν
762 1506 930 1575 ἐθέλῃ
950 1500 1225 1572 αὐξομένη
1247 1500 1387 1557 εἶναι
1413 1507 1528 1572 μιά,
1560 1503 1717 1573 μέχρι

36 1587 238 1641 τούτου
257 1585 464 1654 αὔξειν,
496 1589 634 1653 πέρα
658 1584 717 1639 δὲ
735 1585 826 1656 μή.
864 1586 973 1640 Καὶ
1004 1590 1187 1647 καλῶς
1214 1583 1287 1653 γ’,
1321 1587 1442 1654 ἔφη.
1486 1581 1717 1639 Οὐκοῦν
1762 1606 1793 1647 c

32 1670 125 1723 καὶ
143 1674 306 1722 τοῦτο
332 1659 406 1721 αὖ
424 1665 558 1722 ἄλλο
588 1666 911 1736 πρόσταγμα
942 1678 1053 1730 τοῖς
1083 1664 1287 1735 φύλαξι
1316 1665 1714 1735 προστάξομεν,

0 1766 1 1770 ’
31 1750 334 1820 φυλάττειν
352 1749 515 1804 παντὶ
543 1748 749 1822 τρόπω,
778 1746 928 1812 ὅπως
955 1748 1089 1818 μήτε
1111 1748 1312 1816 σμικρὰ
1334 1745 1368 1818 ἡ
1388 1748 1548 1812 πόλις
1566 1751 1716 1803 ἔσται

0 1887 1 1890 ,
33 1831 170 1904 μήτε
189 1831 399 1902 μεγάλη
420 1835 685 1898 δοκοῦσα,
706 1829 846 1885 ἀλλά
866 1852 947 1895 τις
966 1830 1129 1899 ἱκανὴ
1150 1831 1240 1885 καὶ
1269 1836 1379 1899 μία.
1433 1831 1542 1884 Καὶ
1562 1833 1715 1899 φαῦ-

30 1914 135 1969 λόν
151 1909 232 1982 γ’,
252 1916 376 1982 ἔφη,
398 1918 529 1976 ἴσως
546 1910 732 1975 αὐτοῖς
752 1912 1145 1981 προστάξομεν.
1184 1914 1291 1965 Καὶ
1309 1910 1514 1966 τούτου
1531 1932 1612 1981 γε,
1641 1902 1716 1981 ἦν

30 1992 83 2051 δ’
107 1993 231 2064 ἐγώ,
251 1996 329 2048 ἔτι
348 1993 701 2062 φαυλότερον
719 1994 864 2061 τόδε,
899 2015 968 2047 ου
950 1986 1082 2047 καὶ
1110 1994 1170 2046 ἐν
1198 2013 1274 2046 τω
1305 1990 1559 2062 πρόσθεν
1587 1994 1715 2047 ἐπε-

29 2076 363 2147 μνήσθημεν
393 2078 662 2145 λέγοντες,
702 2072 776 2138 ὠς
804 2077 934 2143 δέοι,
978 2074 1076 2128 ε’άν
1103 2095 1161 2128 τε
1191 2079 1303 2128 τῶν
1333 2072 1606 2143 φυλάκων
1634 2095 1714 2139 τις

31 2162 248 2226 φαῦλος
267 2161 494 2225 ἔκγονος
511 2157 751 2226 γένηται,
784 2160 860 2219 εἰς
885 2153 1016 2219 τοὺς
1044 2152 1247 2218 ἄλλους
1267 2152 1442 2209 αὐτὸν
1460 2152 1713 2225 άποπέμν-

33 2243 258 2305 πεσθαι,
278 2236 377 2291 ἐάν
395 2234 447 2291 τ’
467 2238 526 2292 ἐκ
545 2243 658 2292 τῶν
676 2237 862 2292 ἄλλων
873 2240 1190 2306 σπουδαῖος,
1205 2241 1280 2302 εἰς
1292 2235 1423 2301 τοὺς
1440 2236 1708 2308 φύλακας.
1742 2253 1776 2293 D

32 2323 196 2372 τοῦτο
216 2317 268 2372 δ’
292 2318 551 2388 ἐβούλετο
583 2323 808 2390 δηλοῦν,
839 2317 923 2374 ὅτι
953 2323 1043 2375 καὶ
1071 2317 1202 2383 τούς
1233 2317 1438 2383 ἄλλους
1469 2324 1709 2389 πολίτας,

33 2399 173 2469 πρὸς
190 2396 223 2451 ὅ
242 2420 321 2462 τις
340 2401 571 2469 πέφυκε,
593 2399 730 2468 πρὸς
749 2407 913 2456 τοῦτο
936 2402 1033 2455 ἕνα
1055 2398 1193 2471 πρὸς
1215 2403 1275 2455 ἓν
1294 2402 1528 2456 ἕκαστον
1546 2405 1711 2470 ἔργον

35 2485 122 2535 δεῖ
136 2485 393 2549 κομίζειν,
414 2478 565 2546 ὅπως
583 2478 656 2536 ἄν
675 2485 736 2537 ἓν
755 2481 815 2538 τὸ
837 2481 1014 2538 αὐτοῦ
1032 2482 1372 2553 ἐπιτηδεύων
1389 2484 1618 2546 ἕκαστος
1635 2483 1709 2552 μὴ

32 2569 243 2628 πολλοί,
265 2559 403 2617 ἀλλὰ
426 2557 502 2626 εἷς
520 2567 787 2633 γίγνηται,
811 2565 902 2618 καὶ
922 2562 1071 2618 οὕτω
1103 2563 1169 2634 δὴ
1203 2563 1459 2634 ξύμπασα
1488 2561 1522 2633 ἡ
1554 2563 1712 2629 πόλις

29 2653 125 2713 μία
148 2643 373 2713 φύηται,
406 2640 541 2697 ἀλλὰ
565 2642 638 2713 μὴ
666 2649 874 2699 πολλαί.
910 2643 1062 2699 ’Ἐστι
1087 2645 1213 2714 γάρ,
1244 2650 1370 2715 ἔφη,
1390 2651 1552 2699 τοῦτο
1573 2646 1714 2699 ἐκεί-

32 2745 138 2779 νου
159 2725 540 2794 σμικρότερον.
583 2724 773 2794 Οὕτοι,
802 2718 874 2795 ἦν
894 2724 945 2780 δ’
966 2725 1093 2794 ἐγώ,
1125 2719 1169 2781 ὦ
1188 2725 1354 2795 ·’γαθὲ
1380 2723 1710 2796 Ἀδείμαντε,

33 2802 105 2870 ὥς
127 2806 334 2871 δόξειεν
363 2806 438 2860 ἄν
455 2829 552 2875 τις,
584 2813 757 2861 ταῦτα
787 2805 963 2862 πολλὰ
986 2809 1075 2862 καὶ
1096 2807 1307 2877 μεγάλα
1338 2805 1525 2873 αὐτοῖς
1543 2827 1713 2876 προς-
