1962 3236
167 149 269 201 102
781 132 1254 199 ΠΛΑΤῼΝΟΣ

165 282 371 338 παύσοι
389 280 611 353 αὐτούς,
631 294 964 352 κακουργεῖν
981 304 1039 337 τε
1053 281 1125 354 μὴ
1147 286 1345 353 ἐπαροῖ
1357 284 1479 350 περὶ
1500 282 1629 348 τοὺς
1642 283 1844 350 ἄλλους

109 385 146 427 1)
169 369 407 428 πολίτας.
464 365 574 419 Καὶ
600 361 826 433 άληθῶς
852 385 913 432 γε
935 363 1115 434 φήσει.
1156 362 1294 432 Ὅρα
1325 363 1411 434 δή,
1453 362 1609 419 εἷπον
1635 365 1758 435 ἐγώ,
1797 370 1846 420 εἰ

166 446 384 502 τοιόνδε
403 442 526 500 τινὰ
545 445 754 515 τρόπον
773 449 860 499 δεῖ
871 443 1076 510 αὐτοὺς
1096 450 1194 518 ζῇν
1211 466 1269 500 τε
1298 447 1390 500 καὶ
1418 449 1606 516 οἰκεῖν,
1638 451 1687 501 εἰ
1712 447 1842 515 με’λ-

166 533 328 584 λουσι
345 531 588 582 τοιοῦτοι
606 529 857 580 ἔσεσθαι·
898 533 1122 596 πρῶτον
1151 527 1254 597 μὲν
1283 525 1479 582 οὐσίαν
1510 529 1843 598 κεκτημένον

167 611 440 678 μηδεμίαν
457 610 667 678 μηδένα
686 610 847 674 ἰδίαν,
869 603 942 662 ἂν
959 605 1033 678 μὴ
1051 614 1199 663 πᾶσα
1218 606 1431 679 ἀνάγκη
1446 630 1458 641 ·
1488 612 1671 663 ἔπειτα
1691 615 1842 677 οἴκη-

168 707 259 742 σιν
278 690 370 743 καὶ
388 699 635 759 ταμιεῖον
652 689 846 758 μηδενὶ
871 687 1010 743 εἶναι
1029 687 1200 759 μηδὲν
1218 695 1491 757 τοιοῦτον,
1511 695 1587 754 εἰς
1604 686 1636 745 ὃ
1654 686 1721 744 οὐ
1741 695 1846 752 πᾶς

167 766 196 823 ὁ
218 770 563 840 βουλόμενος
581 777 796 825 εἴσεισι·
826 768 892 824 τοὶ
913 767 967 823 δ’
987 771 1282 840 ἐπιτήδεια,
1315 769 1465 826 ὅσων
1495 771 1712 826 δέονται
1741 768 1844 824 ἄν-

167 855 294 920 δρες
313 849 549 922 άθληταὶ
568 854 813 922 πολέμου
834 851 1121 921 σώφρονές
1148 873 1206 907 τε
1226 853 1316 907 καὶ
1339 850 1595 922 ἀνδρεῖοι,
1615 853 1843 921 ταξαμέ-

111 947 147 990 E
167 955 304 999 νους
323 932 472 1004 παρὰ
493 940 608 989 ταῖν
622 931 809 989 ἄλλων
829 941 1069 989 πολιτῶν
1089 937 1345 1003 δέχεσθαι
1372 932 1583 1003 μισθὸν
1608 940 1704 1003 τῆς
1733 954 1846 1002 φυ-

167 1021 339 1085 λακῆς
356 1021 642 1085 τοσοῦτον,
665 1013 803 1070 ὅσον
820 1014 954 1085 μήτε
974 1025 1241 1083 περιεῖναι
1261 1013 1445 1080 αὐτοῖς
1458 1019 1532 1079 εἰς
1542 1011 1641 1069 τόν
1660 1016 1847 1070 ἐνιαυ-

124 1159 129 1162 ,
166 1095 265 1150 τὸν
285 1096 419 1166 μήτε
438 1098 617 1151 ἐνδεῖν
631 1117 641 1127 ·
679 1101 986 1165 φοιτῶντας
1008 1096 1066 1151 δὲ
1089 1101 1164 1160 εἰς
1185 1099 1429 1161 ξυσσίτια
1450 1093 1633 1165 ὥσπερ
1654 1096 1847 1163 ἐστρα-

167 1178 608 1246 τοπεδευμένους
619 1182 778 1249 κοινῇ
798 1180 897 1247 ζῇν
913 1198 924 1208 ·
945 1181 1173 1247 χρυσίον
1197 1179 1255 1231 δὲ
1276 1178 1367 1232 καὶ
1385 1175 1656 1247 άργύριον
1676 1179 1844 1230 εἰπεῖν

168 1255 355 1321 αὐτοῖς
389 1255 473 1313 ὅτι
499 1266 661 1313 θεῖον
690 1257 839 1328 παρὰ
877 1264 1033 1313 θεῶν
1068 1255 1150 1313 ἀεὶ
1187 1260 1247 1313 ἐν
1280 1263 1346 1329 τῇ
1367 1263 1514 1329 ψυχῇ
1544 1261 1727 1327 ἔχουσι
1757 1258 1847 1310 καὶ

170 1337 338 1393 οὐδὲν
357 1341 722 1407 προσδέονται
743 1344 844 1394 τοῦ
865 1337 1240 1411 ἀνθρωπείου,
1267 1337 1400 1395 οὐδὲ
1423 1337 1548 1394 ὅσια
1574 1336 1677 1409 τὴν
1706 1339 1847 1392 ἐκεί-

166 1439 272 1474 νου
302 1425 498 1489 κτῆσιν
516 1424 585 1491 τῇ
613 1425 714 1474 τοῦ
742 1426 959 1490 θνητοῦ
988 1426 1200 1491 χρυσοῦ
1227 1420 1414 1491 κτήσει
1441 1420 1847 1490 ξυμμιγνύντας

51 1505 140 1552 417
171 1505 428 1571 μιαίνειν,
450 1499 592 1556 διότι
610 1501 785 1556 πολλοὶ
806 1504 897 1556 καὶ
916 1498 1115 1555 άνόσια
1135 1499 1337 1570 περὶτὰ
1366 1507 1478 1556 τῶν
1498 1506 1721 1557 πολλῶν
1749 1499 1848 1554 νό-

169 1597 341 1651 μισμα
358 1583 569 1652 γέγονε,
589 1579 650 1636 τὸ
674 1580 810 1652 παρ’
834 1585 1061 1646 ἐκείνοις
1082 1585 1140 1637 δὲ
1160 1578 1459 1653 ἀκήρατον·
1499 1579 1638 1638 ἄλλα
1657 1581 1850 1652 μόνοις

169 1662 356 1728 αὐτοῖς
389 1669 502 1718 τῶν
537 1665 601 1719 ἐν
635 1670 702 1735 τῇ
739 1663 897 1719 πόλει
943 1669 1407 1735 μεταχειρίζεσθαι
1449 1668 1540 1725 καὶ
1576 1663 1849 1719 ἅπτεσθαι

167 1749 381 1815 χρυσοῦ
401 1744 491 1799 καὶ
518 1741 771 1816 ἀργύρου
791 1743 859 1800 οὐ
889 1748 1067 1816 θέμις,
1089 1743 1214 1801 οὐδ’
1239 1743 1348 1801 ὑπὸ
1383 1744 1484 1802 τὸν
1515 1743 1687 1800 αὐτὸν
1716 1742 1847 1811 ‹³590—

170 1846 285 1896 φον
312 1828 454 1880 ἰέναι
486 1822 616 1881 οὐδὲ
646 1827 1031 1895 περιάψασθαι
1061 1825 1191 1882 οὐδὲ
1226 1832 1407 1882 πίνειν
1436 1829 1489 1892 ἐξ
1528 1824 1778 1896 ἀργύρου
1811 1819 1848 1893 ἦ

169 1914 398 1979 χρυσοῦ.
420 1910 512 1963 καὶ
532 1907 678 1963 οὕτω
697 1908 799 1979 μὲν
817 1908 1079 1974 σωζοιντό
1101 1906 1149 1963 τ’
1178 1904 1249 1964 ὄίν
1268 1910 1359 1964 καὶ
1382 1909 1608 1975 σώζοιεν
1626 1906 1729 1979 τὴν
1748 1905 1848 1961 πό-

170 1997 260 2046 λιν
275 2011 286 2023 ·
319 1987 487 2044 ὁπότε
508 1987 565 2044 δ’
585 1988 741 2045 αὐτοὶ
760 1997 867 2061 γῆν
886 2012 943 2044 τε
964 1994 1110 2044 ἰδίαν
1128 1993 1219 2044 καὶ
1240 1995 1412 2053 οἰκίας
1430 1992 1521 2044 καὶ
1541 1993 1848 2058 νομίσματα

169 2070 487 2141 κτήσονται,
524 2071 809 2140 οἰκονόμοι
846 2072 948 2140 μὲν
994 2073 1085 2125 καὶ
1128 2072 1364 2141 γεωργοὶ
1410 2068 1534 2124 άντὶ
1579 2066 1849 2137 φυλάκων

110 2158 146 2199 Β
170 2155 405 2220 ἔσονται,
437 2151 700 2205 δεσπόται
729 2149 781 2205 δ’
813 2153 1004 2221 ἐχθροὶ
1036 2150 1159 2206 ἀντὶ
1197 2151 1493 2221 ξυμμάχων
1523 2156 1635 2205 τῶν
1664 2149 1848 2204 ἄλλων

172 2237 417 2286 πολιταῖν
434 2230 779 2302 γενήσονται,
802 2237 1093 2301 μισοῦντες
1113 2229 1172 2285 δὲ
1192 2230 1257 2301 δὴ
1282 2235 1373 2286 καὶ
1404 2230 1730 2300 μισούμενοι
1757 2231 1849 2284 καὶ

169 2311 624 2382 ἐπιβουλεύοντες
641 2314 732 2368 καὶ
750 2313 1240 2383 ἐπιβουλευόμενοι
1270 2312 1519 2377 διάξουσι
1545 2311 1722 2367 πάντα
1749 2310 1850 2365 τὸν

170 2396 313 2463 βίον,
367 2390 512 2447 πολυ
548 2397 718 2447 πλείω
763 2415 854 2448 και
897 2399 1109 2463 μᾶλλον
1156 2391 1394 2456 δεδιότες
1436 2391 1566 2457 τοῦς
1613 2395 1776 2447 ἔνδον
1811 2386 1849 2460 ἢ

170 2470 300 2536 τούς
319 2476 528 2537 ἔξωθεν
546 2479 858 2544 πολεμίους,
884 2476 1111 2538 θέοντες
1140 2473 1244 2544 ἤδη
1275 2474 1396 2528 τότε
1426 2472 1694 2542 ἐγγύτατα
1726 2471 1834 2527 ὀλέ-

170 2561 320 2623 θρου
357 2551 520 2608 αὐτοί
551 2576 609 2609 τε
644 2556 736 2610 καὶ
769 2552 802 2624 ἡ
842 2554 977 2626 άλλη
1013 2554 1184 2619 πόλις.
1224 2555 1439 2610 τούτων
1477 2557 1582 2609 οῦν
1618 2555 1843 2608 πάντων

171 2634 351 2704 ε’νεκα,
370 2657 444 2704 ην
464 2632 514 2689 δ’
538 2635 664 2706 ἐγώ,
697 2657 891 2706 φωμεν
920 2635 1066 2691 οὕτω
1099 2640 1214 2691 δεῖν
1244 2635 1685 2691 κατεσκευάσθαι
1713 2631 1843 2696 τοὺς

172 2713 424 2782 φύλακας
452 2716 717 2785 οἰκήσεώς
745 2738 803 2771 τε
821 2719 947 2787 πέρι
966 2719 1187 2774 καὶτῶν
1208 2716 1410 2785 ἄλλων,
1437 2718 1527 2771 καὶ
1556 2722 1728 2770 ταῦτα
1747 2736 1845 2768 νο-

170 2794 584 2866 μοθετήσωμεν,
602 2793 637 2866 ἦ
657 2797 755 2868 μή;
789 2798 954 2854 Πάνυ
969 2822 1049 2869 γε,
1069 2794 1106 2870 ἦ
1134 2798 1190 2853 δ’
1217 2797 1277 2862 ὃς
1297 2796 1326 2852 ὁ
1345 2796 1630 2852 Γλαύκων.
