1962 3236
643 150 1122 200 ΠΟΛΙΤΕΙΑΣ
1148 143 1218 198 θ’.
1651 149 1755 202 263

0 185 51 531 ‚f
882 451 944 500 Θ,

212 614 249 665 1.
290 607 474 673 Αὐτὸς
500 607 567 679 δὴ
599 606 804 676 λοιπός,
835 601 908 678 ἦν
938 605 991 662 δ’
1024 608 1148 680 ἐγώ,
1188 607 1216 664 ὁ
1251 608 1582 680 τυραννικὸς
1613 608 1756 680 ἀνὴρ
1786 623 1874 687 571.

5 752 8 753 ⁷
73 694 404 759 σκέψασθαι,
426 694 544 753 πῶς
560 709 619 743 τε
638 694 959 758 μεθίσταται
979 689 1039 742 ἐκ
1064 691 1488 760 δημοκρατικοῦ,
1521 691 1756 762 γενόμε-

73 773 172 836 νός
190 793 248 827 τε
267 770 424 835 ποῖός
442 776 522 835 τίς
548 773 659 825 ἐστι
679 771 769 824 καὶ
789 776 910 824 τίνα
929 769 1142 838 τρόπον
1171 775 1249 842 ζῇ,
1281 770 1484 827 ἄθλιον
1511 769 1546 843 ἢ
1576 774 1756 843 μακά-

0 871 6 878 ’
71 874 208 919 ριον.
245 851 453 916 Λοιπὸς
473 851 580 921 γὰρ
613 845 719 906 οὖν
748 855 827 906 ἔτι
858 841 1036 919 οὗτος,
1075 855 1196 921 ἔφη.
1235 850 1402 907 Οἷσθ’
1435 846 1557 923 οὖν,
1588 848 1661 924 ἦν
1699 850 1755 908 δ’

72 935 197 1003 ε’γῶ,
227 932 259 988 ὃ
294 940 457 989 ποθῶ
487 939 592 997 ἔτι;
636 931 710 986 Τὸ
734 943 921 995 ποῖονς
956 930 1029 987 Τὸ
1061 937 1173 987 τῶν
1204 935 1535 1004 ἐπιθυμιῶν,
1562 931 1677 989 οἷαί
1698 956 1755 989 τε

71 1018 161 1070 καὶ
181 1013 308 1071 ὅσαι
337 1020 491 1082 εἰσίν,
515 1015 585 1069 οὔ
603 1035 695 1084 μοι
718 1017 995 1083 δοκοῦμεν
1018 1017 1223 1079 ἱκανῶς
1248 1019 1564 1089 διῃρῆσθαι.
1622 1017 1756 1072 τού-
1850 1075 1853 1077 ,

71 1118 172 1152 του
207 1097 273 1166 δὴ
310 1100 510 1160 ἐνδεῶς
546 1101 780 1166 ἔχοντος,
817 1094 1163 1166 ἀσαφεστέρα
1191 1100 1343 1151 ἔσται
1370 1094 1405 1167 ἡ
1436 1097 1649 1169 ζήτησις
1686 1091 1758 1154 οὗ
1789 1114 1820 1154 Β

73 1187 354 1252 ζητοῦμεν.
398 1178 644 1249 Οὐκοῦν,
665 1173 698 1249 ἦ
719 1178 771 1234 δ’
796 1178 872 1248 ὅς,
904 1176 981 1233 ἔτ’
1015 1181 1074 1234 ἐν
1093 1187 1269 1253 καλῶ;
1299 1182 1464 1235 Πάνυ
1494 1182 1596 1251 μὲν
1624 1174 1754 1236 οὖν’

71 1267 159 1318 καὶ
190 1263 384 1318 σκόπει
418 1259 474 1331 γ’
510 1258 541 1316 ὃ
577 1265 637 1316 ἐν
666 1258 857 1324 αὐταῖς
881 1260 1153 1331 βούλομαι
1191 1265 1340 1316 ἰδεῖν.
1378 1265 1491 1317 ἔστι
1522 1261 1581 1317 δὲ
1614 1260 1755 1318 τόδε.

70 1350 186 1399 τῶν
225 1342 297 1414 μή
335 1341 656 1413 ἀναγκαίων
696 1340 920 1412 ἡδονῶν
956 1363 1013 1396 τε
1050 1343 1141 1396 καὶ
1173 1344 1492 1412 ἐπιθυμιῶν
1529 1347 1762 1398 δοκοῦσί

69 1427 213 1489 τινές
232 1446 325 1495 μοι
355 1422 406 1479 εἴ
407 1446 494 1478 ναι
527 1424 857 1494 παράνομοι,
879 1427 939 1478 αἳ
963 1422 1359 1478 κινδυνεύουσι
1388 1423 1490 1493 μὲν
1512 1426 1760 1494 ἐγγίγνε-

72 1515 207 1562 σθαι
245 1511 425 1574 παντί,
463 1505 821 1575 κολαζόμεναι
849 1505 909 1560 δὲ
946 1502 1055 1560 ὑπό
1087 1526 1144 1559 τε
1173 1511 1287 1559 τῶν
1314 1504 1508 1575 νόμων
1527 1508 1620 1561 καὶ
1646 1511 1758 1560 τῶν

71 1587 375 1659 βελτιόνων
393 1588 707 1655 ἐπιθυμιῶν
725 1584 858 1655 μετὰ
877 1585 1047 1655 λόγου
1067 1588 1232 1640 ἐνίων
1250 1587 1351 1656 μὲν
1372 1583 1698 1655 ἀνθρώπων
1721 1582 1760 1656 ‘1'2'

73 1670 424 1724 παντάπασιν
445 1666 891 1723 ἀπαλλάττεσθαι
910 1666 946 1738 ἢ
967 1665 1146 1736 ὀλίγαι
1162 1674 1451 1723 λείπεσθαι
1471 1670 1562 1724 καὶ
1582 1666 1758 1723 ἀσθε-

74 1762 203 1820 νεῖς,
225 1756 338 1805 τῶν
356 1747 414 1803 δὲ
434 1748 778 1819 ἰσχυρότεραι
796 1751 884 1803 καὶ
905 1754 1142 1813 πλείους.
1180 1753 1371 1818 Λέγεις
1391 1751 1560 1805 δὲκαὶ
1586 1755 1756 1818 τίνας,
1792 1769 1823 1810 C

76 1838 197 1902 ἔφη,
221 1832 448 1896 ταύτας;
494 1829 603 1895 Τάς
621 1834 743 1897 περὶ
771 1828 870 1885 τὸν
889 1828 1091 1899 ὕπνον,
1118 1824 1191 1901 ἦν
1225 1829 1275 1885 δ’
1313 1829 1440 1901 ἐγώ,
1480 1833 1761 1902 ἐγειρομέ-

76 1935 189 1981 νας,
211 1911 348 1967 ὅταν
366 1912 426 1967 τὸ
456 1914 556 1982 μὲν
584 1911 718 1967 ἄλλο
749 1917 847 1981 τῆς
875 1918 1051 1982 ψυχῆς
1079 1912 1235 1984 εὕδῃ,
1270 1911 1408 1967 ὅσον
1443 1913 1760 1982 λογιστικὸν

74 2001 160 2048 καὶ
199 1992 408 2063 ἥμερον
444 1995 533 2047 καὶ
574 1992 746 2062 ἄρχον
783 1995 1016 2061 ἐκείνου,
1056 1990 1116 2047 τὸ
1169 1993 1228 2048 δὲ
1266 1995 1541 2063 θηριῶδές
1576 2014 1634 2048 τε
1668 1994 1759 2047 καὶ

74 2075 290 2144 ἄγριον,
311 2071 347 2145 ἦ
369 2079 536 2130 σίτων
561 2070 596 2143 ἤ
614 2076 790 2145 μέθης
810 2076 1081 2144 πλησθέν,
1112 2080 1309 2146 σκιρτᾷ
1333 2095 1391 2129 τε
1414 2077 1506 2129 καὶ
1530 2071 1759 2130 ἀπωσά-

73 2176 246 2224 μενον
264 2155 364 2210 τόν
386 2153 565 2209 ὕπνον
585 2158 714 2226 ζητῇ
746 2158 887 2210 ἰέναι
920 2157 1009 2210 καὶ
1042 2153 1461 2226 ἀποπιμπλάναι
1486 2156 1551 2210 τὰ
1584 2153 1758 2210 αὑτοῦ

75 2236 211 2306 ἤθη·
253 2232 402 2290 οἶσθ’
445 2233 529 2289 ὅτι
567 2234 746 2290 πάντα
776 2239 838 2291 ἐν
867 2243 946 2310 τῷ
973 2236 1206 2311 τοιούτῳ
1243 2243 1421 2309 τολμᾷ
1449 2249 1644 2306 ποιεῖν,
1685 2234 1758 2301 ῶς

74 2314 182 2372 ἀπὸ
207 2314 384 2385 πάσης
404 2320 705 2386 λελυμένον
735 2338 792 2373 τε
820 2321 911 2374 καὶ
941 2318 1364 2390 ἀπηλλαγμένον
1383 2318 1645 2390 αἰσχύνης
1667 2319 1759 2374 καὶ

75 2397 414 2468 φρονήσεως.
435 2402 602 2468 μητρί
615 2419 671 2453 τε
692 2397 798 2469 γὰρ
817 2403 1109 2470 ἐπιχειρεῖν
1120 2406 1446 2471 μίγνυσθαι,
1470 2398 1542 2466 ὦς
1562 2408 1749 2468 οἴεται,
1784 2415 1820 2456 D

75 2478 244 2535 οὐδὲν
278 2476 447 2545 ὀκνεῖ,
469 2477 618 2551 ἄλλω
649 2501 706 2534 τε
744 2478 963 2553 ὁτῳοῦν
998 2481 1322 2550 ἀνθρώπων
1357 2485 1449 2538 καὶ
1478 2489 1635 2537 θεῶν
1671 2484 1762 2536 καὶ

74 2564 310 2630 θηρίων,
347 2571 663 2630 μιαιφονεῖν
699 2582 756 2616 τε
795 2559 1001 2631 ὁτιοῦν,
1040 2563 1335 2633 βρώματός
1368 2584 1425 2618 τε
1461 2560 1762 2632 ἀπέχεσθαι

74 2639 335 2712 μηδενός·
375 2643 462 2695 καὶ
503 2642 580 2697 ἑνὶ
611 2642 757 2715 λόγῳ
796 2639 923 2698 οὔτε
953 2640 1142 2707 ἀνοίας
1171 2641 1338 2699 οὐδὲν
1372 2645 1601 2699 ἐλλείπει
1638 2640 1757 2699 οὔτ’

75 2720 478 2791 ἀναισχυντίας.
515 2720 899 2794 Ἀληθέστατα,
921 2728 1045 2795 ἔφη,
1066 2728 1250 2794 λέγεις.
1278 2723 1447 2780 Ὅταν
1477 2728 1539 2780 δέ
1565 2746 1645 2796 γε,
1679 2721 1763 2780 οἷ-

74 2825 188 2872 μαι,
210 2800 462 2872 ὑγιεινῶς
486 2826 564 2868 τις
585 2810 676 2876 ἔχῃ
696 2803 864 2870 αὐτὸς
884 2804 1061 2861 αὑτοῦ
1090 2808 1178 2861 καὶ
1208 2806 1534 2877 σωφρόνως,
1565 2807 1655 2862 καὶ
1686 2810 1763 2871 εἰς
