1962 3236
162 147 232 199 22
757 144 1228 193 ΠΛΑΤΩΝΟΣ

165 281 262 338 δεν
278 281 447 353 ἐθέλῃ
467 277 654 344 αὐτοῖς
674 277 967 350 ὑπηρετεῖν
985 273 1133 346 παρὰ
1153 275 1214 330 τὸ
1236 278 1473 331 δίκαιον·
1493 280 1570 348 τῷ
1593 275 1651 331 δε
1671 273 1841 349 ἀδίκω

163 360 345 418 πάντα
369 360 586 417 τούτων
605 358 868 416 τάναντία
885 356 1130 427 ὑπάρχει.
1163 356 1302 426 λέγω
1325 351 1433 427 γὰρ
1452 353 1626 424 ὅνπερ
1646 361 1754 412 νῦν
1773 360 1839 428 δη

51 456 141 501 344
168 447 388 514 ἔλεγον,
424 442 523 498 τὸν
540 441 752 513 μεγάλα
772 438 1090 509 δυνάμενον
1108 443 1472 494 πλεονεκτεῖν.
1514 442 1717 493 τοῦτον
1736 430 1843 492 οὖν

167 523 390 596 σκόπει,
420 531 572 592 εἴπερ
595 522 787 593 βούλει
806 525 1045 591 κρίνειν,
1067 515 1182 591 όσω
1204 524 1415 614 μᾶλλον
1436 522 1700 589 ξυμφέρει
1731 521 1841 590 ἰδίᾳ

166 603 317 678 αὐτῷ
353 604 551 659 ἄδικον
582 597 767 657 εἶναι
741 599 777 671 η’
793 598 854 656 τὸ
878 604 1106 655 δίκαιον.
1145 597 1369 654 πάντων
1387 599 1446 654 δε
1466 601 1638 672 ῥᾷστα
1654 598 1842 695 μαθή-

169 702 279 755 σει,
316 683 414 740 έάν
443 686 528 739 ε’πὶ
562 681 664 754 τὴν
691 681 1030 753 τελεωτάτην
1048 679 1275 736 ἀδικίαν
1303 684 1499 752 ἔλθῃς,
1546 677 1583 751 ὴ
1613 678 1712 735 τὸν
1740 679 1843 750 μὲν

168 765 507 837 ἀδικήσαντα
537 763 1032 835 εὐδαιμονέστατον
1052 772 1198 816 ποιεῖ
1205 803 1222 829 ,
1252 759 1382 826 τοὺς
1399 761 1459 817 δὲ
1477 759 1844 833 ἀδικηθέντας

167 851 259 905 καὶ
294 845 554 918 ἀδικῆσαι
590 844 693 902 οὐκ
730 842 803 900 ἀν
838 847 1132 909 ἐθέλοντας
1180 841 1572 908 ἀθλιωτάτους.
1635 848 1747 899 ἔστι
1784 842 1844 899 δὲ

167 937 331 988 τοῦτο
350 934 638 1000 τυραννίς,
668 925 704 999 ἢ
723 927 792 983 ού
812 925 951 983 κατὰ
973 923 1211 1024 σμικρὸν
1230 925 1523 995 τάλλότρια
1544 927 1636 982 καὶ
1657 925 1843 997 λάθρᾳ

168 1014 261 1068 καὶ
277 1018 371 1084 βίᾳ
391 1009 759 1106 ἀφαιρεῖται,
740 1010 830 1063 καὶ
846 1006 966 1077 ἱερὰ
984 1005 1113 1063 καὶ’
1093 1006 1217 1061 όσια
1237 1009 1328 1061 καὶ
1348 1010 1459 1062 ἴδια
1478 1008 1569 1062 καὶ
1589 1006 1841 1077 δημόσια,

27 1147 43 1162 f
106 1104 140 1145 B
172 1091 308 1148 ἀλλά
335 1090 670 1160 ξυλλήβδην·
712 1111 792 1143 ων
809 1086 903 1158 ἐφ’
924 1088 1134 1161 ἑκάστῳ
1159 1090 1309 1158 μέρει
1326 1085 1460 1143 ὅταν
1480 1109 1560 1152 τις
1580 1083 1844 1157 ἀδικήσας

168 1171 241 1244 μὴ
272 1172 450 1243 λάθῃ,
490 1174 778 1242 ζημιοῦταί
800 1191 858 1224 τε
894 1169 985 1224 καὶ
1020 1167 1205 1240 ὀνείδη
1235 1173 1341 1239 ἔχει
1371 1169 1437 1223 τά
1471 1170 1720 1238 μέγιστα·
1755 1169 1844 1224 καὶ

167 1252 274 1324 γὰρ
291 1252 568 1321 ἱερόσυλοι
583 1251 674 1306 καὶ
693 1247 1124 1320 ἀνδραποδισταὶ
1141 1251 1233 1305 καὶ
1251 1249 1572 1319 τοιχωρύχοι
1591 1250 1682 1304 καὶ
1703 1247 1845 1303 ἀπο-

169 1335 420 1405 στερηταὶ
450 1333 540 1388 καὶ
566 1332 791 1388 κλέπται
820 1334 877 1386 οἱ
900 1330 1037 1387 κατὰ
1067 1335 1203 1402 μέρη
1233 1329 1554 1395 ἀδικοῦντες
1583 1336 1696 1385 τῶν
1730 1351 1846 1385 τοι-

171 1416 354 1472 ου’των
384 1414 858 1485 κακουργημάτων
890 1419 1215 1468 καλοῦνται·
1255 1411 1480 1468 ἐπειδὰν
1514 1413 1578 1466 δέ
1600 1433 1680 1475 τις
1709 1409 1846 1478 πρὸς

171 1509 284 1563 τοῖς
311 1502 425 1552 τῶν
455 1502 694 1551 πολιτῶν
713 1495 949 1566 χρήμασι
968 1496 1057 1550 καὶ
1076 1492 1280 1558 αὐτούς
1299 1491 1846 1563 ἀνδραποδισάμενος

171 1578 542 1649 δουλώσηται,
572 1574 696 1632 ἀντὶ
714 1578 928 1631 τούτων
946 1583 1059 1631 τῶν
1078 1581 1319 1647 αἰσχρῶν
1345 1573 1637 1645 ὀνομάτων
1657 1571 1846 1631 εὐδαί-

169 1681 334 1730 μονες
353 1660 443 1714 καὶ
464 1658 724 1729 μακάριοι
744 1662 1060 1729 κέκληνται,
1103 1657 1172 1712 οὐ
1200 1658 1378 1728 μόνον
1406 1654 1514 1711 ὑπὸ
1543 1661 1655 1711 τῶν
1687 1662 1848 1710 πολι-

111 1758 142 1798 c
171 1745 286 1795 τῶν
314 1736 455 1794 ἀλλά
479 1740 570 1794 καὶ
599 1736 709 1794 ὑπὸ
740 1746 852 1794 τῶν
880 1737 1090 1809 ἄλλων,
1130 1738 1251 1794 ὅσοι
1269 1735 1340 1794 ἀν
1359 1738 1655 1793 πύθωνται
1674 1734 1847 1792 αὐτὸν

171 1818 274 1892 τὴν
301 1818 440 1890 ὅλην
472 1818 692 1875 ἀδικίαν
722 1817 1045 1891 ἠδικηκότα·
1087 1819 1156 1876 ού
1185 1819 1292 1891 γὰρ
1320 1819 1380 1875 τὸ
1403 1831 1578 1875 ποιεῖν
1598 1817 1664 1874 τὰ
1682 1818 1846 1874 ἄδικα

171 1899 310 1956 ἀλλὰ
330 1899 390 1956 τό
415 1901 645 1971 πάσχειν
667 1901 1009 1972 φοβούμενοι
1041 1899 1402 1966 ὀνειδίζουσιν
1422 1904 1478 1956 oc
1493 1898 1847 1965 ὀνειδίζοντες

171 1994 273 2052 την
294 1982 528 2058 ἀδικίαν.
569 1981 774 2049 οὕτως,
814 1975 858 2036 ὦ
887 1982 1209 2050 Σώκρατες,
1251 1982 1341 2036 καὶ
1371 1981 1726 2050 ἰσχυρότερον
1756 1981 1847 2035 καὶ

172 2063 639 2134 ἐλευθεριώτερον
668 2063 759 2118 καὶ
791 2062 1257 2132 δεσποτικώτερον
1290 2061 1474 2117 ἀδικία
1495 2061 1847 2131 δικαιοσύνης

172 2147 321 2200 ἐστὶν
339 2147 546 2208 ἱκανῶς
562 2147 880 2215 γιγνομένη,
902 2146 992 2200 καὶ
1014 2143 1151 2214 ὅπερ
1171 2146 1225 2210 ἐξ
1245 2143 1412 2214 ἀρχῆς
1430 2147 1639 2214 ἔλεγον,
1660 2141 1719 2199 τό
1746 2145 1847 2214 μὲν

171 2231 275 2283 τοῦ
305 2229 615 2294 κρείττονος
645 2229 927 2296 ξυμφέρον
955 2225 1016 2280 τὸ
1051 2229 1267 2280 δίκαιον
1295 2224 1553 2295 τυγχάνει
1573 2222 1670 2294 ὅν,
1708 2224 1768 2279 τὸ
1792 2224 1843 2279 δ’

173 2307 370 2362 ἄδικον
388 2306 566 2377 ἑαυτῷ
583 2313 909 2363 λυσιτελοῦν
927 2329 984 2363 τε
1003 2309 1095 2363 καὶ
1114 2309 1411 2378 ξυμφέρον.

106 2399 142 2443 D
312 2391 462 2444 XVII.
506 2394 692 2444 Ταῦτα
712 2387 883 2445 εἰπών
913 2387 942 2445 ὁ
965 2389 1332 2460 Θρασύμαχος
1350 2391 1410 2443 έν
1426 2393 1504 2461 νῷ
1527 2386 1669 2458 εἶχεν
1689 2386 1843 2442 ἀπιέ-

171 2492 288 2539 ναι,
331 2467 516 2541 ὥσπερ
534 2470 810 2543 βαλανεὺς
827 2467 987 2542 ἡμῶν
1005 2469 1378 2540 καταντλήσας
1397 2465 1534 2524 κατὰ
1555 2474 1666 2523 τῶν
1688 2466 1847 2523 ὤτων

171 2551 388 2621 ἀθρόον
415 2553 506 2608 καὶ
536 2553 716 2609 πολύν
739 2552 838 2609 τὸν
867 2554 1050 2623 λόγον.
1089 2548 1158 2606 οὐ
1178 2549 1290 2622 μὴν
1307 2551 1498 2607 εἴασάν
1518 2572 1582 2622 γε
1601 2549 1775 2605 αὐτὸν
1794 2552 1851 2605 οἱ

171 2633 471 2704 παρόντες,
508 2632 631 2690 ἀλλ’
664 2633 990 2706 ἠνάγκασαν
1019 2631 1322 2704 ὑπομεῖναί
1344 2655 1402 2689 τε
1434 2633 1527 2689 καὶ
1546 2645 1844 2703 παρασχεῖν

170 2720 284 2768 τῶν
305 2717 608 2785 εἰρημένων
624 2716 797 2785 λόγον
812 2738 822 2747 ·
848 2717 939 2770 καὶ
950 2715 1015 2786 δὴ
1040 2720 1210 2785 ἔγωγε
1229 2716 1318 2770 καὶ
1337 2711 1503 2777 αὐτὸς
1523 2713 1674 2768 πάνυ
1693 2714 1845 2768 ἐδεό-

172 2817 283 2865 μην
300 2816 358 2849 τε
377 2795 467 2850 καὶ
487 2794 641 2851 εἶπον
663 2791 730 2851 Ὧι
760 2797 1009 2868 δαιμόνιε
1039 2796 1396 2867 Θρασύμαχε,
1435 2790 1556 2850 οἷον
1586 2793 1843 2866 ἐμβαλών
