1962 3236
251 124 353 175 302
863 129 1334 176 ΠΛΑΤΩΝΟΣ

250 258 461 322 πόλεως
481 257 884 327 ἀπεστέλλομεν
902 257 1164 327 τοιαύτην
1185 253 1387 314 οὖσαν·
1427 259 1454 315 ὁ
1475 260 1581 331 γὰρ
1603 264 1765 334 λόγος
1781 263 1926 334 ἡμᾶς

248 338 385 410 ᾔρει.
441 345 824 410 προσείπωμεν
870 339 929 395 δὲ
972 336 1140 410 αὐτῇ,
1180 339 1254 411 μὴ
1294 347 1388 396 καί
1421 365 1545 398 τινα
1584 345 1924 415 σκληρότητα

248 418 407 492 ἡμῶν
426 423 515 475 καὶ.
535 418 825 488 οἷγροικίαν
844 426 1115 492 καταγνῷ,
1140 420 1222 474 ὅτι
1241 421 1444 477 παλαιὰ
1463 427 1564 494 μέν
1586 447 1663 488 τις
1684 424 1924 494 διαφορὰ

250 506 553 572 φιλοσοφία
574 520 631 553 τε
653 500 742 554 καὶ
763 506 1040 571 ποιητικῇ·
1076 500 1290 571 καὶγὰρ
1310 500 1343 572 ἡ
1365 509 1634 572 λακέρυζα
1666 503 1804 573 πρὸς
1835 509 1925 561 δε-

250 581 461 637 σπόταν
481 581 634 636 κύων
655 583 833 651 ἐκείνη
853 582 1257 651 κραυγαζουσα,
1279 585 1368 638 καὶ
1387 588 1555 654 μέγας
1579 588 1638 640 ἐν
1656 583 1926 656 ἀφρόνων

184 685 214 726 c
250 668 669 731 κενεαγορίαισι,
695 659 831 715 καὶὸ
855 668 966 716 τῶν
988 664 1274 731 διασόφων
1295 663 1453 734 ὅχλος
1483 671 1719 736 κρατῶν,
1749 667 1840 722 καὶ
1872 670 1926 721 οἱ

248 749 456 807 λεπτῶς
485 747 855 813 μεριμνῶντες
885 741 968 797 ὅτι
997 742 1105 812 ἄρα
1135 744 1411 816 πένονται,
1450 747 1538 800 καὶ
1577 746 1715 801 ἄλλα
1753 753 1921 817 μυρία

248 835 441 894 σημεῖα
472 830 704 887 παλαιᾶς
733 823 1105 887 ἐναντιώσεως
1132 825 1360 881 τούτων.
1407 826 1554 896 ὅμως
1577 827 1635 882 δὲ
1660 829 1918 898 εἰρήσθω,

248 903 333 959 ὅτι
351 904 504 975 ἡμεῖς
522 926 602 975 γε,
625 912 679 960 εἴ
690 927 811 959 τινα
832 908 942 973 ἔχοι
959 904 1127 972 λόγον
1148 904 1362 976 εἰπεῖνὴ
1383 909 1521 977 πρὸς
1538 905 1745 979 ἡδονὴν
1765 931 1924 981 ποιη-

249 986 372 1056 τικὴ
400 988 489 1041 καὶ
507 985 540 1055 ἡ
561 991 798 1056 μίμησις,
823 983 895 1049 ῶς
913 984 1013 1055 χρὴ
1034 983 1209 1056 αὐτὴν
1229 986 1368 1042 εἶναι
1388 991 1448 1042 ἐν
1468 989 1626 1044 πόλει
1649 987 1924 1061 εὐνομου-

248 1073 404 1140 μένῃ,
436 1066 664 1138 ἅσμενοι
693 1064 763 1121 α“ν
801 1071 1264 1167 καταδεχοίμεθα·
1300 1091 1373 1133 ως
1405 1070 1664 1140 ξύνισμέν
1701 1093 1762 1140 γε
1795 1069 1924 1142 ἡμῖν

247 1146 432 1214 αὐτοῖς
452 1151 814 1219 κηλουμένοις
834 1146 933 1202 ὑπ’
956 1147 1148 1218 αὐτῆς·
1185 1147 1322 1203 αλλοὶ
1343 1172 1449 1220 γαρ
1480 1150 1538 1204 τὸ
1564 1155 1771 1206 δοκοῦν
1789 1153 1921 1223 αλη-

244 1229 343 1294 θὲς
365 1227 464 1300 οὐχ
504 1228 661 1285 ὅσιον
688 1229 1028 1297 προδιδόναι.
1068 1223 1105 1299 ἦ
1137 1230 1263 1299 γάρ,
1285 1233 1334 1284 ῶ
1368 1236 1509 1300 φίλε,
1547 1253 1615 1286 ου
1645 1240 1803 1303 κηλεῖ
1825 1230 1922 1287 ὑπ’

185 1343 219 1383 D
246 1310 417 1381 αὐτῆς
438 1313 529 1367 καὶ
550 1311 640 1381 σύ,
661 1314 751 1366 καὶ
771 1310 1004 1380 μαλιστα
1029 1310 1163 1365 ὅταν
1193 1309 1263 1365 δι’
1304 1310 1546 1383 Ομήρου
1570 1320 1790 1385 θεωρῇς
1819 1312 1925 1368 αὐ-

243 1392 371 1463 τήν;
406 1390 565 1447 Πολύ
583 1413 659 1462 γε.
704 1390 934 1447 Οὐκοῦν
955 1396 1136 1447 δικαία
1166 1395 1311 1447 ἐστὶν
1337 1392 1481 1447 οὕτω
1502 1396 1760 1464 κατιέναι,
1785 1394 1925 1451 ἀπο-

244 1476 587 1544 λογησομένη
616 1475 675 1528 ἐν
698 1477 844 1543 μέλει
863 1472 899 1545 ἤ
927 1496 1034 1528 τινι
1062 1473 1210 1547 ἄλλῳ
1239 1475 1442 1547 μέτρῳς
1478 1474 1643 1529 Πάνυ
1671 1477 1772 1546 μὲν
1802 1471 1921 1532 οὖν.

243 1561 452 1624 Δοῖμεν
473 1556 538 1609 δέ
549 1557 614 1624 γε’
640 1575 749 1609 που
777 1551 848 1609 ἂν
877 1557 969 1609 καὶ
995 1567 1104 1619 τοῖς
1123 1555 1453 1624 προστάταις
1484 1553 1669 1626 αὐτῆς,
1703 1556 1821 1612 ὅσοι
1845 1557 1917 1628 μὴ

243 1640 528 1706 ποιητικοί,
552 1638 897 1706 φιλοποιηταὶ
917 1639 991 1706 δέ,
1020 1635 1156 1690 ἄνευ
1187 1641 1390 1706 μέτρου
1408 1636 1578 1706 λόγον
1598 1634 1733 1708 ὑπὲρ
1756 1638 1924 1709 αὐτῆς

244 1722 432 1787 εἰπεῖν,
457 1715 527 1781 ῶς
548 1716 616 1772 οὐ
635 1718 812 1787 μόνον
833 1717 987 1788 ἡδεῖα
1008 1715 1145 1773 ἄλλα
1166 1719 1256 1773 καὶ
1276 1715 1522 1789 ῶφελίμη
1545 1717 1682 1787 πρὸς
1699 1718 1794 1784 τας
1816 1740 1919 1774 πο-

243 1804 440 1863 λιτείας
477 1800 568 1854 καὶ
596 1798 696 1854 τὸν
722 1805 847 1870 βίον
877 1797 977 1854 τὸν
1009 1796 1376 1868 ἀνθρώπινόν
1395 1801 1529 1854 ἐστι·
1564 1802 1653 1854 καὶ
1678 1798 1921 1870 εὐμενῶς

244 1879 620 1952 ακουσόμεθα.
660 1885 1040 1951 κερδανοῦμεν
1059 1903 1166 1951 γαρ
1188 1902 1314 1951 που,
1346 1880 1442 1936 ἐὰν
1469 1879 1541 1952 μὴ
1566 1882 1745 1952 μόνον
1764 1880 1920 1952 ἡδεῖα

178 1969 398 2034 Εφανῇ
417 1960 555 2017 αλλα
577 1964 668 2017 καὶ
691 1961 952 2033 ῶφελίμη
993 1969 1122 2026 Πῶς
1148 1960 1197 2016 δ’
1229 1961 1298 2017 οὐ
1329 1966 1618 2032 μέλλομεν,
1647 1967 1768 2032 ἔφη,
1789 1983 1918 2032 κερ-

243 2047 481 2112 δαίνειν;
513 2049 586 2099 Εἰ
614 2047 675 2099 δέ
699 2066 761 2113 γε
791 2045 884 2114 μή,
919 2037 963 2097 ῶ
995 2049 1119 2113 φίλε
1148 2045 1339 2112 ἑταῖρε,
1366 2041 1548 2111 ῶσπερ
1578 2045 1634 2096 οι
1659 2045 1792 2098 ποτέ
1817 2065 1917 2097 του

241 2127 587 2194 ἐρασθέντες,
608 2123 746 2180 ἐαν’
715 2125 1030 2195 ηγήσωνται
1047 2147 1119 2195 μη
1145 2122 1423 2194 ὠφέλιμον
1444 2123 1582 2178 εἶναι
1603 2122 1701 2179 τὸν
1725 2129 1916 2194 ἔρωτα,

239 2211 334 2278 βίᾳ
360 2209 478 2276 μέν,
503 2204 652 2275 ὅμως
671 2205 729 2275 δε
758 2203 1066 2275 ἀπέχονται,
1088 2206 1178 2260 καὶ
1194 2203 1346 2276 ἡμεῖς
1368 2204 1559 2274 οὕτως,
1582 2203 1669 2260 δια
1698 2204 1798 2260 τὸν
1822 2208 1917 2275 ἐγ-

238 2286 507 2358 γεγονότα
523 2287 666 2356 μὲν’
646 2291 820 2355 ε’ρωτα
843 2293 938 2356 τῆς
966 2309 1220 2357 τοιαυτης
1241 2286 1512 2358 ποιήσεως
1540 2284 1648 2341 ὑπὸ
1678 2291 1775 2357 τῆς
1803 2293 1915 2341 τῶν

123 2395 209 2444 503
241 2376 429 2425 καλῶν
461 2373 749 2423 πολιτειῶν
794 2374 1026 2438 τροφῆς,
1066 2371 1219 2423 εὖνοι
1257 2370 1357 2439 μὲν
1393 2368 1633 2439 ἐσόμεθα
1673 2373 1917 2438 φανῆναι

238 2449 413 2522 αυτὴν
444 2448 518 2514 ὡς
536 2454 824 2521 βελτίστην
853 2451 943 2505 καὶ
971 2448 1371 2521 ἆληθεστατην,
1403 2452 1505 2515 ἕως
1536 2448 1589 2505 δ’
1624 2473 1696 2505 αν
1726 2453 1798 2521 μὴ
1829 2453 1916 2504 οἵα

239 2532 292 2589 τ’
312 2527 350 2606 ᾗ
368 2531 841 2603 ἀπολογήσασθαι,
864 2530 1239 2603 ἀκροασόμεθ’
1262 2530 1430 2603 αὐτῆς
1457 2532 1754 2606 ἐπᾴδοντες
1784 2529 1911 2602 ἡμῖν

240 2613 424 2679 αὐτοῖς
459 2622 661 2670 τοῦτον
698 2611 798 2669 τὸν
834 2614 1023 2684 λόγον,
1065 2612 1132 2670 ὂν
1168 2618 1417 2684 λέγομεν,
1448 2617 1539 2670 καὶ
1567 2613 1774 2683 ταύτην
1809 2610 1912 2681 τὴν

241 2696 474 2770 ἐπωδήν,
510 2694 912 2767 ευλαβούμενοι
940 2696 1107 2751 πάλιν
1137 2698 1388 2766 ἐμπεσεῖν
1418 2701 1493 2760 εἰς
1525 2693 1625 2750 τὸν
1652 2693 1910 2748 παιδικόν

238 2798 294 2831 τε
314 2779 404 2832 καὶ
424 2776 523 2834 τὸν
543 2785 655 2833 τῶν
674 2785 894 2834 πολλῶν
925 2782 1114 2845 ἔρωτα.
1153 2778 1468 2848 αἰσθόμεθα
1504 2773 1556 2831 δ’
1589 2769 1710 2845 οὖν,
1745 2772 1816 2839 ῶς
1843 2772 1912 2829 οὐ
