1962 3236
185 185 290 236 330
783 190 957 235 ΠΛΑ
979 189 1262 235 ΤΩΝΟΣ
1812 195 1864 238 12

187 331 328 391 πεῖν,
355 318 619 391 ἀκήκοας’
670 322 927 389 λέγοντος
955 319 1013 374 δὲ
1041 319 1108 387 δὴ
1138 318 1268 388 χθὲς
1298 326 1403 374 σοῦ
1431 322 1555 387 περὶ
1597 326 1867 384 πολιτείας

186 403 408 456 καὶτῶν
428 399 671 470 ἀνδρῶν,
694 398 791 464 οὓς
810 404 1006 469 ἔλεγες,
1032 400 1350 470 ἐθαύμαζον
1379 398 1866 472 ἀναμιμνησκόμε-

188 504 284 547 νος
315 480 454 537 αὐτὰ
485 480 521 536 οἳ
546 489 652 536 νῦν
688 484 846 551 λέγω,
868 488 1173 551 κατανοῶν,
1208 480 1279 547 ὡς
1310 486 1604 552 δαιμονίως
1634 486 1693 537 ἒκ
1720 504 1868 546 τινος

187 564 353 636 τύχης
372 563 476 620 οὐκ
498 565 606 619 ἄπο
639 569 852 618 σκοποῦ
885 565 1222 634 ξυνηνέχθης
1248 563 1315 617 τὰ
1353 563 1528 620 πολλὰ
1555 561 1635 629 οἷς
1664 563 1867 620 Σόλων

104 663 162 707 26
194 645 359 701 εἶπεν.
399 643 467 701 οὐ
485 645 595 716 μὴν
619 644 937 716 ἐβουλήθην
966 651 1294 715 παραχρῆμα
1324 649 1520 700 εἰπεῖν·
1559 643 1645 700 διὰ
1665 645 1868 716 χρόνου
1892 658 1897 663 “

185 726 292 799 γάρ
315 725 416 798 οὐχ
438 731 639 791 ἱκανῶς
660 725 1003 796 ἐμεμνήμην·
1043 726 1308 796 ἐνενόησα
1329 720 1449 795 οὖν,
1482 725 1566 781 ὅτι
1590 727 1765 796 χρεών
1785 735 1866 797 εἴη

135 818 139 822 ‘
187 831 252 879 με
265 806 405 880 πρὸς
423 809 663 879 ἐμαυτὸν
682 812 904 878 πρῶτον
921 809 1123 870 ἱκανῶς
1134 806 1313 861 πάντα
1326 805 1676 878 ἀναλαβόντα
1688 808 1867 877 λέγειν

0 878 75 949 ,ss
188 890 378 956 οὕτως.
416 889 557 946 ὅθεν
575 888 708 959 ταχὺ
737 887 1168 957 ξυνωμολόγησά
1197 904 1285 942 σοι
1304 887 1701 963 τάπιταχθέντα
1716 891 1864 958 χθές,

185 970 514 1042 ἡγούμενος,
543 969 680 1038 ὅπερ
705 971 765 1023 ἐν
795 966 966 1022 ἅπασι
996 980 1108 1032 τοῖς
1137 972 1373 1023 τοιοῖσδε
1400 971 1656 1039 μέγιστον
1685 973 1865 1039 ἔργον,

188 1052 358 1122 λόγον
375 1050 499 1107 τινα
519 1054 799 1118 πρέποντα
819 1061 930 1113 τοῖς
941 1050 1289 1120 βουλήμασιν
1307 1048 1642 1120 ὑποθέσθαι,
1662 1050 1867 1106 τούτου

187 1138 417 1204 μετρίως
442 1129 584 1203 ἡμᾶς
619 1130 963 1202 εὐπορήσειν.
1012 1129 1160 1186 οὕτω
1197 1130 1282 1201 δή,
1318 1132 1571 1202 καθάπερ
1609 1130 1692 1186 ὅδ’
1734 1129 1865 1199 εἷπε,

187 1219 318 1285 χθές
335 1235 393 1269 τε
414 1212 590 1277 εὐθὺς
608 1214 839 1268 ἐνθένδε
859 1210 1040 1267 ἀπιών
1059 1212 1195 1281 πρὸς
1209 1211 1408 1266 τούσδε
1427 1211 1703 1283 ἀνέφερον
1723 1210 1863 1266 αὐτὰ

125 1313 157 1353 Β
190 1293 755 1366 ἀναμιμνησκόμενος,
781 1291 1046 1348 ἀπελθών
1069 1314 1126 1347 τε
1145 1291 1340 1362 σχεδόν
1358 1314 1409 1347 τι
1438 1292 1616 1348 πάντα
1646 1295 1867 1348 ἐπισκο-

190 1384 315 1432 πῶν
342 1383 439 1447 τῆς
467 1377 668 1439 νυκτὸς
700 1372 991 1445 ἀνέλαβον.
1028 1371 1101 1438 ὡς
1129 1374 1196 1444 δή
1226 1395 1326 1445 τοι,
1359 1372 1419 1428 τὸ
1452 1373 1768 1444 λεγόμενον,
1798 1373 1864 1428 τὰ

186 1461 400 1512 παίδων
419 1456 717 1528 μαθήματα
737 1454 1066 1524 θαυμαστὸν
1086 1459 1190 1525 ἔχει
1209 1477 1260 1509 τι
1287 1466 1567 1526 μνημεῖον.
1614 1453 1718 1524 ἐγώ
1739 1453 1863 1524 γάρ,

188 1536 225 1593 ὁὶ
260 1538 361 1609 μὲν
387 1540 520 1608 χθὲς
554 1536 787 1608 ἤκουσα,
815 1534 918 1590 οὐκ
949 1531 1021 1590 ἀν
1045 1534 1147 1591 οἶδ’
1173 1541 1222 1591 εἰ
1255 1540 1530 1608 δυναίμην
1560 1535 1775 1591 ἅπαντα
1806 1537 1866 1590 ἐν

186 1620 373 1693 μνήμῃ
393 1620 560 1675 πάλιν
583 1624 800 1689 λαβεῖν·
833 1624 1010 1673 ταῦτα
1038 1621 1113 1686 δέ,
1142 1615 1178 1672 ὁὶ
1206 1619 1504 1688 πάμπολυν
1520 1618 1724 1689 χρόνον
1744 1621 1863 1671 δια-

185 1702 382 1774 κήκοα,
410 1701 727 1756 παντάπασι
755 1697 1103 1770 θαυμάσαιμ’
1135 1697 1206 1755 ἀν
1236 1707 1288 1755 εἴ
1310 1705 1367 1754 τί
1388 1720 1454 1769 με
1474 1696 1659 1753 αὐτῶν
1679 1699 1866 1753 διαπέ-

188 1805 411 1855 φευγεν.
450 1776 523 1854 ἦν
561 1782 661 1853 μὲν
700 1776 805 1838 οὖν
842 1781 974 1853 μετὰ
1011 1787 1217 1852 πολλῆς
1248 1779 1453 1852 ἡδονῆς
1486 1782 1576 1835 καὶ
1613 1784 1867 1851 παιδικῆς

120 1872 156 1913 C
186 1864 311 1920 τότε
337 1863 672 1935 ἀκουόμενα,
695 1867 785 1919 καὶ
814 1869 915 1919 τοῦ
944 1863 1260 1934 πρεσβύτου
1281 1862 1586 1933 προθύμως
1614 1883 1680 1932 με
1710 1861 1867 1916 διδά-

186 1963 433 2016 σκοντος,
464 1944 551 2001 ἅτ’
596 1949 734 2017 ἐμοῦ
770 1946 1034 2010 πολλάκις
1071 1947 1542 2013 ἐπανερωτῶντος,
1575 1942 1711 1997 ὥστε
1747 1938 1866 1996 οἷον

185 2029 501 2099 ἐγκαύματα
531 2027 883 2084 ἀνεκπλύτου
909 2033 1128 2097 γραφῆς
1157 2027 1367 2096 ἔμμονά
1396 2046 1489 2096 μοι
1520 2027 1736 2093 γέγονε·
1775 2026 1865 2078 καὶ

189 2107 255 2179 δὴ
279 2110 370 2164 καὶ
387 2113 568 2164 τοῖσδε
591 2106 765 2172 εὐθὺς
785 2113 976 2177 ἔλεγον
997 2109 1177 2161 ἕωθεν
1197 2105 1336 2160 αὐτοὶ
1366 2112 1555 2174 ταῦτα,
1581 2108 1672 2159 ἵνα
1693 2103 1863 2160 εὐπο-

187 2201 336 2260 ροῖεν
355 2189 539 2258 λόγων
557 2187 665 2259 μετ’
689 2192 838 2259 ἐμοῦ.
866 2195 974 2243 νῦν
994 2183 1115 2258 οὖν,
1131 2181 1303 2258 οὗπερ
1322 2189 1483 2243 ἕνεκα
1497 2187 1676 2242 πάντα
1695 2193 1864 2241 ταῦτα

187 2277 412 2340 εἴρηται,
435 2271 613 2338 λέγειν
634 2272 740 2339 εἰμὶ
765 2272 992 2339 ἕτοιμος,
1015 2263 1061 2324 ὦ
1079 2269 1390 2338 Σώκρατες,
1411 2269 1484 2339 μὴ
1504 2269 1682 2339 μόνον
1700 2271 1762 2323 ἐν
1781 2289 1863 2322 κε·

186 2354 444 2419 φαλαίοις
463 2347 586 2404 ἀλλ’
614 2348 797 2419 ὥσπερ
817 2348 1030 2419 ἤκουσα
1048 2347 1183 2404 καθ’
1211 2350 1461 2404 ἕκαστον·
1484 2347 1613 2414 τοὺς
1640 2351 1698 2404 δὲ
1718 2353 1862 2403 πολί-

185 2453 282 2495 τας
305 2431 395 2485 καὶ
412 2429 516 2500 τὴν
537 2430 717 2500 πόλιν,
738 2428 810 2501 ἣν
830 2431 962 2500 χθὲς
978 2428 1110 2501 ἡμῖν
1130 2429 1202 2494 ὡς
1221 2433 1281 2485 ἐν
1300 2430 1468 2504 μύθῳ
1489 2431 1743 2503 διῄεισθα
1765 2429 1855 2499 σύ,

118 2527 153 2567 D
186 2518 295 2566 νῦν
314 2512 732 2582 μετενεγκόντες
747 2514 832 2567 ἐπὶ
844 2509 1078 2582 τάληθὲς
1099 2515 1264 2582 δεῦρο
1283 2511 1534 2582 θήσομεν
1556 2507 1629 2575 ὡς
1647 2514 1863 2581 ἐκείνην

187 2591 350 2662 τήνδε
364 2586 556 2663 οὖσαν,
579 2596 668 2648 καὶ
688 2591 818 2657 τοὺς
831 2599 1069 2663 πολίτας,
1092 2591 1190 2657 οὓς
1211 2597 1446 2663 διενοοῦ,
1462 2592 1712 2663 φήσομεν
1731 2595 1861 2647 ἐκεί-

187 2694 321 2737 νους
345 2671 475 2738 τοῦς
499 2672 805 2745 ἀληθινοὺς
837 2673 976 2729 εἶναι
1008 2674 1321 2743 προγόνους
1348 2672 1522 2745 ἡμῶν,
1550 2672 1646 2736 οὕς
1676 2677 1861 2741 ἔλεγεν

188 2750 217 2806 ὁ
238 2754 431 2823 ἶερεύς.
476 2754 697 2820 πάντως
710 2753 1016 2826 ἁρμόσουσι
1032 2759 1122 2810 καὶ
1141 2754 1244 2811 οὐκ
1264 2753 1594 2828 ἀπᾳσόμεθα
1611 2755 1862 2823 λε’γοντες

188 2830 392 2897 αὐτοὺς
411 2833 548 2888 εἶναι
567 2834 699 2898 τούς
720 2837 780 2890 ἐν
803 2842 881 2909 τῷ
899 2837 1022 2891 τότε
1043 2835 1205 2900 ὄντας
1223 2835 1405 2908 χρόνῳ
1421 2858 1432 2868 ·
1461 2838 1619 2905 κοινῇ
1651 2833 1709 2889 δὲ
1739 2837 1861 2888 δια-
