<?xml version="1.0" encoding="UTF-8"?>
<!DOCTYPE html PUBLIC "-//W3C//DTD XHTML 1.0 Transitional//EN"
    "http://www.w3.org/TR/xhtml1/DTD/xhtml1-transitional.dtd">
<html xmlns="http://www.w3.org/1999/xhtml" xml:lang="en" lang="en">
 <head>
  <title>
</title>
<meta http-equiv="Content-Type" content="text/html;charset=utf-8" />
  <meta name='ocr-system' content='tesseract 3.04.00' />
  <meta name='ocr-capabilities' content='ocr_page ocr_carea ocr_par ocr_line ocrx_word'/>
</head>
<body>
  <div class='ocr_page' id='page_1' title='image "./dialogisecumdumt04platuoft_0023.png"; bbox 0 0 1962 3236; ppageno 0'>
   <div class='ocr_carea' id='block_1_1' title="bbox 551 0 1128 41">
    <p class='ocr_par' dir='ltr' id='par_1_1' title="bbox 551 0 1128 41">
     <span class='ocr_line' id='line_1_1' title="bbox 551 0 1128 31; baseline 0 -9"><span class='ocrx_word' id='word_1_1' title='bbox 551 0 582 22; x_wconf 51' lang='lat' dir='ltr'><strong>f*</strong></span> <span class='ocrx_word' id='word_1_2' title='bbox 613 0 828 31; x_wconf 50' lang='lat' dir='ltr'><strong>&#39;·&#39;”-¹.···⁴.·‘J&#39;;³,¹&#39;</strong></span> <span class='ocrx_word' id='word_1_3' title='bbox 854 0 928 22; x_wconf 60' lang='lat'><strong>:25</strong></span> <span class='ocrx_word' id='word_1_4' title='bbox 979 2 1018 26; x_wconf 85' lang='grc'><strong>·,-</strong></span> <span class='ocrx_word' id='word_1_5' title='bbox 1043 7 1048 10; x_wconf 94' lang='grc'>-</span> <span class='ocrx_word' id='word_1_6' title='bbox 1094 0 1128 22; x_wconf 78' lang='lat'><strong>·.··</strong></span> 
     </span>
     <span class='ocr_line' id='line_1_2' title="bbox 708 30 851 41; baseline 0 -5"><span class='ocrx_word' id='word_1_7' title='bbox 708 31 715 41; x_wconf 78' lang='grc'><em>,</em></span> <span class='ocrx_word' id='word_1_8' title='bbox 846 30 851 36; x_wconf 88' lang='grc'><strong>.</strong></span> 
     </span>
    </p>
   </div>
   <div class='ocr_carea' id='block_1_2' title="bbox 0 0 69 2774">
    <p class='ocr_par' dir='ltr' id='par_1_2' title="bbox 0 0 69 2774">
     <span class='ocr_line' id='line_1_3' title="bbox 0 0 63 402; baseline 0 -10"><span class='ocrx_word' id='word_1_9' title='bbox 0 0 63 402; x_wconf 95' lang='lat' dir='ltr'><strong>    </strong></span> 
     </span>
     <span class='ocr_line' id='line_1_4' title="bbox 0 402 29 592; baseline 0 -134"><span class='ocrx_word' id='word_1_10' title='bbox 0 402 29 592; x_wconf 95' lang='lat' dir='ltr'><strong>   </strong></span> 
     </span>
     <span class='ocr_line' id='line_1_5' title="bbox 0 632 26 864; baseline 0 -4"><span class='ocrx_word' id='word_1_11' title='bbox 0 632 26 864; x_wconf 95' lang='lat' dir='ltr'><strong>     </strong></span> 
     </span>
     <span class='ocr_line' id='line_1_6' title="bbox 0 864 25 1090; baseline 0 -117"><span class='ocrx_word' id='word_1_12' title='bbox 0 864 25 1090; x_wconf 95' lang='lat' dir='ltr'><strong>   </strong></span> 
     </span>
     <span class='ocr_line' id='line_1_7' title="bbox 0 1090 24 1292; baseline 0 -13"><span class='ocrx_word' id='word_1_13' title='bbox 0 1090 24 1292; x_wconf 95' lang='lat' dir='ltr'><strong>   </strong></span> 
     </span>
     <span class='ocr_line' id='line_1_8' title="bbox 0 1292 24 1382; baseline 0 -2"><span class='ocrx_word' id='word_1_14' title='bbox 0 1292 24 1382; x_wconf 95' lang='lat' dir='ltr'><strong>  </strong></span> 
     </span>
     <span class='ocr_line' id='line_1_9' title="bbox 0 1382 24 1544; baseline 0 0"><span class='ocrx_word' id='word_1_15' title='bbox 0 1382 24 1544; x_wconf 95' lang='lat' dir='ltr'><strong>  </strong></span> 
     </span>
     <span class='ocr_line' id='line_1_10' title="bbox 0 1544 20 1895; baseline 0 -230"><span class='ocrx_word' id='word_1_16' title='bbox 0 1544 20 1895; x_wconf 95' lang='lat' dir='ltr'><strong>    </strong></span> 
     </span>
     <span class='ocr_line' id='line_1_11' title="bbox 0 1895 21 2008; baseline 0 1228"><span class='ocrx_word' id='word_1_17' title='bbox 0 1895 21 2008; x_wconf 95' lang='lat' dir='ltr'><strong> </strong></span> 
     </span>
     <span class='ocr_line' id='line_1_12' title="bbox 0 2008 21 2174; baseline 0 -110"><span class='ocrx_word' id='word_1_18' title='bbox 0 2008 21 2174; x_wconf 95' lang='lat' dir='ltr'><strong>   </strong></span> 
     </span>
     <span class='ocr_line' id='line_1_13' title="bbox 0 2174 20 2357; baseline 0 -59"><span class='ocrx_word' id='word_1_19' title='bbox 0 2174 20 2357; x_wconf 95' lang='lat' dir='ltr'><strong>   </strong></span> 
     </span>
     <span class='ocr_line' id='line_1_14' title="bbox 0 2357 17 2468; baseline 0 -57"><span class='ocrx_word' id='word_1_20' title='bbox 0 2357 17 2468; x_wconf 95' lang='lat' dir='ltr'><strong>  </strong></span> 
     </span>
     <span class='ocr_line' id='line_1_15' title="bbox 0 2468 69 2774; baseline 0 -69"><span class='ocrx_word' id='word_1_21' title='bbox 0 2468 69 2774; x_wconf 95' lang='lat' dir='ltr'><strong>    </strong></span> 
     </span>
    </p>
   </div>
   <div class='ocr_carea' id='block_1_3' title="bbox 730 120 1824 188">
    <p class='ocr_par' dir='ltr' id='par_1_3' title="bbox 730 120 1824 188">
     <span class='ocr_line' id='line_1_16' title="bbox 730 120 1824 188; baseline 0 -1"><span class='ocrx_word' id='word_1_22' title='bbox 730 120 1121 188; x_wconf 48' lang='lat' dir='ltr'><strong>PRAEFATIO.</strong></span> <span class='ocrx_word' id='word_1_23' title='bbox 1748 157 1824 187; x_wconf 70' lang='lat' dir='ltr'><strong>xm</strong></span> 
     </span>
    </p>
   </div>
   <div class='ocr_carea' id='block_1_4' title="bbox 28 254 1833 1463">
    <p class='ocr_par' dir='ltr' id='par_1_4' title="bbox 28 254 1833 1463">
     <span class='ocr_line' id='line_1_17' title="bbox 35 254 1829 314; baseline -0.002 -10"><span class='ocrx_word' id='word_1_24' title='bbox 35 275 111 304; x_wconf 80' lang='lat' dir='ltr'><strong>uec</strong></span> <span class='ocrx_word' id='word_1_25' title='bbox 139 259 191 301; x_wconf 80' lang='grc' dir='ltr'><strong>τί</strong></span> <span class='ocrx_word' id='word_1_26' title='bbox 212 254 415 314; x_wconf 76' lang='grc' dir='ltr'><strong><em>οἰόμεθα</em></strong></span> <span class='ocrx_word' id='word_1_27' title='bbox 444 260 530 314; x_wconf 80' lang='lat' dir='ltr'><strong>legi</strong></span> <span class='ocrx_word' id='word_1_28' title='bbox 555 271 730 302; x_wconf 78' lang='lat' dir='ltr'><strong>necesse</strong></span> <span class='ocrx_word' id='word_1_29' title='bbox 754 266 844 312; x_wconf 81' lang='lat' dir='ltr'><strong>est,</strong></span> <span class='ocrx_word' id='word_1_30' title='bbox 874 271 1115 312; x_wconf 80' lang='lat' dir='ltr'><strong>quanquam</strong></span> <span class='ocrx_word' id='word_1_31' title='bbox 1141 259 1186 300; x_wconf 90' lang='lat' dir='ltr'><strong>in</strong></span> <span class='ocrx_word' id='word_1_32' title='bbox 1209 259 1296 301; x_wconf 90' lang='lat' dir='ltr'><strong>illis</strong></span> <span class='ocrx_word' id='word_1_33' title='bbox 1318 260 1454 302; x_wconf 89' lang='lat' dir='ltr'><strong>literis</strong></span> <span class='ocrx_word' id='word_1_34' title='bbox 1476 260 1602 301; x_wconf 80' lang='lat' dir='ltr'><strong>etiam</strong></span> <span class='ocrx_word' id='word_1_35' title='bbox 1623 261 1829 313; x_wconf 89' lang='lat' dir='ltr'><strong>optimum</strong></span> 
     </span>
     <span class='ocr_line' id='line_1_18' title="bbox 32 315 1830 373; baseline -0.002 -12"><span class='ocrx_word' id='word_1_36' title='bbox 32 320 226 362; x_wconf 77' lang='lat' dir='ltr'><strong>codicem</strong></span> <span class='ocrx_word' id='word_1_37' title='bbox 246 331 386 360; x_wconf 86' lang='lat' dir='ltr'><strong>errare</strong></span> <span class='ocrx_word' id='word_1_38' title='bbox 404 316 694 359; x_wconf 84' lang='lat' dir='ltr'><strong>Schneiderus</strong></span> <span class='ocrx_word' id='word_1_39' title='bbox 721 317 772 358; x_wconf 86' lang='grc' dir='ltr'><strong>Τ.</strong></span> <span class='ocrx_word' id='word_1_40' title='bbox 792 317 865 359; x_wconf 91' lang='lat'><strong>111.</strong></span> <span class='ocrx_word' id='word_1_41' title='bbox 879 329 926 371; x_wconf 88' lang='lat' dir='ltr'><strong>p.</strong></span> <span class='ocrx_word' id='word_1_42' title='bbox 948 315 1033 359; x_wconf 82' lang='lat'><strong>148</strong></span> <span class='ocrx_word' id='word_1_43' title='bbox 1062 317 1326 369; x_wconf 79' lang='lat' dir='ltr'><strong>observavit3</strong></span> <span class='ocrx_word' id='word_1_44' title='bbox 1354 319 1494 373; x_wconf 89' lang='lat' dir='ltr'><strong>ipsam</strong></span> <span class='ocrx_word' id='word_1_45' title='bbox 1520 323 1660 358; x_wconf 87' lang='lat' dir='ltr'><strong>autem</strong></span> <span class='ocrx_word' id='word_1_46' title='bbox 1688 329 1830 358; x_wconf 90' lang='lat' dir='ltr'><strong>emen-</strong></span> 
     </span>
     <span class='ocr_line' id='line_1_19' title="bbox 31 373 1831 430; baseline -0.002 -11"><span class='ocrx_word' id='word_1_47' title='bbox 31 378 247 420; x_wconf 72' lang='lat' dir='ltr'><strong>dationem</strong></span> <span class='ocrx_word' id='word_1_48' title='bbox 272 388 356 417; x_wconf 91' lang='lat' dir='ltr'><strong>non</strong></span> <span class='ocrx_word' id='word_1_49' title='bbox 385 376 524 416; x_wconf 83' lang='lat' dir='ltr'><strong>minus</strong></span> <span class='ocrx_word' id='word_1_50' title='bbox 551 374 838 422; x_wconf 75' lang='lat' dir='ltr'><strong>necessariam</strong></span> <span class='ocrx_word' id='word_1_51' title='bbox 862 373 1016 425; x_wconf 72' lang='lat' dir='ltr'><strong>habeo,</strong></span> <span class='ocrx_word' id='word_1_52' title='bbox 1049 386 1176 427; x_wconf 82' lang='lat' dir='ltr'><strong>quam</strong></span> <span class='ocrx_word' id='word_1_53' title='bbox 1205 375 1320 427; x_wconf 88' lang='lat' dir='ltr'><strong>quod</strong></span> <span class='ocrx_word' id='word_1_54' title='bbox 1347 389 1442 417; x_wconf 90' lang='lat' dir='ltr'><strong>meo</strong></span> <span class='ocrx_word' id='word_1_55' title='bbox 1463 374 1654 430; x_wconf 87' lang='lat' dir='ltr'><strong>periculo</strong></span> <span class='ocrx_word' id='word_1_56' title='bbox 1682 387 1724 428; x_wconf 89' lang='lat' dir='ltr'><strong>p.</strong></span> <span class='ocrx_word' id='word_1_57' title='bbox 1744 374 1831 416; x_wconf 84' lang='lat'><strong>584</strong></span> 
     </span>
     <span class='ocr_line' id='line_1_20' title="bbox 29 424 1830 488; baseline -0.002 -13"><span class='ocrx_word' id='word_1_58' title='bbox 29 435 65 476; x_wconf 78' lang='grc' dir='ltr'>Ε</span> <span class='ocrx_word' id='word_1_59' title='bbox 93 428 139 475; x_wconf 71' lang='grc' dir='ltr'><strong>εἰ</strong></span> <span class='ocrx_word' id='word_1_60' title='bbox 165 428 218 475; x_wconf 71' lang='grc' dir='ltr'><strong>οἵ</strong></span> <span class='ocrx_word' id='word_1_61' title='bbox 246 446 324 488; x_wconf 85' lang='lat' dir='ltr'><strong>pro</strong></span> <span class='ocrx_word' id='word_1_62' title='bbox 365 426 410 473; x_wconf 79' lang='grc' dir='ltr'><strong>εἰ</strong></span> <span class='ocrx_word' id='word_1_63' title='bbox 435 427 517 472; x_wconf 68' lang='grc' dir='ltr'><strong>καὶ</strong></span> <span class='ocrx_word' id='word_1_64' title='bbox 546 424 734 483; x_wconf 66' lang='grc' dir='ltr'><strong><em>ἄπειροι</em></strong></span> <span class='ocrx_word' id='word_1_65' title='bbox 775 431 915 481; x_wconf 84' lang='lat' dir='ltr'><strong>edidi,</strong></span> <span class='ocrx_word' id='word_1_66' title='bbox 957 433 1057 484; x_wconf 90' lang='lat' dir='ltr'><strong>quia</strong></span> <span class='ocrx_word' id='word_1_67' title='bbox 1094 443 1179 473; x_wconf 89' lang='lat' dir='ltr'><strong>non</strong></span> <span class='ocrx_word' id='word_1_68' title='bbox 1217 433 1534 488; x_wconf 82' lang='lat' dir='ltr'>intelligebam,</span> <span class='ocrx_word' id='word_1_69' title='bbox 1575 432 1830 483; x_wconf 85' lang='lat' dir='ltr'><strong>quibuscum</strong></span> 
     </span>
     <span class='ocr_line' id='line_1_21' title="bbox 32 486 1828 557; baseline -0.002 -25"><span class='ocrx_word' id='word_1_70' title='bbox 32 491 276 534; x_wconf 79' lang='lat' dir='ltr'><strong>hominibus</strong></span> <span class='ocrx_word' id='word_1_71' title='bbox 296 490 518 543; x_wconf 83' lang='lat' dir='ltr'><strong>imperitos</strong></span> <span class='ocrx_word' id='word_1_72' title='bbox 543 490 588 529; x_wconf 91' lang='lat' dir='ltr'><strong>in</strong></span> <span class='ocrx_word' id='word_1_73' title='bbox 613 489 757 557; x_wconf 78' lang='lat' dir='ltr'><strong>pravis</strong></span> <span class='ocrx_word' id='word_1_74' title='bbox 786 490 1056 542; x_wconf 84' lang='lat' dir='ltr'><strong>opinionibus</strong></span> <span class='ocrx_word' id='word_1_75' title='bbox 1082 490 1248 531; x_wconf 87' lang='lat' dir='ltr'><strong>alendis</strong></span> <span class='ocrx_word' id='word_1_76' title='bbox 1272 492 1423 545; x_wconf 88' lang='lat' dir='ltr'><strong>partic.</strong></span> <span class='ocrx_word' id='word_1_77' title='bbox 1450 486 1531 531; x_wconf 75' lang='grc' dir='ltr'><strong>καὶ</strong></span> <span class='ocrx_word' id='word_1_78' title='bbox 1554 489 1828 531; x_wconf 84' lang='lat' dir='ltr'><strong>consociaret.</strong></span> 
     </span>
     <span class='ocr_line' id='line_1_22' title="bbox 34 542 1828 602; baseline -0.002 -13"><span class='ocrx_word' id='word_1_79' title='bbox 34 548 133 590; x_wconf 74' lang='lat' dir='ltr'><strong>Mox</strong></span> <span class='ocrx_word' id='word_1_80' title='bbox 160 561 328 602; x_wconf 85' lang='lat' dir='ltr'><strong>quoque</strong></span> <span class='ocrx_word' id='word_1_81' title='bbox 352 560 397 601; x_wconf 88' lang='lat' dir='ltr'><strong>p.</strong></span> <span class='ocrx_word' id='word_1_82' title='bbox 426 544 511 588; x_wconf 85' lang='lat'><strong>585</strong></span> <span class='ocrx_word' id='word_1_83' title='bbox 537 544 570 586; x_wconf 89' lang='lat' dir='ltr'>C</span> <span class='ocrx_word' id='word_1_84' title='bbox 597 543 828 598; x_wconf 82' lang='grc' dir='ltr'><strong><em>ανομοίου</em></strong></span> <span class='ocrx_word' id='word_1_85' title='bbox 856 559 908 586; x_wconf 86' lang='lat' dir='ltr'><strong>ex</strong></span> <span class='ocrx_word' id='word_1_86' title='bbox 937 548 1047 600; x_wconf 86' lang='lat' dir='ltr'><strong>conj.</strong></span> <span class='ocrx_word' id='word_1_87' title='bbox 1078 548 1232 602; x_wconf 81' lang='lat' dir='ltr'><strong>scripsi</strong></span> <span class='ocrx_word' id='word_1_88' title='bbox 1260 561 1336 602; x_wconf 86' lang='lat' dir='ltr'><strong>pro</strong></span> <span class='ocrx_word' id='word_1_89' title='bbox 1361 542 1435 589; x_wconf 81' lang='grc' dir='ltr'><strong><em>οἷεὶ</em></strong></span> <span class='ocrx_word' id='word_1_90' title='bbox 1463 543 1643 600; x_wconf 84' lang='grc' dir='ltr'><strong><em>ὁμοίου,</em></strong></span> <span class='ocrx_word' id='word_1_91' title='bbox 1674 547 1719 586; x_wconf 91' lang='lat' dir='ltr'><strong>in</strong></span> <span class='ocrx_word' id='word_1_92' title='bbox 1746 559 1828 599; x_wconf 90' lang='lat' dir='ltr'><strong>quo</strong></span> 
     </span>
     <span class='ocr_line' id='line_1_23' title="bbox 34 604 1829 658; baseline -0.002 -11"><span class='ocrx_word' id='word_1_93' title='bbox 34 606 101 647; x_wconf 72' lang='lat' dir='ltr'><strong>vel</strong></span> <span class='ocrx_word' id='word_1_94' title='bbox 135 606 311 648; x_wconf 87' lang='lat' dir='ltr'><strong>articulo</strong></span> <span class='ocrx_word' id='word_1_95' title='bbox 343 616 470 658; x_wconf 81' lang='lat' dir='ltr'><strong>aegre</strong></span> <span class='ocrx_word' id='word_1_96' title='bbox 507 615 681 651; x_wconf 82' lang='lat' dir='ltr'><strong>careas,</strong></span> <span class='ocrx_word' id='word_1_97' title='bbox 714 605 964 643; x_wconf 86' lang='lat' dir='ltr'><strong>sententiam</strong></span> <span class='ocrx_word' id='word_1_98' title='bbox 993 612 1134 646; x_wconf 84' lang='lat' dir='ltr'><strong>autem</strong></span> <span class='ocrx_word' id='word_1_99' title='bbox 1163 604 1281 647; x_wconf 84' lang='lat' dir='ltr'><strong>haud</strong></span> <span class='ocrx_word' id='word_1_100' title='bbox 1311 607 1402 647; x_wconf 85' lang='lat' dir='ltr'><strong>scio</strong></span> <span class='ocrx_word' id='word_1_101' title='bbox 1433 618 1486 647; x_wconf 86' lang='lat' dir='ltr'><strong>an</strong></span> <span class='ocrx_word' id='word_1_102' title='bbox 1517 615 1697 658; x_wconf 87' lang='lat' dir='ltr'><strong>prorsus</strong></span> <span class='ocrx_word' id='word_1_103' title='bbox 1729 617 1829 645; x_wconf 86' lang='lat' dir='ltr'><strong>con-</strong></span> 
     </span>
     <span class='ocr_line' id='line_1_24' title="bbox 32 659 1830 716; baseline -0.001 -12"><span class='ocrx_word' id='word_1_104' title='bbox 32 665 203 704; x_wconf 81' lang='lat' dir='ltr'><strong>trariam</strong></span> <span class='ocrx_word' id='word_1_105' title='bbox 228 664 323 716; x_wconf 87' lang='lat' dir='ltr'><strong>ejus</strong></span> <span class='ocrx_word' id='word_1_106' title='bbox 353 662 539 709; x_wconf 85' lang='lat' dir='ltr'><strong>habeas,</strong></span> <span class='ocrx_word' id='word_1_107' title='bbox 573 673 701 712; x_wconf 89' lang='lat' dir='ltr'><strong>quam</strong></span> <span class='ocrx_word' id='word_1_108' title='bbox 730 667 771 700; x_wconf 88' lang='lat' dir='ltr'><strong>et</strong></span> <span class='ocrx_word' id='word_1_109' title='bbox 806 659 995 712; x_wconf 90' lang='lat' dir='ltr'><strong>reliquus</strong></span> <span class='ocrx_word' id='word_1_110' title='bbox 1029 662 1112 702; x_wconf 90' lang='lat' dir='ltr'><strong>loci</strong></span> <span class='ocrx_word' id='word_1_111' title='bbox 1141 669 1263 704; x_wconf 86' lang='lat' dir='ltr'><strong>tenor</strong></span> <span class='ocrx_word' id='word_1_112' title='bbox 1295 673 1336 705; x_wconf 88' lang='lat' dir='ltr'><strong>et</strong></span> <span class='ocrx_word' id='word_1_113' title='bbox 1369 664 1583 705; x_wconf 87' lang='lat' dir='ltr'><strong>doctrinae</strong></span> <span class='ocrx_word' id='word_1_114' title='bbox 1612 662 1724 702; x_wconf 88' lang='lat' dir='ltr'><strong>ratio</strong></span> <span class='ocrx_word' id='word_1_115' title='bbox 1754 662 1830 702; x_wconf 86' lang='lat' dir='ltr'><strong>ssa-</strong></span> 
     </span>
     <span class='ocr_line' id='line_1_25' title="bbox 30 719 1831 775; baseline -0.002 -13"><span class='ocrx_word' id='word_1_116' title='bbox 30 723 152 775; x_wconf 80' lang='lat' dir='ltr'><strong>gitat.</strong></span> <span class='ocrx_word' id='word_1_117' title='bbox 185 719 395 760; x_wconf 85' lang='lat' dir='ltr'><strong>Nimirum</strong></span> <span class='ocrx_word' id='word_1_118' title='bbox 423 730 517 759; x_wconf 90' lang='lat' dir='ltr'><strong>eam</strong></span> <span class='ocrx_word' id='word_1_119' title='bbox 550 719 800 765; x_wconf 78' lang='lat' dir='ltr'><strong>essentiam,</strong></span> <span class='ocrx_word' id='word_1_120' title='bbox 834 730 943 769; x_wconf 88' lang='lat' dir='ltr'><strong>quae</strong></span> <span class='ocrx_word' id='word_1_121' title='bbox 974 719 1029 759; x_wconf 84' lang='lat' dir='ltr'><strong>ad</strong></span> <span class='ocrx_word' id='word_1_122' title='bbox 1059 732 1227 773; x_wconf 86' lang='lat' dir='ltr'><strong>semper</strong></span> <span class='ocrx_word' id='word_1_123' title='bbox 1259 722 1372 762; x_wconf 89' lang='lat' dir='ltr'><strong>idem</strong></span> <span class='ocrx_word' id='word_1_124' title='bbox 1398 721 1622 775; x_wconf 80' lang='lat' dir='ltr'><strong>pertineat,</strong></span> <span class='ocrx_word' id='word_1_125' title='bbox 1653 719 1831 774; x_wconf 81' lang='lat' dir='ltr'><strong>vulgata</strong></span> 
     </span>
     <span class='ocr_line' id='line_1_26' title="bbox 30 776 1830 830; baseline -0.001 -10"><span class='ocrx_word' id='word_1_126' title='bbox 30 790 116 820; x_wconf 90' lang='lat' dir='ltr'><strong>non</strong></span> <span class='ocrx_word' id='word_1_127' title='bbox 144 778 353 819; x_wconf 71' lang='lat' dir='ltr'><strong>essentiae</strong></span> <span class='ocrx_word' id='word_1_128' title='bbox 382 777 523 830; x_wconf 80' lang='lat' dir='ltr'><strong>magis</strong></span> <span class='ocrx_word' id='word_1_129' title='bbox 553 787 680 827; x_wconf 87' lang='lat' dir='ltr'><strong>quam</strong></span> <span class='ocrx_word' id='word_1_130' title='bbox 709 776 911 816; x_wconf 79' lang='lat' dir='ltr'><strong>scientiae</strong></span> <span class='ocrx_word' id='word_1_131' title='bbox 940 777 1190 830; x_wconf 82' lang='lat' dir='ltr'><strong>participem</strong></span> <span class='ocrx_word' id='word_1_132' title='bbox 1222 790 1316 818; x_wconf 89' lang='lat' dir='ltr'><strong>esse</strong></span> <span class='ocrx_word' id='word_1_133' title='bbox 1348 785 1512 827; x_wconf 88' lang='lat' dir='ltr'><strong>narrat;</strong></span> <span class='ocrx_word' id='word_1_134' title='bbox 1546 777 1663 829; x_wconf 89' lang='lat' dir='ltr'><strong>quod</strong></span> <span class='ocrx_word' id='word_1_135' title='bbox 1693 790 1747 818; x_wconf 84' lang='lat' dir='ltr'><strong>ue</strong></span> <span class='ocrx_word' id='word_1_136' title='bbox 1772 777 1830 818; x_wconf 86' lang='lat' dir='ltr'><strong>ita</strong></span> 
     </span>
     <span class='ocr_line' id='line_1_27' title="bbox 31 834 1827 889; baseline -0.002 -12"><span class='ocrx_word' id='word_1_137' title='bbox 31 835 241 889; x_wconf 75' lang='lat' dir='ltr'><strong>accipias,</strong></span> <span class='ocrx_word' id='word_1_138' title='bbox 283 835 406 886; x_wconf 81' lang='lat' dir='ltr'><strong>quasi</strong></span> <span class='ocrx_word' id='word_1_139' title='bbox 438 845 532 873; x_wconf 90' lang='lat' dir='ltr'><strong>cum</strong></span> <span class='ocrx_word' id='word_1_140' title='bbox 569 834 665 886; x_wconf 90' lang='lat' dir='ltr'><strong>ipsa</strong></span> <span class='ocrx_word' id='word_1_141' title='bbox 702 834 887 874; x_wconf 78' lang='lat' dir='ltr'><strong>essentia</strong></span> <span class='ocrx_word' id='word_1_142' title='bbox 927 834 1150 874; x_wconf 88' lang='lat' dir='ltr'><strong>scientiam</strong></span> <span class='ocrx_word' id='word_1_143' title='bbox 1181 837 1450 888; x_wconf 87' lang='lat' dir='ltr'><strong>conjunctam</strong></span> <span class='ocrx_word' id='word_1_144' title='bbox 1480 835 1656 882; x_wconf 86' lang='lat' dir='ltr'><strong>habeat,</strong></span> <span class='ocrx_word' id='word_1_145' title='bbox 1688 838 1827 875; x_wconf 84' lang='lat' dir='ltr'><strong>vetan·&#39;</strong></span> 
     </span>
     <span class='ocr_line' id='line_1_28' title="bbox 30 891 1832 946; baseline -0.002 -11"><span class='ocrx_word' id='word_1_146' title='bbox 30 893 279 946; x_wconf 72' lang='lat' dir='ltr'><strong>sequentia,</strong></span> <span class='ocrx_word' id='word_1_147' title='bbox 316 892 389 932; x_wconf 92' lang='lat' dir='ltr'><strong>ubi</strong></span> <span class='ocrx_word' id='word_1_148' title='bbox 421 892 598 931; x_wconf 80' lang='lat' dir='ltr'><strong>veritate</strong></span> <span class='ocrx_word' id='word_1_149' title='bbox 626 891 786 944; x_wconf 85' lang='lat' dir='ltr'><strong>pariter</strong></span> <span class='ocrx_word' id='word_1_150' title='bbox 816 903 866 931; x_wconf 89' lang='lat' dir='ltr'><strong>ac</strong></span> <span class='ocrx_word' id='word_1_151' title='bbox 900 892 1086 932; x_wconf 80' lang='lat' dir='ltr'><strong>essentia</strong></span> <span class='ocrx_word' id='word_1_152' title='bbox 1115 892 1301 933; x_wconf 85' lang='lat' dir='ltr'><strong>deterior</strong></span> <span class='ocrx_word' id='word_1_153' title='bbox 1331 893 1474 942; x_wconf 80' lang='lat' dir='ltr'><strong>audit3</strong></span> <span class='ocrx_word' id='word_1_154' title='bbox 1507 892 1625 943; x_wconf 89' lang='lat' dir='ltr'><strong>atqui</strong></span> <span class='ocrx_word' id='word_1_155' title='bbox 1657 892 1832 933; x_wconf 78' lang='lat' dir='ltr'><strong>scIentia</strong></span> 
     </span>
     <span class='ocr_line' id='line_1_29' title="bbox 32 948 1832 1004; baseline -0.001 -13"><span class='ocrx_word' id='word_1_156' title='bbox 32 962 181 991; x_wconf 87' lang='lat' dir='ltr'><strong>eorum</strong></span> <span class='ocrx_word' id='word_1_157' title='bbox 207 958 369 991; x_wconf 84' lang='lat' dir='ltr'><strong>tantum</strong></span> <span class='ocrx_word' id='word_1_158' title='bbox 400 955 486 996; x_wconf 80' lang='lat' dir='ltr'><strong>est,</strong></span> <span class='ocrx_word' id='word_1_159' title='bbox 516 961 694 999; x_wconf 87' lang='lat' dir='ltr'><strong>quorum</strong></span> <span class='ocrx_word' id='word_1_160' title='bbox 723 948 870 989; x_wconf 87' lang='lat' dir='ltr'><strong>eadem</strong></span> <span class='ocrx_word' id='word_1_161' title='bbox 891 960 1060 1001; x_wconf 87' lang='lat' dir='ltr'><strong>semper</strong></span> <span class='ocrx_word' id='word_1_162' title='bbox 1088 951 1282 991; x_wconf 90' lang='lat' dir='ltr'><strong>condicio</strong></span> <span class='ocrx_word' id='word_1_163' title='bbox 1314 957 1499 999; x_wconf 84' lang='lat' dir='ltr'><strong>constat;</strong></span> <span class='ocrx_word' id='word_1_164' title='bbox 1527 951 1566 989; x_wconf 90' lang='lat' dir='ltr'><strong>si</strong></span> <span class='ocrx_word' id='word_1_165' title='bbox 1593 962 1675 1000; x_wconf 91' lang='lat' dir='ltr'><strong>qua</strong></span> <span class='ocrx_word' id='word_1_166' title='bbox 1701 949 1832 1004; x_wconf 86' lang='lat' dir='ltr'><strong>igitur</strong></span> 
     </span>
     <span class='ocr_line' id='line_1_30' title="bbox 31 999 1829 1060; baseline -0.001 -12"><span class='ocrx_word' id='word_1_167' title='bbox 31 1000 169 1047; x_wconf 69' lang='grc' dir='ltr'><strong><em>οὐσία</em></strong></span> <span class='ocrx_word' id='word_1_168' title='bbox 196 1015 238 1048; x_wconf 87' lang='lat' dir='ltr'><strong>et</strong></span> <span class='ocrx_word' id='word_1_169' title='bbox 256 1007 455 1047; x_wconf 76' lang='lat' dir='ltr'><strong>scientiae</strong></span> <span class='ocrx_word' id='word_1_170' title='bbox 476 1013 517 1046; x_wconf 95' lang='lat' dir='ltr'><strong>et</strong></span> <span class='ocrx_word' id='word_1_171' title='bbox 539 1006 726 1046; x_wconf 89' lang='lat' dir='ltr'><strong>veritatis</strong></span> <span class='ocrx_word' id='word_1_172' title='bbox 747 1005 887 1045; x_wconf 90' lang='lat' dir='ltr'><strong>minus</strong></span> <span class='ocrx_word' id='word_1_173' title='bbox 908 1006 1123 1060; x_wconf 82' lang='lat' dir='ltr'><strong>particeps</strong></span> <span class='ocrx_word' id='word_1_174' title='bbox 1150 1007 1317 1058; x_wconf 88' lang='lat' dir='ltr'><strong>dicitur,</strong></span> <span class='ocrx_word' id='word_1_175' title='bbox 1340 1020 1425 1048; x_wconf 89' lang='lat' dir='ltr'><strong>non</strong></span> <span class='ocrx_word' id='word_1_176' title='bbox 1449 1005 1532 1047; x_wconf 82' lang='grc' dir='ltr'><strong>τοῦ</strong></span> <span class='ocrx_word' id='word_1_177' title='bbox 1552 1001 1626 1047; x_wconf 65' lang='lat' dir='ltr'><strong>del.</strong></span> <span class='ocrx_word' id='word_1_178' title='bbox 1647 999 1829 1059; x_wconf 77' lang='grc' dir='ltr'><strong><em>ὁμοίου,</em></strong></span> 
     </span>
     <span class='ocr_line' id='line_1_31' title="bbox 30 1055 1829 1118; baseline -0.002 -12"><span class='ocrx_word' id='word_1_179' title='bbox 30 1066 108 1106; x_wconf 79' lang='lat' dir='ltr'><strong>sed</strong></span> <span class='ocrx_word' id='word_1_180' title='bbox 138 1062 222 1106; x_wconf 81' lang='grc' dir='ltr'><strong>τοῦ</strong></span> <span class='ocrx_word' id='word_1_181' title='bbox 249 1059 483 1116; x_wconf 82' lang='grc' dir='ltr'><strong><em>μηδέποτε</em></strong></span> <span class='ocrx_word' id='word_1_182' title='bbox 512 1055 679 1114; x_wconf 84' lang='grc' dir='ltr'>ὁμοίου</span> <span class='ocrx_word' id='word_1_183' title='bbox 716 1058 797 1102; x_wconf 78' lang='grc' dir='ltr'><strong>καὶ</strong></span> <span class='ocrx_word' id='word_1_184' title='bbox 826 1060 1014 1115; x_wconf 77' lang='grc' dir='ltr'><strong><em>θνητοῦ</em></strong></span> <span class='ocrx_word' id='word_1_185' title='bbox 1044 1076 1138 1105; x_wconf 90' lang='lat' dir='ltr'><strong>esse</strong></span> <span class='ocrx_word' id='word_1_186' title='bbox 1176 1066 1316 1111; x_wconf 87' lang='lat' dir='ltr'><strong>debet.</strong></span> <span class='ocrx_word' id='word_1_187' title='bbox 1377 1065 1568 1118; x_wconf 86' lang='lat' dir='ltr'><strong>Denique</strong></span> <span class='ocrx_word' id='word_1_188' title='bbox 1600 1077 1643 1118; x_wconf 90' lang='lat' dir='ltr'><strong>p.</strong></span> <span class='ocrx_word' id='word_1_189' title='bbox 1679 1063 1762 1107; x_wconf 82' lang='lat'><strong>591</strong></span> <span class='ocrx_word' id='word_1_190' title='bbox 1795 1063 1829 1103; x_wconf 87' lang='lat' dir='ltr'>D</span> 
     </span>
     <span class='ocr_line' id='line_1_32' title="bbox 30 1120 1833 1176; baseline 0 -14"><span class='ocrx_word' id='word_1_191' title='bbox 30 1122 260 1175; x_wconf 78' lang='grc' dir='ltr'><strong><em>φαίνηται</em></strong></span> <span class='ocrx_word' id='word_1_192' title='bbox 291 1120 630 1173; x_wconf 85' lang='lat' dir='ltr'><strong>circumscripsi,</strong></span> <span class='ocrx_word' id='word_1_193' title='bbox 661 1121 776 1172; x_wconf 91' lang='lat' dir='ltr'><strong>quod</strong></span> <span class='ocrx_word' id='word_1_194' title='bbox 802 1121 854 1160; x_wconf 85' lang='lat' dir='ltr'><strong>ab</strong></span> <span class='ocrx_word' id='word_1_195' title='bbox 882 1133 932 1160; x_wconf 92' lang='lat' dir='ltr'><strong>eo</strong></span> <span class='ocrx_word' id='word_1_196' title='bbox 963 1121 1133 1162; x_wconf 89' lang='lat' dir='ltr'><strong>demum</strong></span> <span class='ocrx_word' id='word_1_197' title='bbox 1161 1123 1376 1176; x_wconf 85' lang='lat' dir='ltr'><strong>adjectum</strong></span> <span class='ocrx_word' id='word_1_198' title='bbox 1407 1134 1502 1163; x_wconf 88' lang='lat' dir='ltr'><strong>esse</strong></span> <span class='ocrx_word' id='word_1_199' title='bbox 1535 1128 1725 1175; x_wconf 82' lang='lat' dir='ltr'><strong>apparet,</strong></span> <span class='ocrx_word' id='word_1_200' title='bbox 1760 1123 1833 1173; x_wconf 91' lang='lat' dir='ltr'><strong>qui</strong></span> 
     </span>
     <span class='ocr_line' id='line_1_33' title="bbox 29 1170 1832 1235; baseline -0.002 -14"><span class='ocrx_word' id='word_1_201' title='bbox 29 1179 245 1234; x_wconf 86' lang='lat' dir='ltr'><strong>participii</strong></span> <span class='ocrx_word' id='word_1_202' title='bbox 282 1170 622 1230; x_wconf 75' lang='grc' dir='ltr'><strong><em>ἁρμοττόμενος</em></strong></span> <span class='ocrx_word' id='word_1_203' title='bbox 652 1178 830 1218; x_wconf 89' lang='lat' dir='ltr'><strong>eandem</strong></span> <span class='ocrx_word' id='word_1_204' title='bbox 870 1190 996 1228; x_wconf 88' lang='lat' dir='ltr'><strong>quam</strong></span> <span class='ocrx_word' id='word_1_205' title='bbox 1039 1180 1383 1231; x_wconf 88' lang='lat' dir='ltr'><strong>praecedentium</strong></span> <span class='ocrx_word' id='word_1_206' title='bbox 1424 1173 1609 1235; x_wconf 82' lang='grc' dir='ltr'><strong><em>βλέπων</em></strong></span> <span class='ocrx_word' id='word_1_207' title='bbox 1642 1187 1683 1220; x_wconf 90' lang='lat' dir='ltr'><strong>et</strong></span> <span class='ocrx_word' id='word_1_208' title='bbox 1721 1189 1832 1232; x_wconf 82' lang='grc' dir='ltr'><strong><em>πρε-</em></strong></span> 
     </span>
     <span class='ocr_line' id='line_1_34' title="bbox 29 1228 1831 1292; baseline -0.001 -15"><span class='ocrx_word' id='word_1_209' title='bbox 29 1228 206 1292; x_wconf 72' lang='grc' dir='ltr'><strong><em>σβεύων</em></strong></span> <span class='ocrx_word' id='word_1_210' title='bbox 233 1243 484 1276; x_wconf 80' lang='lat' dir='ltr'><strong>structuram</strong></span> <span class='ocrx_word' id='word_1_211' title='bbox 515 1247 609 1275; x_wconf 82' lang='lat' dir='ltr'><strong>esse</strong></span> <span class='ocrx_word' id='word_1_212' title='bbox 640 1247 790 1288; x_wconf 89' lang='lat' dir='ltr'><strong>parum</strong></span> <span class='ocrx_word' id='word_1_213' title='bbox 824 1233 1104 1289; x_wconf 85' lang='lat' dir='ltr'><strong>intelligeret;</strong></span> <span class='ocrx_word' id='word_1_214' title='bbox 1146 1244 1190 1277; x_wconf 86' lang='lat' dir='ltr'><strong>at</strong></span> <span class='ocrx_word' id='word_1_215' title='bbox 1221 1235 1475 1291; x_wconf 84' lang='grc' dir='ltr'><strong><em>φαίνηται,</em></strong></span> <span class='ocrx_word' id='word_1_216' title='bbox 1510 1238 1626 1288; x_wconf 89' lang='lat' dir='ltr'><strong>quod</strong></span> <span class='ocrx_word' id='word_1_217' title='bbox 1662 1238 1715 1278; x_wconf 91' lang='lat' dir='ltr'><strong>ab</strong></span> <span class='ocrx_word' id='word_1_218' title='bbox 1747 1230 1831 1276; x_wconf 76' lang='grc' dir='ltr'><strong>ἐὰν</strong></span> 
     </span>
     <span class='ocr_line' id='line_1_35' title="bbox 28 1286 1830 1348; baseline 0 -14"><span class='ocrx_word' id='word_1_219' title='bbox 28 1289 92 1348; x_wconf 74' lang='grc' dir='ltr'><strong>μὴ</strong></span> <span class='ocrx_word' id='word_1_220' title='bbox 122 1294 299 1348; x_wconf 84' lang='lat' dir='ltr'><strong>pendet,</strong></span> <span class='ocrx_word' id='word_1_221' title='bbox 326 1294 386 1333; x_wconf 88' lang='lat' dir='ltr'><strong>ita</strong></span> <span class='ocrx_word' id='word_1_222' title='bbox 410 1298 572 1333; x_wconf 89' lang='lat' dir='ltr'><strong>tantum</strong></span> <span class='ocrx_word' id='word_1_223' title='bbox 593 1293 736 1332; x_wconf 89' lang='lat' dir='ltr'><strong>sensui</strong></span> <span class='ocrx_word' id='word_1_224' title='bbox 768 1299 991 1342; x_wconf 85' lang='lat' dir='ltr'><strong>constaret,</strong></span> <span class='ocrx_word' id='word_1_225' title='bbox 1025 1294 1060 1333; x_wconf 90' lang='lat' dir='ltr'><strong>si</strong></span> <span class='ocrx_word' id='word_1_226' title='bbox 1083 1286 1190 1333; x_wconf 72' lang='grc' dir='ltr'><strong>ἀλλ’</strong></span> <span class='ocrx_word' id='word_1_227' title='bbox 1212 1288 1287 1334; x_wconf 83' lang='grc' dir='ltr'><strong>αἐὶ</strong></span> <span class='ocrx_word' id='word_1_228' title='bbox 1310 1296 1352 1334; x_wconf 91' lang='lat' dir='ltr'><strong>in</strong></span> <span class='ocrx_word' id='word_1_229' title='bbox 1379 1290 1459 1334; x_wconf 80' lang='grc' dir='ltr'><strong>καὶ</strong></span> <span class='ocrx_word' id='word_1_230' title='bbox 1484 1287 1557 1333; x_wconf 70' lang='grc' dir='ltr'><strong>ἀεὶ</strong></span> <span class='ocrx_word' id='word_1_231' title='bbox 1584 1300 1830 1343; x_wconf 84' lang='lat' dir='ltr'><strong>mutaretur,</strong></span> 
     </span>
     <span class='ocr_line' id='line_1_36' title="bbox 30 1349 1830 1405; baseline -0.001 -12"><span class='ocrx_word' id='word_1_232' title='bbox 30 1363 108 1393; x_wconf 87' lang='lat' dir='ltr'><strong>nec</strong></span> <span class='ocrx_word' id='word_1_233' title='bbox 144 1351 211 1392; x_wconf 82' lang='lat' dir='ltr'><strong>vel</strong></span> <span class='ocrx_word' id='word_1_234' title='bbox 242 1352 303 1391; x_wconf 84' lang='lat' dir='ltr'><strong>sic</strong></span> <span class='ocrx_word' id='word_1_235' title='bbox 335 1350 582 1404; x_wconf 75' lang='lat' dir='ltr'><strong>languorem</strong></span> <span class='ocrx_word' id='word_1_236' title='bbox 613 1362 667 1390; x_wconf 84' lang='lat' dir='ltr'><strong>ex</strong></span> <span class='ocrx_word' id='word_1_237' title='bbox 698 1350 812 1390; x_wconf 86' lang='lat' dir='ltr'><strong>inani</strong></span> <span class='ocrx_word' id='word_1_238' title='bbox 838 1349 993 1390; x_wconf 87' lang='lat' dir='ltr'><strong>similis</strong></span> <span class='ocrx_word' id='word_1_239' title='bbox 1026 1353 1260 1392; x_wconf 88' lang='lat' dir='ltr'><strong>sententiae</strong></span> <span class='ocrx_word' id='word_1_240' title='bbox 1295 1353 1517 1393; x_wconf 80' lang='lat' dir='ltr'><strong>iteratione</strong></span> <span class='ocrx_word' id='word_1_241' title='bbox 1550 1352 1830 1405; x_wconf 83' lang='lat' dir='ltr'><strong>prodeuntem</strong></span> 
     </span>
     <span class='ocr_line' id='line_1_37' title="bbox 30 1409 252 1463; baseline -0.005 -14"><span class='ocrx_word' id='word_1_242' title='bbox 30 1409 252 1463; x_wconf 76' lang='lat' dir='ltr'><strong>effugeret.</strong></span> 
     </span>
    </p>
   </div>
   <div class='ocr_carea' id='block_1_5' title="bbox 21 1515 1831 2896">
    <p class='ocr_par' dir='ltr' id='par_1_5' title="bbox 21 1515 1831 2840">
     <span class='ocr_line' id='line_1_38' title="bbox 147 1515 1826 1577; baseline 0.003 -14"><span class='ocrx_word' id='word_1_243' title='bbox 147 1524 271 1575; x_wconf 82' lang='lat' dir='ltr'><strong>Reip.</strong></span> <span class='ocrx_word' id='word_1_244' title='bbox 296 1523 324 1562; x_wconf 92' lang='grc' dir='ltr'><strong>Ι.</strong></span> <span class='ocrx_word' id='word_1_245' title='bbox 347 1522 399 1563; x_wconf 86' lang='grc' dir='ltr'><strong>Χ.</strong></span> <span class='ocrx_word' id='word_1_246' title='bbox 430 1536 471 1577; x_wconf 92' lang='lat' dir='ltr'><strong>p.</strong></span> <span class='ocrx_word' id='word_1_247' title='bbox 501 1521 586 1564; x_wconf 88' lang='lat'><strong>595</strong></span> <span class='ocrx_word' id='word_1_248' title='bbox 618 1521 650 1562; x_wconf 85' lang='lat' dir='ltr'><strong>G</strong></span> <span class='ocrx_word' id='word_1_249' title='bbox 679 1515 919 1575; x_wconf 80' lang='grc' dir='ltr'><strong><em>συννοήσω</em></strong></span> <span class='ocrx_word' id='word_1_250' title='bbox 948 1524 978 1563; x_wconf 88' lang='grc' dir='ltr'><em>Ρ</em></span> <span class='ocrx_word' id='word_1_251' title='bbox 1006 1531 1046 1562; x_wconf 88' lang='lat' dir='ltr'><strong>et</strong></span> <span class='ocrx_word' id='word_1_252' title='bbox 1074 1523 1372 1576; x_wconf 87' lang='lat' dir='ltr'><strong>Schneiderus,</strong></span> <span class='ocrx_word' id='word_1_253' title='bbox 1401 1517 1646 1577; x_wconf 77' lang='grc' dir='ltr'><strong><em>ξυννοήσω</em></strong></span> <span class='ocrx_word' id='word_1_254' title='bbox 1672 1523 1826 1568; x_wconf 92' lang='lat' dir='ltr'><strong>VBST.</strong></span> 
     </span>
     <span class='ocr_line' id='line_1_39' title="bbox 26 1574 1828 1635; baseline 0.001 -16"><span class='ocrx_word' id='word_1_255' title='bbox 26 1601 86 1612; x_wconf 92' lang='lat'>—</span> <span class='ocrx_word' id='word_1_256' title='bbox 114 1581 161 1620; x_wconf 88' lang='lat' dir='ltr'><strong>P.</strong></span> <span class='ocrx_word' id='word_1_257' title='bbox 202 1578 287 1621; x_wconf 79' lang='lat'><strong>507</strong></span> <span class='ocrx_word' id='word_1_258' title='bbox 320 1581 353 1620; x_wconf 80' lang='lat' dir='ltr'>E</span> <span class='ocrx_word' id='word_1_259' title='bbox 387 1574 759 1635; x_wconf 78' lang='grc' dir='ltr'><strong><em>τραγῳδιοποιὸς</em></strong></span> <span class='ocrx_word' id='word_1_260' title='bbox 788 1580 825 1620; x_wconf 88' lang='grc' dir='ltr'><strong><em>Η</em></strong></span> <span class='ocrx_word' id='word_1_261' title='bbox 855 1588 901 1620; x_wconf 87' lang='lat' dir='ltr'><strong>ut</strong></span> <span class='ocrx_word' id='word_1_262' title='bbox 938 1593 1125 1634; x_wconf 87' lang='lat' dir='ltr'><strong>semper,</strong></span> <span class='ocrx_word' id='word_1_263' title='bbox 1158 1582 1272 1633; x_wconf 89' lang='lat' dir='ltr'><strong>quod</strong></span> <span class='ocrx_word' id='word_1_264' title='bbox 1309 1595 1353 1635; x_wconf 88' lang='lat' dir='ltr'><strong>p.</strong></span> <span class='ocrx_word' id='word_1_265' title='bbox 1388 1582 1473 1625; x_wconf 88' lang='lat'><strong>605</strong></span> <span class='ocrx_word' id='word_1_266' title='bbox 1507 1584 1546 1622; x_wconf 92' lang='lat' dir='ltr'>A</span> <span class='ocrx_word' id='word_1_267' title='bbox 1576 1583 1703 1622; x_wconf 87' lang='lat' dir='ltr'><strong>etiam</strong></span> <span class='ocrx_word' id='word_1_268' title='bbox 1733 1581 1828 1626; x_wconf 83' lang='lat' dir='ltr'><strong>Par.</strong></span> 
     </span>
     <span class='ocr_line' id='line_1_40' title="bbox 30 1636 1831 1694; baseline -0.001 -15"><span class='ocrx_word' id='word_1_269' title='bbox 30 1637 252 1691; x_wconf 79' lang='lat' dir='ltr'><strong>ipsiusque</strong></span> <span class='ocrx_word' id='word_1_270' title='bbox 274 1636 520 1679; x_wconf 88' lang='lat' dir='ltr'><strong>Schneideri</strong></span> <span class='ocrx_word' id='word_1_271' title='bbox 549 1649 759 1679; x_wconf 84' lang='lat' dir='ltr'><strong>consensu</strong></span> <span class='ocrx_word' id='word_1_272' title='bbox 786 1638 955 1686; x_wconf 90' lang='lat' dir='ltr'><strong>nititur;</strong></span> <span class='ocrx_word' id='word_1_273' title='bbox 985 1639 1219 1690; x_wconf 89' lang='lat' dir='ltr'><strong>eodemque</strong></span> <span class='ocrx_word' id='word_1_274' title='bbox 1254 1641 1452 1694; x_wconf 85' lang='lat' dir='ltr'><strong>exemplo</strong></span> <span class='ocrx_word' id='word_1_275' title='bbox 1483 1652 1528 1693; x_wconf 89' lang='lat' dir='ltr'><strong>p.</strong></span> <span class='ocrx_word' id='word_1_276' title='bbox 1559 1639 1645 1682; x_wconf 85' lang='lat'><strong>606</strong></span> <span class='ocrx_word' id='word_1_277' title='bbox 1676 1639 1711 1678; x_wconf 86' lang='lat' dir='ltr'>D</span> <span class='ocrx_word' id='word_1_278' title='bbox 1742 1651 1831 1678; x_wconf 79' lang='grc' dir='ltr'><strong>κω-</strong></span> 
     </span>
     <span class='ocr_line' id='line_1_41' title="bbox 27 1689 1830 1751; baseline 0.003 -18"><span class='ocrx_word' id='word_1_279' title='bbox 27 1689 316 1750; x_wconf 68' lang='grc' dir='ltr'><strong><em>μῳδιοποιὸς</em></strong></span> <span class='ocrx_word' id='word_1_280' title='bbox 350 1703 391 1736; x_wconf 92' lang='lat' dir='ltr'><strong>et</strong></span> <span class='ocrx_word' id='word_1_281' title='bbox 422 1709 464 1749; x_wconf 90' lang='lat' dir='ltr'><strong>p.</strong></span> <span class='ocrx_word' id='word_1_282' title='bbox 493 1695 579 1737; x_wconf 88' lang='grc'><strong>607</strong></span> <span class='ocrx_word' id='word_1_283' title='bbox 606 1697 645 1736; x_wconf 82' lang='grc' dir='ltr'><strong>Α</strong></span> <span class='ocrx_word' id='word_1_284' title='bbox 670 1692 1058 1751; x_wconf 78' lang='grc' dir='ltr'><strong><em>τραγῳδιοποιῶν</em></strong></span> <span class='ocrx_word' id='word_1_285' title='bbox 1090 1697 1358 1738; x_wconf 89' lang='lat' dir='ltr'><strong>scribendum</strong></span> <span class='ocrx_word' id='word_1_286' title='bbox 1387 1705 1489 1738; x_wconf 85' lang='lat' dir='ltr'><strong>erat.</strong></span> <span class='ocrx_word' id='word_1_287' title='bbox 1522 1720 1582 1728; x_wconf 91' lang='lat'>—</span> <span class='ocrx_word' id='word_1_288' title='bbox 1609 1698 1657 1742; x_wconf 87' lang='lat' dir='ltr'><strong>P.</strong></span> <span class='ocrx_word' id='word_1_289' title='bbox 1690 1695 1775 1738; x_wconf 88' lang='lat'><strong>599</strong></span> <span class='ocrx_word' id='word_1_290' title='bbox 1797 1697 1830 1737; x_wconf 90' lang='grc' dir='ltr'>Β</span> 
     </span>
     <span class='ocr_line' id='line_1_42' title="bbox 29 1743 1831 1807; baseline 0.001 -15"><span class='ocrx_word' id='word_1_291' title='bbox 29 1743 280 1792; x_wconf 70' lang='grc' dir='ltr'><strong><em>ὁντιναοῦν</em></strong></span> <span class='ocrx_word' id='word_1_292' title='bbox 308 1754 338 1794; x_wconf 88' lang='lat' dir='ltr'>P</span> <span class='ocrx_word' id='word_1_293' title='bbox 366 1761 407 1794; x_wconf 90' lang='lat' dir='ltr'><strong>et</strong></span> <span class='ocrx_word' id='word_1_294' title='bbox 434 1751 463 1793; x_wconf 92' lang='lat' dir='ltr'>S</span> <span class='ocrx_word' id='word_1_295' title='bbox 494 1766 516 1793; x_wconf 93' lang='lat' dir='ltr'><strong>c</strong></span> <span class='ocrx_word' id='word_1_296' title='bbox 547 1766 588 1792; x_wconf 91' lang='lat' dir='ltr'><strong>m</strong></span> <span class='ocrx_word' id='word_1_297' title='bbox 619 1753 774 1795; x_wconf 85' lang='lat' dir='ltr'><strong>Euseb.</strong></span> <span class='ocrx_word' id='word_1_298' title='bbox 805 1753 957 1806; x_wconf 85' lang='lat' dir='ltr'><strong>Praep.</strong></span> <span class='ocrx_word' id='word_1_299' title='bbox 988 1754 1149 1807; x_wconf 84' lang='lat' dir='ltr'><strong>Evang.</strong></span> <span class='ocrx_word' id='word_1_300' title='bbox 1179 1753 1272 1798; x_wconf 88' lang='lat' dir='ltr'><strong>XII.</strong></span> <span class='ocrx_word' id='word_1_301' title='bbox 1302 1754 1384 1804; x_wconf 80' lang='lat'><strong>49;</strong></span> <span class='ocrx_word' id='word_1_302' title='bbox 1413 1748 1632 1795; x_wconf 85' lang='grc' dir='ltr'><strong><em>ὁντινοῦν</em></strong></span> <span class='ocrx_word' id='word_1_303' title='bbox 1661 1754 1769 1794; x_wconf 86' lang='lat' dir='ltr'><strong>VBT</strong></span> <span class='ocrx_word' id='word_1_304' title='bbox 1791 1762 1831 1794; x_wconf 85' lang='lat' dir='ltr'><strong>et</strong></span> 
     </span>
     <span class='ocr_line' id='line_1_43' title="bbox 30 1808 1829 1866; baseline 0.001 -15"><span class='ocrx_word' id='word_1_305' title='bbox 30 1808 336 1857; x_wconf 79' lang='lat' dir='ltr'><strong>Schneiderus3</strong></span> <span class='ocrx_word' id='word_1_306' title='bbox 369 1817 411 1850; x_wconf 88' lang='lat' dir='ltr'><strong>at</strong></span> <span class='ocrx_word' id='word_1_307' title='bbox 439 1811 526 1862; x_wconf 90' lang='lat' dir='ltr'><strong>opti</strong></span> <span class='ocrx_word' id='word_1_308' title='bbox 577 1811 590 1849; x_wconf 95' lang='lat' dir='ltr'><strong>i</strong></span> <span class='ocrx_word' id='word_1_309' title='bbox 621 1810 715 1851; x_wconf 92' lang='lat' dir='ltr'><strong>cod.</strong></span> <span class='ocrx_word' id='word_1_310' title='bbox 747 1812 1038 1851; x_wconf 83' lang='lat' dir='ltr'><strong>auctoritatem</strong></span> <span class='ocrx_word' id='word_1_311' title='bbox 1064 1812 1154 1863; x_wconf 90' lang='lat' dir='ltr'><strong>jam</strong></span> <span class='ocrx_word' id='word_1_312' title='bbox 1182 1812 1317 1864; x_wconf 79' lang='lat' dir='ltr'><strong>praef.</strong></span> <span class='ocrx_word' id='word_1_313' title='bbox 1347 1812 1486 1853; x_wconf 88' lang='lat' dir='ltr'><strong>Turic.</strong></span> <span class='ocrx_word' id='word_1_314' title='bbox 1519 1825 1566 1866; x_wconf 85' lang='lat' dir='ltr'><strong>p.</strong></span> <span class='ocrx_word' id='word_1_315' title='bbox 1596 1811 1736 1853; x_wconf 90' lang='lat' dir='ltr'><strong>XXVI</strong></span> <span class='ocrx_word' id='word_1_316' title='bbox 1767 1818 1829 1852; x_wconf 90' lang='lat' dir='ltr'><strong>te-</strong></span> 
     </span>
     <span class='ocr_line' id='line_1_44' title="bbox 27 1856 1830 1921; baseline 0.001 -14"><span class='ocrx_word' id='word_1_317' title='bbox 27 1876 172 1908; x_wconf 70' lang='lat' dir='ltr'><strong>statur.</strong></span> <span class='ocrx_word' id='word_1_318' title='bbox 209 1889 267 1898; x_wconf 91' lang='lat'><strong>—-</strong></span> <span class='ocrx_word' id='word_1_319' title='bbox 296 1868 343 1909; x_wconf 82' lang='lat' dir='ltr'><strong>P.</strong></span> <span class='ocrx_word' id='word_1_320' title='bbox 379 1865 465 1909; x_wconf 83' lang='grc'><strong>603</strong></span> <span class='ocrx_word' id='word_1_321' title='bbox 492 1866 525 1907; x_wconf 85' lang='grc' dir='ltr'><strong>Β</strong></span> <span class='ocrx_word' id='word_1_322' title='bbox 557 1856 589 1918; x_wconf 83' lang='grc' dir='ltr'>ἦ</span> <span class='ocrx_word' id='word_1_323' title='bbox 618 1862 699 1907; x_wconf 73' lang='grc' dir='ltr'><strong>καὶ</strong></span> <span class='ocrx_word' id='word_1_324' title='bbox 729 1863 846 1907; x_wconf 76' lang='grc' dir='ltr'><strong><em>κατὰ</em></strong></span> <span class='ocrx_word' id='word_1_325' title='bbox 884 1866 919 1906; x_wconf 87' lang='lat' dir='ltr'>H</span> <span class='ocrx_word' id='word_1_326' title='bbox 958 1880 1054 1907; x_wconf 89' lang='lat' dir='ltr'><strong>cum</strong></span> <span class='ocrx_word' id='word_1_327' title='bbox 1084 1867 1204 1908; x_wconf 87' lang='lat' dir='ltr'><strong>libris</strong></span> <span class='ocrx_word' id='word_1_328' title='bbox 1236 1868 1451 1921; x_wconf 86' lang='lat' dir='ltr'><strong>plerisque</strong></span> <span class='ocrx_word' id='word_1_329' title='bbox 1494 1878 1535 1910; x_wconf 88' lang='lat' dir='ltr'><strong>et</strong></span> <span class='ocrx_word' id='word_1_330' title='bbox 1571 1870 1830 1910; x_wconf 80' lang='lat' dir='ltr'><strong>editionibus</strong></span> 
     </span>
     <span class='ocr_line' id='line_1_45' title="bbox 26 1915 1830 1978; baseline 0.001 -12"><span class='ocrx_word' id='word_1_331' title='bbox 26 1934 124 1966; x_wconf 70' lang='lat' dir='ltr'><strong>ante</strong></span> <span class='ocrx_word' id='word_1_332' title='bbox 162 1923 447 1978; x_wconf 82' lang='lat' dir='ltr'><strong>Stephanum,</strong></span> <span class='ocrx_word' id='word_1_333' title='bbox 484 1915 514 1975; x_wconf 82' lang='grc' dir='ltr'>ἦ</span> <span class='ocrx_word' id='word_1_334' title='bbox 547 1921 626 1964; x_wconf 78' lang='grc' dir='ltr'><strong>καὶ</strong></span> <span class='ocrx_word' id='word_1_335' title='bbox 662 1919 691 1977; x_wconf 90' lang='grc' dir='ltr'><strong><em>ἡ</em></strong></span> <span class='ocrx_word' id='word_1_336' title='bbox 724 1917 842 1964; x_wconf 78' lang='grc' dir='ltr'><strong><em>κατὰ</em></strong></span> <span class='ocrx_word' id='word_1_337' title='bbox 874 1924 1016 1965; x_wconf 89' lang='lat' dir='ltr'>VBST</span> <span class='ocrx_word' id='word_1_338' title='bbox 1047 1933 1086 1964; x_wconf 85' lang='lat' dir='ltr'><strong>et</strong></span> <span class='ocrx_word' id='word_1_339' title='bbox 1118 1924 1404 1966; x_wconf 85' lang='lat' dir='ltr'><strong>Schneiderus</strong></span> <span class='ocrx_word' id='word_1_340' title='bbox 1438 1939 1535 1967; x_wconf 89' lang='lat' dir='ltr'><strong>cum</strong></span> <span class='ocrx_word' id='word_1_341' title='bbox 1569 1926 1684 1967; x_wconf 87' lang='lat' dir='ltr'><strong>Mon.</strong></span> <span class='ocrx_word' id='word_1_342' title='bbox 1718 1926 1751 1967; x_wconf 90' lang='lat' dir='ltr'>B</span> <span class='ocrx_word' id='word_1_343' title='bbox 1789 1934 1830 1967; x_wconf 88' lang='lat' dir='ltr'><strong>et</strong></span> 
     </span>
     <span class='ocr_line' id='line_1_46' title="bbox 23 1979 1830 2036; baseline 0 -12"><span class='ocrx_word' id='word_1_344' title='bbox 23 1980 133 2025; x_wconf 63' lang='lat' dir='ltr'><strong>rtur.</strong></span> <span class='ocrx_word' id='word_1_345' title='bbox 163 1980 197 2023; x_wconf 87' lang='lat' dir='ltr'>U</span> <span class='ocrx_word' id='word_1_346' title='bbox 223 1989 391 2036; x_wconf 85' lang='lat' dir='ltr'><strong>praeter</strong></span> <span class='ocrx_word' id='word_1_347' title='bbox 418 1982 727 2030; x_wconf 86' lang='lat' dir='ltr'><strong>necessitatem,</strong></span> <span class='ocrx_word' id='word_1_348' title='bbox 756 1982 911 2022; x_wconf 88' lang='lat' dir='ltr'><strong>nedum</strong></span> <span class='ocrx_word' id='word_1_349' title='bbox 933 1982 1185 2034; x_wconf 83' lang='lat' dir='ltr'><strong>astipulante</strong></span> <span class='ocrx_word' id='word_1_350' title='bbox 1208 1984 1262 2030; x_wconf 90' lang='lat' dir='ltr'><strong>P,</strong></span> <span class='ocrx_word' id='word_1_351' title='bbox 1296 1985 1367 2024; x_wconf 90' lang='lat' dir='ltr'><strong>ubi</strong></span> <span class='ocrx_word' id='word_1_352' title='bbox 1398 1983 1460 2023; x_wconf 88' lang='lat' dir='ltr'><strong>vel</strong></span> <span class='ocrx_word' id='word_1_353' title='bbox 1483 1979 1563 2023; x_wconf 76' lang='grc' dir='ltr'><strong>καὶ</strong></span> <span class='ocrx_word' id='word_1_354' title='bbox 1589 1991 1830 2025; x_wconf 86' lang='lat' dir='ltr'><strong>correctura</strong></span> 
     </span>
     <span class='ocr_line' id='line_1_47' title="bbox 25 2033 1829 2095; baseline 0.001 -15"><span class='ocrx_word' id='word_1_355' title='bbox 25 2037 196 2081; x_wconf 82' lang='lat' dir='ltr'><strong>demum</strong></span> <span class='ocrx_word' id='word_1_356' title='bbox 230 2039 423 2082; x_wconf 81' lang='lat' dir='ltr'><strong>accessit.</strong></span> <span class='ocrx_word' id='word_1_357' title='bbox 458 2060 510 2067; x_wconf 92' lang='lat'><strong>—</strong></span> <span class='ocrx_word' id='word_1_358' title='bbox 546 2040 591 2079; x_wconf 88' lang='lat' dir='ltr'><strong>P.</strong></span> <span class='ocrx_word' id='word_1_359' title='bbox 625 2039 712 2081; x_wconf 87' lang='lat'><strong>605</strong></span> <span class='ocrx_word' id='word_1_360' title='bbox 743 2039 775 2080; x_wconf 90' lang='lat' dir='ltr'>C</span> <span class='ocrx_word' id='word_1_361' title='bbox 806 2033 1201 2079; x_wconf 80' lang='grc' dir='ltr'><strong><em>εἰδωλοποιοῦντα</em></strong></span> <span class='ocrx_word' id='word_1_362' title='bbox 1233 2038 1261 2080; x_wconf 93' lang='lat' dir='ltr'>S</span> <span class='ocrx_word' id='word_1_363' title='bbox 1296 2053 1391 2081; x_wconf 89' lang='lat' dir='ltr'><strong>cum</strong></span> <span class='ocrx_word' id='word_1_364' title='bbox 1422 2041 1759 2095; x_wconf 79' lang='lat' dir='ltr'><strong>Morgensternio</strong></span> <span class='ocrx_word' id='word_1_365' title='bbox 1788 2050 1829 2082; x_wconf 88' lang='lat' dir='ltr'><strong>et</strong></span> 
     </span>
     <span class='ocr_line' id='line_1_48' title="bbox 22 2090 1827 2151; baseline 0.001 -14"><span class='ocrx_word' id='word_1_366' title='bbox 22 2098 172 2146; x_wconf 68' lang='lat' dir='ltr'><strong>Antio,</strong></span> <span class='ocrx_word' id='word_1_367' title='bbox 213 2090 594 2136; x_wconf 73' lang='grc' dir='ltr'><strong><em>εἰδωλοποιοῦντι</em></strong></span> <span class='ocrx_word' id='word_1_368' title='bbox 626 2097 736 2137; x_wconf 87' lang='lat' dir='ltr'><strong>VBT</strong></span> <span class='ocrx_word' id='word_1_369' title='bbox 769 2104 808 2137; x_wconf 92' lang='lat' dir='ltr'><strong>et</strong></span> <span class='ocrx_word' id='word_1_370' title='bbox 842 2096 1126 2138; x_wconf 79' lang='lat' dir='ltr'><strong>Sclineiderus</strong></span> <span class='ocrx_word' id='word_1_371' title='bbox 1158 2111 1255 2138; x_wconf 90' lang='lat' dir='ltr'><strong>cum</strong></span> <span class='ocrx_word' id='word_1_372' title='bbox 1291 2098 1411 2138; x_wconf 85' lang='lat' dir='ltr'><strong>libris</strong></span> <span class='ocrx_word' id='word_1_373' title='bbox 1468 2099 1622 2150; x_wconf 86' lang='lat' dir='ltr'><strong>quibus</strong></span> <span class='ocrx_word' id='word_1_374' title='bbox 1654 2110 1827 2151; x_wconf 88' lang='lat' dir='ltr'><strong>praece-</strong></span> 
     </span>
     <span class='ocr_line' id='line_1_49' title="bbox 24 2129 1826 2202; baseline 0.001 -7"><span class='ocrx_word' id='word_1_375' title='bbox 24 2150 129 2195; x_wconf 77' lang='lat' dir='ltr'><strong>«tens</strong></span> <span class='ocrx_word' id='word_1_376' title='bbox 165 2155 334 2195; x_wconf 77' lang='lat' dir='ltr'><strong>dativus</strong></span> <span class='ocrx_word' id='word_1_377' title='bbox 371 2154 562 2195; x_wconf 76' lang='lat' dir='ltr'><strong>fraudem</strong></span> <span class='ocrx_word' id='word_1_378' title='bbox 597 2155 751 2195; x_wconf 75' lang='lat' dir='ltr'><strong>fecisse</strong></span> <span class='ocrx_word' id='word_1_379' title='bbox 789 2155 974 2202; x_wconf 62' lang='lat' dir='ltr'><strong>videtum</strong></span> <span class='ocrx_word' id='word_1_380' title='bbox 1014 2167 1124 2195; x_wconf 88' lang='lat' dir='ltr'><strong>nuuc</strong></span> <span class='ocrx_word' id='word_1_381' title='bbox 1164 2155 1276 2196; x_wconf 89' lang='lat' dir='ltr'><strong>idem</strong></span> <span class='ocrx_word' id='word_1_382' title='bbox 1310 2164 1350 2196; x_wconf 87' lang='lat' dir='ltr'><strong>et</strong></span> <span class='ocrx_word' id='word_1_383' title='bbox 1384 2129 1579 2196; x_wconf 61' lang='grc' dir='ltr'><strong><em>εἰδώλου</em></strong></span> <span class='ocrx_word' id='word_1_384' title='bbox 1610 2157 1826 2197; x_wconf 87' lang='lat' dir='ltr'><strong>notionem</strong></span> 
     </span>
     <span class='ocr_line' id='line_1_50' title="bbox 25 2205 1828 2267; baseline 0.002 -16"><span class='ocrx_word' id='word_1_385' title='bbox 25 2211 159 2252; x_wconf 83' lang='lat' dir='ltr'><strong>otiose</strong></span> <span class='ocrx_word' id='word_1_386' title='bbox 192 2213 360 2252; x_wconf 84' lang='lat' dir='ltr'><strong>iteraret</strong></span> <span class='ocrx_word' id='word_1_387' title='bbox 390 2220 429 2252; x_wconf 90' lang='lat' dir='ltr'><strong>et</strong></span> <span class='ocrx_word' id='word_1_388' title='bbox 462 2225 643 2264; x_wconf 82' lang='lat' dir='ltr'><strong>sequens</strong></span> <span class='ocrx_word' id='word_1_389' title='bbox 671 2205 722 2252; x_wconf 77' lang='grc' dir='ltr'><strong>δὲ</strong></span> <span class='ocrx_word' id='word_1_390' title='bbox 753 2213 825 2253; x_wconf 81' lang='lat' dir='ltr'><strong>vix</strong></span> <span class='ocrx_word' id='word_1_391' title='bbox 858 2213 1118 2261; x_wconf 84' lang='lat' dir='ltr'><strong>admitteret,</strong></span> <span class='ocrx_word' id='word_1_392' title='bbox 1149 2226 1233 2264; x_wconf 89' lang='lat' dir='ltr'><strong>quo</strong></span> <span class='ocrx_word' id='word_1_393' title='bbox 1261 2216 1554 2254; x_wconf 84' lang='lat' dir='ltr'><strong>accusativum</strong></span> <span class='ocrx_word' id='word_1_394' title='bbox 1585 2215 1730 2267; x_wconf 83' lang='lat' dir='ltr'><strong>potius</strong></span> <span class='ocrx_word' id='word_1_395' title='bbox 1759 2226 1828 2254; x_wconf 90' lang='lat' dir='ltr'><strong>ac-</strong></span> 
     </span>
     <span class='ocr_line' id='line_1_51' title="bbox 24 2261 1826 2325; baseline 0.002 -16"><span class='ocrx_word' id='word_1_396' title='bbox 24 2270 217 2310; x_wconf 78' lang='lat' dir='ltr'><strong>cusativo</strong></span> <span class='ocrx_word' id='word_1_397' title='bbox 247 2261 491 2321; x_wconf 75' lang='grc' dir='ltr'><strong><em>ἀφεστῶτα</em></strong></span> <span class='ocrx_word' id='word_1_398' title='bbox 522 2271 680 2323; x_wconf 85' lang='lat' dir='ltr'><strong>opponi</strong></span> <span class='ocrx_word' id='word_1_399' title='bbox 711 2282 788 2323; x_wconf 83' lang='lat' dir='ltr'><strong>par</strong></span> <span class='ocrx_word' id='word_1_400' title='bbox 817 2280 893 2311; x_wconf 80' lang='lat' dir='ltr'><strong>est.</strong></span> <span class='ocrx_word' id='word_1_401' title='bbox 925 2291 982 2299; x_wconf 90' lang='lat'>—</span> <span class='ocrx_word' id='word_1_402' title='bbox 1023 2272 1068 2312; x_wconf 87' lang='lat' dir='ltr'><strong>P.</strong></span> <span class='ocrx_word' id='word_1_403' title='bbox 1098 2270 1184 2312; x_wconf 83' lang='grc'><strong>606</strong></span> <span class='ocrx_word' id='word_1_404' title='bbox 1213 2270 1243 2310; x_wconf 89' lang='lat' dir='ltr'>C</span> <span class='ocrx_word' id='word_1_405' title='bbox 1278 2271 1652 2325; x_wconf 80' lang='lat' dir='ltr'><strong>impeditissimum</strong></span> <span class='ocrx_word' id='word_1_406' title='bbox 1686 2271 1826 2312; x_wconf 88' lang='lat' dir='ltr'><strong>locum</strong></span> 
     </span>
     <span class='ocr_line' id='line_1_52' title="bbox 25 2324 1827 2382; baseline 0.002 -16"><span class='ocrx_word' id='word_1_407' title='bbox 25 2324 169 2378; x_wconf 69' lang='lat' dir='ltr'><strong>aliquo</strong></span> <span class='ocrx_word' id='word_1_408' title='bbox 197 2336 308 2367; x_wconf 80' lang='lat' dir='ltr'><strong>certe</strong></span> <span class='ocrx_word' id='word_1_409' title='bbox 339 2327 463 2367; x_wconf 83' lang='lat' dir='ltr'><strong>modo</strong></span> <span class='ocrx_word' id='word_1_410' title='bbox 492 2327 547 2367; x_wconf 86' lang='lat' dir='ltr'><strong>ad</strong></span> <span class='ocrx_word' id='word_1_411' title='bbox 570 2329 730 2380; x_wconf 78' lang='lat' dir='ltr'><strong>justam</strong></span> <span class='ocrx_word' id='word_1_412' title='bbox 762 2336 1013 2368; x_wconf 82' lang='lat' dir='ltr'><strong>structuram</strong></span> <span class='ocrx_word' id='word_1_413' title='bbox 1043 2327 1249 2382; x_wconf 78' lang='lat' dir='ltr'><strong>refingere</strong></span> <span class='ocrx_word' id='word_1_414' title='bbox 1275 2337 1453 2370; x_wconf 84' lang='lat' dir='ltr'><strong>conatus</strong></span> <span class='ocrx_word' id='word_1_415' title='bbox 1485 2341 1594 2376; x_wconf 88' lang='lat' dir='ltr'><strong>sum,</strong></span> <span class='ocrx_word' id='word_1_416' title='bbox 1630 2331 1699 2370; x_wconf 85' lang='lat' dir='ltr'><strong>cui</strong></span> <span class='ocrx_word' id='word_1_417' title='bbox 1728 2342 1827 2371; x_wconf 90' lang='lat' dir='ltr'><strong>con-</strong></span> 
     </span>
     <span class='ocr_line' id='line_1_53' title="bbox 24 2383 1825 2440; baseline 0.002 -16"><span class='ocrx_word' id='word_1_418' title='bbox 24 2389 175 2424; x_wconf 77' lang='lat' dir='ltr'><strong>tortam</strong></span> <span class='ocrx_word' id='word_1_419' title='bbox 210 2383 528 2438; x_wconf 75' lang='lat' dir='ltr'><strong>Naegelsbachii</strong></span> <span class='ocrx_word' id='word_1_420' title='bbox 568 2384 897 2437; x_wconf 83' lang='lat' dir='ltr'><strong>explicationem</strong></span> <span class='ocrx_word' id='word_1_421' title='bbox 940 2386 1113 2427; x_wconf 72' lang='lat' dir='ltr'><strong>Emend.</strong></span> <span class='ocrx_word' id='word_1_422' title='bbox 1144 2386 1250 2427; x_wconf 87' lang='lat' dir='ltr'><strong>Plat.</strong></span> <span class='ocrx_word' id='word_1_423' title='bbox 1286 2400 1330 2440; x_wconf 91' lang='lat' dir='ltr'><strong>p.</strong></span> <span class='ocrx_word' id='word_1_424' title='bbox 1362 2386 1391 2428; x_wconf 89' lang='lat'>6</span> <span class='ocrx_word' id='word_1_425' title='bbox 1419 2386 1616 2429; x_wconf 84' lang='lat' dir='ltr'><strong>sufficere</strong></span> <span class='ocrx_word' id='word_1_426' title='bbox 1652 2388 1726 2428; x_wconf 82' lang='lat' dir='ltr'><strong>vix</strong></span> <span class='ocrx_word' id='word_1_427' title='bbox 1758 2400 1825 2428; x_wconf 82' lang='lat' dir='ltr'><strong>ar-</strong></span> 
     </span>
     <span class='ocr_line' id='line_1_54' title="bbox 25 2439 1825 2496; baseline 0.003 -17"><span class='ocrx_word' id='word_1_428' title='bbox 25 2439 170 2485; x_wconf 86' lang='lat' dir='ltr'><strong>bitror.</strong></span> <span class='ocrx_word' id='word_1_429' title='bbox 234 2442 363 2482; x_wconf 78' lang='lat' dir='ltr'><strong>Immo</strong></span> <span class='ocrx_word' id='word_1_430' title='bbox 390 2442 568 2483; x_wconf 87' lang='lat' dir='ltr'><strong>libenter</strong></span> <span class='ocrx_word' id='word_1_431' title='bbox 595 2444 733 2495; x_wconf 78' lang='lat' dir='ltr'><strong>recepi</strong></span> <span class='ocrx_word' id='word_1_432' title='bbox 761 2441 1007 2483; x_wconf 78' lang='lat' dir='ltr'><strong>Schneidcri</strong></span> <span class='ocrx_word' id='word_1_433' title='bbox 1039 2445 1380 2485; x_wconf 82' lang='lat' dir='ltr'><strong>emendationem</strong></span> <span class='ocrx_word' id='word_1_434' title='bbox 1413 2442 1631 2485; x_wconf 88' lang='lat' dir='ltr'><strong>Sommero</strong></span> <span class='ocrx_word' id='word_1_435' title='bbox 1657 2457 1825 2496; x_wconf 86' lang='lat' dir='ltr'><strong>quoque</strong></span> 
     </span>
     <span class='ocr_line' id='line_1_55' title="bbox 25 2491 1825 2555; baseline 0.003 -19"><span class='ocrx_word' id='word_1_436' title='bbox 25 2498 65 2537; x_wconf 86' lang='lat' dir='ltr'><strong>io</strong></span> <span class='ocrx_word' id='word_1_437' title='bbox 100 2495 301 2540; x_wconf 76' lang='lat' dir='ltr'><strong>zeitschr.</strong></span> <span class='ocrx_word' id='word_1_438' title='bbox 331 2498 364 2542; x_wconf 69' lang='lat' dir='ltr'><strong>f.</strong></span> <span class='ocrx_word' id='word_1_439' title='bbox 396 2499 440 2541; x_wconf 85' lang='lat' dir='ltr'><strong>d.</strong></span> <span class='ocrx_word' id='word_1_440' title='bbox 473 2500 558 2543; x_wconf 79' lang='lat' dir='ltr'><strong>Att.</strong></span> <span class='ocrx_word' id='word_1_441' title='bbox 594 2500 719 2547; x_wconf 84' lang='lat'><strong>1835,</strong></span> <span class='ocrx_word' id='word_1_442' title='bbox 752 2514 794 2553; x_wconf 90' lang='lat' dir='ltr'><strong>p.</strong></span> <span class='ocrx_word' id='word_1_443' title='bbox 823 2499 909 2541; x_wconf 74' lang='lat'><strong>903</strong></span> <span class='ocrx_word' id='word_1_444' title='bbox 943 2502 1163 2553; x_wconf 76' lang='lat' dir='ltr'><strong>probatam</strong></span> <span class='ocrx_word' id='word_1_445' title='bbox 1190 2492 1261 2541; x_wconf 77' lang='grc' dir='ltr'><strong>ὅτι</strong></span> <span class='ocrx_word' id='word_1_446' title='bbox 1293 2492 1354 2542; x_wconf 69' lang='grc' dir='ltr'><strong>ἃν</strong></span> <span class='ocrx_word' id='word_1_447' title='bbox 1385 2514 1462 2555; x_wconf 88' lang='lat' dir='ltr'><strong>pro</strong></span> <span class='ocrx_word' id='word_1_448' title='bbox 1494 2493 1567 2542; x_wconf 77' lang='grc' dir='ltr'><strong>ὅτι</strong></span> <span class='ocrx_word' id='word_1_449' title='bbox 1593 2491 1652 2541; x_wconf 69' lang='grc' dir='ltr'><strong>ἂν</strong></span> <span class='ocrx_word' id='word_1_450' title='bbox 1684 2493 1825 2548; x_wconf 74' lang='grc' dir='ltr'><strong><em>αὐτὸς</em></strong></span> 
     </span>
     <span class='ocr_line' id='line_1_56' title="bbox 22 2547 1824 2611; baseline 0.003 -17"><span class='ocrx_word' id='word_1_451' title='bbox 22 2547 288 2606; x_wconf 70' lang='grc' dir='ltr'><strong><em>αἰσχύνοιο,</em></strong></span> <span class='ocrx_word' id='word_1_452' title='bbox 327 2556 479 2596; x_wconf 80' lang='lat' dir='ltr'><strong>deinde</strong></span> <span class='ocrx_word' id='word_1_453' title='bbox 523 2569 619 2597; x_wconf 82' lang='lat' dir='ltr'><strong>vero</strong></span> <span class='ocrx_word' id='word_1_454' title='bbox 658 2557 870 2598; x_wconf 75' lang='lat' dir='ltr'><strong>leuissima</strong></span> <span class='ocrx_word' id='word_1_455' title='bbox 907 2557 1071 2599; x_wconf 84' lang='lat' dir='ltr'><strong>medela</strong></span> <span class='ocrx_word' id='word_1_456' title='bbox 1112 2553 1162 2598; x_wconf 80' lang='grc' dir='ltr'><strong>δὲ</strong></span> <span class='ocrx_word' id='word_1_457' title='bbox 1208 2561 1248 2599; x_wconf 84' lang='lat' dir='ltr'><strong>in</strong></span> <span class='ocrx_word' id='word_1_458' title='bbox 1282 2554 1342 2611; x_wconf 80' lang='grc' dir='ltr'><strong>δὴ</strong></span> <span class='ocrx_word' id='word_1_459' title='bbox 1378 2562 1539 2600; x_wconf 86' lang='lat' dir='ltr'><strong>mutavi</strong></span> <span class='ocrx_word' id='word_1_460' title='bbox 1580 2559 1824 2611; x_wconf 83' lang='lat' dir='ltr'><strong>insertoque</strong></span> 
     </span>
     <span class='ocr_line' id='line_1_57' title="bbox 21 2603 1821 2671; baseline 0.004 -21"><span class='ocrx_word' id='word_1_461' title='bbox 21 2603 108 2655; x_wconf 64' lang='grc' dir='ltr'><strong>δάν</strong></span> <span class='ocrx_word' id='word_1_462' title='bbox 140 2613 420 2665; x_wconf 77' lang='lat' dir='ltr'><strong>conjunctivis</strong></span> <span class='ocrx_word' id='word_1_463' title='bbox 447 2612 592 2667; x_wconf 72' lang='grc' dir='ltr'><strong><em>χαρῇς</em></strong></span> <span class='ocrx_word' id='word_1_464' title='bbox 624 2621 662 2652; x_wconf 85' lang='lat' dir='ltr'><strong>et</strong></span> <span class='ocrx_word' id='word_1_465' title='bbox 693 2614 832 2671; x_wconf 79' lang='grc' dir='ltr'><strong><em>μισῇς</em></strong></span> <span class='ocrx_word' id='word_1_466' title='bbox 858 2616 957 2656; x_wconf 86' lang='lat' dir='ltr'><strong>dedi</strong></span> <span class='ocrx_word' id='word_1_467' title='bbox 985 2617 1094 2657; x_wconf 71' lang='lat' dir='ltr'><strong>uude</strong></span> <span class='ocrx_word' id='word_1_468' title='bbox 1124 2618 1376 2670; x_wconf 79' lang='lat' dir='ltr'><strong>penderent,</strong></span> <span class='ocrx_word' id='word_1_469' title='bbox 1411 2618 1652 2668; x_wconf 80' lang='lat' dir='ltr'><strong>neutiquam</strong></span> <span class='ocrx_word' id='word_1_470' title='bbox 1680 2628 1821 2657; x_wconf 87' lang='lat' dir='ltr'><strong>tamen</strong></span> 
     </span>
     <span class='ocr_line' id='line_1_58' title="bbox 69 2666 1820 2727; baseline 0.003 -18"><span class='ocrx_word' id='word_1_471' title='bbox 69 2680 357 2724; x_wconf 70' lang='lat' dir='ltr'><strong>pugnaturus.</strong></span> <span class='ocrx_word' id='word_1_472' title='bbox 389 2671 423 2710; x_wconf 78' lang='lat' dir='ltr'><strong>si</strong></span> <span class='ocrx_word' id='word_1_473' title='bbox 453 2673 548 2722; x_wconf 79' lang='lat' dir='ltr'><strong>quis</strong></span> <span class='ocrx_word' id='word_1_474' title='bbox 570 2670 636 2711; x_wconf 81' lang='lat' dir='ltr'><strong>liis</strong></span> <span class='ocrx_word' id='word_1_475' title='bbox 659 2672 883 2725; x_wconf 78' lang='lat' dir='ltr'><strong>participia</strong></span> <span class='ocrx_word' id='word_1_476' title='bbox 912 2675 1052 2725; x_wconf 76' lang='lat' dir='ltr'><strong>potius</strong></span> <span class='ocrx_word' id='word_1_477' title='bbox 1081 2670 1238 2726; x_wconf 78' lang='grc' dir='ltr'><strong><em>χαρεὶς</em></strong></span> <span class='ocrx_word' id='word_1_478' title='bbox 1269 2683 1307 2714; x_wconf 80' lang='lat' dir='ltr'><strong>ct</strong></span> <span class='ocrx_word' id='word_1_479' title='bbox 1338 2666 1536 2727; x_wconf 83' lang='grc' dir='ltr'><strong><em>μισήσας</em></strong></span> <span class='ocrx_word' id='word_1_480' title='bbox 1566 2675 1820 2715; x_wconf 85' lang='lat' dir='ltr'><strong>substituere</strong></span> 
     </span>
     <span class='ocr_line' id='line_1_59' title="bbox 111 2721 1820 2780; baseline 0.002 -13"><span class='ocrx_word' id='word_1_481' title='bbox 111 2730 238 2775; x_wconf 77' lang='lat' dir='ltr'><strong>uerit3</strong></span> <span class='ocrx_word' id='word_1_482' title='bbox 276 2728 439 2780; x_wconf 83' lang='lat' dir='ltr'><strong>aliquid</strong></span> <span class='ocrx_word' id='word_1_483' title='bbox 482 2729 606 2768; x_wconf 79' lang='lat' dir='ltr'><strong>modo</strong></span> <span class='ocrx_word' id='word_1_484' title='bbox 639 2728 877 2770; x_wconf 79' lang='lat' dir='ltr'><strong>faciendum</strong></span> <span class='ocrx_word' id='word_1_485' title='bbox 916 2741 1025 2774; x_wconf 82' lang='lat' dir='ltr'><strong>erat.</strong></span> <span class='ocrx_word' id='word_1_486' title='bbox 1070 2746 1120 2772; x_wconf 84' lang='lat' dir='ltr'><strong>ne</strong></span> <span class='ocrx_word' id='word_1_487' title='bbox 1160 2721 1220 2771; x_wconf 72' lang='grc' dir='ltr'><strong>ἂν</strong></span> <span class='ocrx_word' id='word_1_488' title='bbox 1251 2740 1398 2774; x_wconf 85' lang='lat' dir='ltr'><strong>contra</strong></span> <span class='ocrx_word' id='word_1_489' title='bbox 1434 2743 1579 2773; x_wconf 84' lang='lat' dir='ltr'><strong>omnes</strong></span> <span class='ocrx_word' id='word_1_490' title='bbox 1612 2732 1820 2773; x_wconf 80' lang='lat' dir='ltr'><strong>sermonis</strong></span> 
     </span>
     <span class='ocr_line' id='line_1_60' title="bbox 95 2779 1819 2840; baseline 0.002 -14"><span class='ocrx_word' id='word_1_491' title='bbox 95 2797 140 2826; x_wconf 75' lang='lat' dir='ltr'><strong>es</strong></span> <span class='ocrx_word' id='word_1_492' title='bbox 179 2785 390 2840; x_wconf 81' lang='lat' dir='ltr'><strong>duplicem</strong></span> <span class='ocrx_word' id='word_1_493' title='bbox 430 2788 655 2826; x_wconf 56' lang='lat' dir='ltr'><strong>rom-tionem</strong></span> <span class='ocrx_word' id='word_1_494' title='bbox 686 2785 872 2829; x_wconf 77' lang='lat' dir='ltr'><strong>haberet.</strong></span> <span class='ocrx_word' id='word_1_495' title='bbox 907 2809 962 2817; x_wconf 70' lang='lat'>—</span> <span class='ocrx_word' id='word_1_496' title='bbox 996 2789 1037 2827; x_wconf 82' lang='lat' dir='ltr'><strong>l&#39;.</strong></span> <span class='ocrx_word' id='word_1_497' title='bbox 1072 2790 1158 2830; x_wconf 79' lang='lat'><strong>606</strong></span> <span class='ocrx_word' id='word_1_498' title='bbox 1193 2790 1222 2829; x_wconf 64' lang='lat' dir='ltr'><strong>t:</strong></span> <span class='ocrx_word' id='word_1_499' title='bbox 1254 2779 1389 2840; x_wconf 79' lang='grc' dir='ltr'><strong><em>ἄξιον</em></strong></span> <span class='ocrx_word' id='word_1_500' title='bbox 1421 2791 1451 2831; x_wconf 89' lang='grc' dir='ltr'>Ρ</span> <span class='ocrx_word' id='word_1_501' title='bbox 1481 2796 1522 2830; x_wconf 87' lang='lat' dir='ltr'><strong>et</strong></span> <span class='ocrx_word' id='word_1_502' title='bbox 1554 2790 1652 2839; x_wconf 89' lang='lat' dir='ltr'><strong>VB,</strong></span> <span class='ocrx_word' id='word_1_503' title='bbox 1687 2780 1819 2839; x_wconf 76' lang='grc' dir='ltr'><strong><em>ἄξιος</em></strong></span> 
     </span>
    </p>

    <p class='ocr_par' dir='ltr' id='par_1_6' title="bbox 1399 2847 1472 2896">
     <span class='ocr_line' id='line_1_61' title="bbox 1399 2847 1472 2896; baseline 0 -19"><span class='ocrx_word' id='word_1_504' title='bbox 1399 2853 1425 2896; x_wconf 74' lang='lat' dir='ltr'>b</span> <span class='ocrx_word' id='word_1_505' title='bbox 1449 2847 1472 2877; x_wconf 64' lang='grc' dir='ltr'><strong>ια</strong></span> 
     </span>
    </p>
   </div>
  </div>
 </body>
</html>
