1962 3236
603 165 1094 217 ΠΟΛΙΤΕΙΑΣ
1121 156 1190 213 θ’.
1635 162 1739 217 265

0 300 178 370 γάρ,
198 303 323 371 ἔφη,
345 304 437 355 καὶ
466 303 617 354 ἔστιν
646 295 787 368 αὕτη
820 297 856 368 ἡ
883 297 1017 363 δόξα
1041 298 1167 366 περὶ
1195 297 1295 352 τὸν
1325 302 1594 352 τοιοῦτον
1637 298 1740 364 Θες

56 385 267 449 τοίνυν,
291 374 364 450 ἦν
383 378 437 435 δ’
466 377 594 448 ἐγώ,
619 378 791 433 πάλιν
817 384 919 433 τοῦ
947 377 1203 433 τοιούτου
1224 376 1332 449 ἤδη
1359 381 1739 449 πρεσβυτέρου

54 460 351 531 γεγονότος
370 460 502 515 νεόν
519 457 646 513 υίὸν
664 460 727 513 έν
745 469 859 521 τοῖς
888 457 1095 512 τούτου
1123 451 1198 512 αὖ
1224 458 1392 528 ἤθεσι
1420 460 1739 528 τεθραμμέ-

55 562 172 596 νον.
217 546 435 611 Τίθημι.
481 544 638 594 Τίθει
654 542 849 593 τοίνυν
865 540 956 594 καὶ
974 538 1041 593 τὰ
1062 537 1202 594 αὐτὰ
1221 541 1402 595 ἐκεῖνα
1418 542 1542 610 περὶ
1560 536 1736 594 αὐτὸν

51 621 372 692 γιγνόμενα,
392 619 533 688 ἅπερ
552 621 643 674 καὶ
660 619 786 687 περὶ
803 618 903 674 τὸν
921 623 1128 688 πατέρα
1156 619 1349 690 αὐτοῦ,
1372 619 1655 692 ἀγόμενόν
1676 643 1734 676 τε
1762 636 1800 677 Ε

55 708 132 767 εἰς
152 710 339 758 πᾶσαν
366 705 734 770 παρανομίαν,
766 699 1177 771 ὀνομαζομένην
1206 700 1260 757 δ’
1282 700 1393 757 ὑπὸ
1422 699 1739 772 τῶνᾶγόν-

53 806 167 858 των
188 787 514 851 ἐλευθερίαν
532 780 772 851 ἅπασαν,
792 780 1116 852 βοηθοῦντά
1145 803 1202 836 τε
1221 794 1337 847 ταῖς
1356 785 1416 837 ἐν
1435 783 1582 856 μέσῳ
1602 805 1739 838 ταυ-

55 886 171 929 ταις
188 866 507 933 ἐπιθυμίαις
524 864 732 932 πατέρα
752 883 810 917 τε
827 861 1070 927 καὶτοὺς
1090 861 1293 928 ἄλλους
1323 869 1575 931 οἰκείους,
1606 863 1737 928 τοὺς

54 943 108 1000 δ’
131 940 205 999 αὖ
225 950 754 1016 παραβοηθοῦντας·
792 942 929 999 ὅταν
949 942 1001 1000 δ’
1037 946 1335 1000 ἐλπίσωσιν
1367 949 1424 1000 οἱ
1440 949 1611 1000 δεινοὶ
1629 945 1738 1016 μά·-

55 1049 143 1096 γοι
158 1048 215 1082 τε
236 1029 326 1081 καὶ
343 1026 735 1095 τυραννοποιοὶ
754 1019 908 1080 οὖτοι
921 1026 993 1096 μὴ
1010 1024 1189 1091 ἄλλως
1200 1026 1299 1081 τὸν
1319 1027 1450 1082 νέον
1462 1029 1735 1097 καθέξειν,

53 1109 228 1176 ἔρωτά
263 1131 386 1163 τινα
427 1105 581 1180 αὐτῷ
619 1109 1050 1178 μηχανωμένους
1094 1111 1387 1179 ἐμποιῆσαι
1422 1108 1739 1178 προστάτην

51 1197 163 1244 τῶν
178 1187 370 1258 ἀργῶν
387 1187 562 1243 καὶτὰ
583 1190 771 1258 ἕτοιμα
788 1191 1204 1259 διανεμομένων
1224 1191 1556 1259 ἐπιθυμιῶν,
1587 1187 1734 1244 ὖπό-
1765 1190 1859 1247 573

54 1292 257 1338 πτερον
275 1271 366 1324 καὶ
386 1274 562 1339 μέγαν
587 1269 815 1340 κηφῆνά
843 1290 993 1324 τινα·
1022 1265 1060 1339 ἢ
1096 1275 1153 1324 τί
1180 1268 1313 1325 ἄλλο
1335 1278 1439 1325 οἱέι
1470 1269 1611 1325 εἶναι
1637 1268 1740 1325 τὸν

54 1360 167 1407 τῶν
186 1351 458 1406 τοιούτων
480 1356 682 1419 ἔρωτας
715 1347 901 1406 Οὐδὲν
918 1354 1106 1420 ἔγωγε,
1127 1344 1164 1421 ἦ
1183 1349 1234 1405 δ’
1255 1350 1334 1421 ὅς,
1355 1349 1475 1406 ἄλλ’
1502 1347 1538 1421 ἢ
1559 1356 1738 1405 τοῦτο.

57 1432 286 1488 Οὐκοῦν
305 1430 442 1486 ὅταν
470 1433 593 1498 περὶ
613 1430 786 1486 αὐτὸν
810 1437 1122 1503 βομβοῦσαι
1151 1435 1211 1487 αἱ
1238 1431 1401 1486 ἄλλαι
1429 1433 1738 1501 ἐπιθυμίαι,

52 1513 424 1584 θυμιαμάτων
457 1535 516 1568 τε
551 1515 819 1584 γέμουσαι
858 1517 947 1568 καὶ
977 1512 1172 1584 μύρων
1201 1514 1289 1568 καὶ
1322 1512 1615 1583 στεφάνων
1647 1512 1739 1567 καὶ

54 1604 226 1650 οἴνων
245 1595 336 1649 καὶ
356 1601 468 1649 τῶν
486 1596 546 1649 ἐν
564 1605 680 1659 ταῖς
698 1594 975 1658 τοιαύταις
994 1600 1316 1658 συνουσίαις
1345 1591 1567 1663 ἡδονῶν
1587 1591 1739 1648 ἀνει-

54 1680 255 1747 μένων,
278 1677 364 1730 ἐπὶ
382 1673 442 1729 τὸ
464 1679 693 1745 ἔσχατον
711 1674 984 1740 αὔξουσαί
1007 1697 1064 1729 τε
1096 1676 1188 1730 καὶ
1215 1676 1520 1745 τρέφουσαι
1547 1674 1738 1728 πόθου

52 1760 286 1824 κέντρον
306 1757 645 1827 ἐμποιήσωσι
663 1763 739 1830 τῷ
756 1763 981 1827 κηφῆνι,
1010 1756 1131 1811 τότε
1163 1754 1228 1827 δὴ
1263 1760 1659 1826 δορυφορεῖταί
1679 1776 1738 1809 τε

54 1838 162 1894 ὑπὸ
185 1845 383 1908 μανίας
401 1841 491 1893 καὶ
512 1843 701 1911 οἰστρᾷ
720 1832 930 1903 οὖτοςὸ
964 1837 1272 1907 προστάτης
1298 1843 1394 1908 τῆς
1421 1842 1616 1907 ψυχῆς,
1647 1836 1739 1891 καὶ
1761 1852 1798 1893 Β

54 1920 155 1975 εὀἱν
173 1942 324 1984 τινας
352 1922 413 1976 ἐν
445 1917 596 1993 αὐτῷ
633 1921 797 1986 δόξας
832 1917 867 1990 ἢ
901 1924 1196 1990 ἐπιθυμίας
1230 1918 1372 1990 λάβῃ
1405 1920 1740 1988 ποιουμένας

52 1998 288 2071 χρηστὰς
317 2002 407 2055 καὶ
442 2005 520 2056 ἔτι
555 2003 1040 2071 ἐπαισχυνομένας,
1078 1998 1389 2055 ἀποκτείνει
1423 2020 1481 2054 τε
1519 2000 1611 2054 καὶ
1639 2002 1739 2064 ἔξω

53 2081 196 2138 ὠθεῖ
210 2079 340 2149 παρ’
364 2078 556 2151 αὑτοῦ,
578 2083 680 2146 ἕως
699 2079 770 2137 ἂν
798 2082 1022 2154 καθήρῃ
1052 2081 1439 2152 σωφροσύνης,
1472 2082 1601 2151 [καὶ]
1633 2102 1740 2151 μα-

54 2169 173 2227 νίας
213 2163 272 2218 δὲ
308 2163 572 2235 πληρώσῃ
610 2165 863 2219 ἐπακτοῦ.
902 2169 1216 2231 Παντελῶς,
1245 2168 1369 2234 ἔφη,
1399 2167 1739 2231 τυραννικοῦ

56 2241 260 2312 ἀνδρὸς
278 2243 451 2312 λέγεις
469 2248 702 2312 γένεσιν.
734 2239 850 2314 Ἆρ’
877 2240 1002 2315 οὖν,
1022 2238 1095 2316 ἦν
1116 2244 1169 2299 δ’
1203 2244 1328 2314 ἐγώ,
1361 2246 1452 2299 καὶ
1480 2243 1541 2298 τὸ
1571 2243 1740 2299 πάλαι

56 2323 144 2378 διὰ
175 2323 236 2378 τὸ
265 2330 520 2379 τοιοῦτον
549 2324 826 2393 τύραννος
849 2324 878 2380 ὁ
902 2325 1077 2395 ”Epeos
1106 2328 1347 2395 λέγεταις
1385 2324 1739 2395 Κινδυνεύει,

55 2409 178 2474 ἔφη.
221 2402 466 2474 Οὐκοῦν,
488 2400 533 2460 ὦ
550 2410 694 2475 φίλε,
716 2404 887 2475 εἷπον,
909 2408 1001 2462 καὶ
1021 2408 1327 2477 μεθυσθεὶς
1360 2404 1502 2477 ἀνὴρ
1531 2427 1741 2475 τυραν-

61 2485 222 2540 νικόν
242 2507 291 2539 τι
309 2485 571 2556 φρόνημα
592 2494 756 2556 ἴσχεις
777 2486 946 2557 Ἵσχει
962 2489 1085 2557 γάρ.
1118 2490 1228 2544 Καὶ
1248 2485 1359 2558 μὴν
1386 2485 1421 2541 ὅ
1448 2508 1510 2556 γε
1540 2485 1740 2556 μαινό-
1769 2496 1803 2538 C

55 2589 223 2638 μενος
259 2569 348 2622 καὶ
377 2564 791 2639 ὑποκεκινηκὼς
818 2568 887 2623 οὐ
918 2569 1095 2638 μόνον
1126 2568 1450 2639 ἀνθρώπων
1476 2565 1617 2623 ἄλλα
1651 2570 1743 2624 καὶ

55 2654 212 2703 θεῶν
229 2651 555 2718 ἐπιχειρεῖτε
584 2652 674 2703 καὶ
694 2651 890 2715 ἐλπίζει
921 2649 1155 2714 δυνατὸς
1185 2649 1323 2705 εἶναι
1354 2648 1556 2719 ἄρχειν.
1632 2651 1743 2706 Καὶ

54 2729 207 2802 μάλ’,
229 2733 350 2799 ἔφη.
398 2729 744 2798 Τυραννικός
773 2734 848 2797 δέ,
877 2724 912 2800 ἦ
922 2753 950 2784 ν
981 2729 1033 2786 δ’
1068 2731 1192 2802 ἐγώ,
1224 2725 1267 2786 03
1300 2730 1567 2802 δαιμόνιε,
1597 2729 1743 2803 ἀνὴρ

58 2806 300 2879 ἀκριβῶς
331 2815 593 2880 γίγνεται,
624 2810 761 2865 ὅταν
789 2808 825 2882 ἦ
852 2813 1019 2881 φύσει
1048 2808 1081 2883 ἢ
1113 2811 1541 2883 ἐπιτηδεύμασιν
1571 2809 1608 2883 ἦ
1636 2810 1741 2884 ἀμ-
