1962 3236
208 218 312 270 158
830 217 1302 267 ΠΛΑΤΩΝΟΣ

204 356 352 409 θῶσι
379 359 785 423 χαλεπαίνουσι,
808 357 906 405 τοῦ
938 350 1208 420 βαλόντος
1238 347 1338 420 οὐχ
1367 349 1694 421 ἁπτόμεναι;
1736 352 1881 408 Οὐδὲ

205 434 457 505 σμικρόν,
483 439 603 504 ἔφη.
639 431 853 487 Έατέον
880 431 987 500 ἄρα
1018 431 1112 495 τὰς
1142 437 1499 501 νεκροσυλίας
1528 435 1617 488 καὶ
1645 430 1740 496 τὰς
1770 439 1883 488 τῶν

205 515 541 583 ἀναιρέσεων
563 514 943 578 διακωλύσειςς
978 511 1191 568 Ἐατέον
1210 517 1414 584 μέντοι,
1440 519 1563 584 ἔφη,
1591 513 1658 583 νὴ
1679 520 1805 568 Δία.

344 601 472 651 XVI.
512 594 657 651 Οὐδὲ
677 595 791 666 μήν
822 615 932 650 που
961 595 1100 665 πρὸς
1129 593 1196 650 τὰ
1228 593 1347 666 ἱερὰ
1378 596 1446 650 τὰ
1478 595 1623 650 ὅπλα
1654 603 1879 666 οἴσομεν

205 702 279 743 ως
310 677 707 748 ἀναθήσοντες,
739 676 918 741 άλλως
945 698 1002 731 τε
1031 674 1206 732 καὶτὰ
1235 699 1349 731 των
1380 676 1671 776 Ἑλλήνων,
1700 678 1799 732 έάν
1829 699 1879 731 τι
1948 720 1951 725 >

87 774 175 819 470
202 758 332 831 ἡμῖν
353 761 487 829 μέλῃ
505 764 602 828 τῆς
620 756 758 829 πρὸς
787 756 916 821 τούς
944 756 1146 821 άλλους
1161 757 1427 827 Ἕλληνας
1457 757 1698 822 εὐνοιας·
1739 764 1881 827 μαλ-

203 846 306 895 λον
325 842 384 894 δὲ
403 842 494 894 καὶ
514 838 902 910 φοβησόμεθα,
920 839 994 908 μή
1014 861 1063 893 τι
1083 843 1290 908 μίασμα
1305 841 1339 909 ᾐ
1362 858 1500 907 προς
1511 842 1662 906 ιερον
1680 836 1746 892 τὰ
1766 860 1881 892 τοι-

203 927 346 976 αῦτα
366 919 473 976 άπὸ
496 942 609 975 των
638 924 856 975 οἰκείων
878 922 1087 989 φέρειν,
1120 918 1220 974 έαν
1246 919 1320 990 μή
1344 941 1395 973 τι
1427 918 1492 989 δὴ
1521 917 1550 973 ὁ
1578 917 1712 982 θεὸς
1744 917 1876 974 άλλο

1948 890 1962 982 1

199 1006 351 1075 λέγῃ.
383 999 706 1073 Ὀρθότατα,
727 1005 848 1070 ἔφη.
894 1005 962 1054 Τί
981 1003 1075 1054 δαί
1079 1025 1092 1066 ;
1112 1006 1212 1070 γῆς
1235 1021 1292 1054 τε
1311 1001 1557 1071 τμήσεως
1576 1007 1671 1070 τῆς
1691 997 1881 1069 Ἑλλη-
1940 1036 1962 1076 2³

205 1089 359 1153 νικῆς
392 1084 484 1137 καὶ
521 1085 710 1136 οἰκιῶν
742 1080 1059 1151 ἐμπρήσεως
1095 1080 1258 1136 ποῖόν
1284 1085 1340 1135 τί
1367 1097 1452 1135 σοι
1493 1079 1795 1150 δράσουσιν
1829 1082 1884 1134 οἰ

1951 1096 1962 1128 ἰ

1931 1130 1962 1259 5

204 1169 531 1232 στρατιῶται
553 1159 689 1229 πρὸς
718 1162 849 1225 τοὺς
877 1166 1195 1231 πολεμίους;
1231 1167 1371 1232 Σοῦ,
1394 1166 1517 1232 ἔφη,
1550 1162 1716 1226 δόξαν
1739 1159 1880 1215 ἀπο-

205 1244 551 1345 φαινομένου
567 1240 786 1312 ἡδέως
760 1242 831 1296 οὶν
850 1239 1162 1312 ἀκούσαιμι.
1197 1242 1342 1312 Ἐμοὶ
1369 1264 1472 1312 μεν
1487 1247 1694 1310 τοίνυν,
1726 1234 1799 1311 ἦν
1823 1245 1855 1296 δ

138 1341 171 1382 Β
203 1324 328 1395 ἐγώ,
367 1327 522 1379 δοκεῖ
548 1323 766 1378 τούτων
791 1325 1060 1392 μηδέτερα
1092 1335 1285 1393 ποιεῖν,
1328 1321 1466 1378 άλλα
1502 1321 1602 1384 τὸν
1639 1324 1880 1377 ἐπέτειον

200 1403 418 1474 καρπὸν
454 1402 840 1474 ἀφαιρεῖσθαι·
887 1407 979 1460 καὶ
1017 1427 1097 1459 ων
1137 1407 1317 1474 ένεκα,
1355 1403 1544 1474 βούλει
1580 1420 1667 1458 σοι
1710 1407 1875 1473 λέγως

1944 1239 1962 1277 3

200 1486 366 1540 Πάνυ
387 1507 464 1555 γε.
500 1490 767 1541 Φαίνεταί
784 1507 893 1556 μοι,
918 1484 1101 1554 ὥσπερ
1122 1487 1211 1540 καὶ
1233 1484 1554 1555 ὀνομάζεται
1583 1483 1685 1539 δύο
1705 1492 1878 1539 ταῦτα
1940 1484 1946 1485 ’

202 1566 464 1638 ὀνόματα,
486 1566 725 1637 πόλεμός
744 1589 801 1622 τε
821 1568 909 1622 καὶ
927 1567 1129 1636 στάσις,
1152 1565 1298 1621 οὕτω
1321 1567 1412 1621 καὶ
1433 1564 1570 1620 εἶναι
1593 1565 1713 1636 δυό,
1743 1565 1878 1622 ὄντα

200 1652 287 1704 ἐπὶ
307 1652 467 1704 δυοῖν
484 1660 659 1703 τινοῖν
681 1652 992 1719 διαφοραῖν.
1024 1651 1164 1718 λέγω
1186 1647 1244 1703 δὲ
1263 1646 1327 1703 τα
1355 1649 1455 1703 δύο
1474 1648 1534 1703 τὸ
1552 1647 1654 1718 μὲν
1675 1652 1880 1703 οἰκεῖον

199 1732 291 1786 καὶ
310 1732 582 1799 ξυγγενές,
605 1728 665 1784 τὸ
690 1730 747 1785 δὲ
770 1728 1061 1799 ἀλλότριον
1080 1732 1170 1785 καὶ
1186 1727 1425 1785 ὀθνεῖον.
1465 1730 1550 1785 ἐπὶ
1568 1729 1670 1799 μὲν
1689 1723 1793 1784 οὖν
1811 1736 1879 1800 τῇ

199 1818 301 1868 τοῦ
332 1816 540 1866 οἰκείου
561 1815 734 1884 ἔχθρᾳ
766 1811 951 1876 στάσις
978 1813 1246 1882 κέκληται,
1277 1812 1365 1866 ἐπὶ
1396 1812 1454 1866 δὲ
1484 1817 1551 1882 τῇ
1581 1817 1682 1866 τοῦ
1710 1808 1877 1865 άλλο-

199 1898 357 1963 τρίου
381 1891 632 1961 πόλεμος.
672 1894 780 1947 Καὶ
808 1891 975 1947 οὐδέν
1011 1913 1091 1961 γε,
1128 1896 1252 1962 ἔφη,
1291 1890 1399 1946 ἄπο
1436 1891 1648 1963 τρόπου
1684 1892 1872 1960 λέγεις.

141 1973 326 2043 ΟὍρα
352 1972 417 2043 δὴ
447 1975 537 2028 καὶ
561 1978 610 2028 εἰ
636 1973 760 2028 τόδε
790 1973 928 2041 πρὸς
957 1971 1167 2041 τρόπου
1193 1976 1349 2042 λέγω.
1390 1974 1529 2042 φημὶ
1556 1970 1664 2042 γὰρ
1690 1969 1751 2026 τὸ
1774 1971 1876 2040 μὲν

190 2052 510 2125 Ἑλληνικὸν
540 2059 699 2124 γένος
734 2052 868 2108 αὐτὸ
906 2052 1057 2124 αὑτῷ
1092 2058 1296 2109 οἰκεῖον
1323 2052 1462 2109 εἶναι
1482 2055 1571 2107 καὶ
1601 2054 1874 2122 ξυγγενές,

198 2142 273 2208 τῷ
299 2138 359 2191 δὲ
387 2140 709 2209 βαρβαρικῷ
737 2133 964 2190 ὀθνεῖόν
999 2157 1057 2189 τε
1092 2138 1182 2189 καὶ
1222 2132 1527 2205 ἀλλότριον.
1562 2139 1759 2197 Καλῶς
1792 2154 1872 2203 γε,

199 2220 320 2286 ἔφη.
345 2214 731 2286 Ἕλληναςμὲν
750 2214 858 2285 ἄρα
875 2216 1175 2286 βαρβάροις
1194 2216 1286 2270 καὶ
1309 2214 1627 2286 βαρβάρους
1650 2211 1874 2283 ’Ἑλλησι

199 2302 458 2366 πολεμεῖν
490 2298 832 2366 μαχομένους
874 2318 931 2350 τε
967 2296 1217 2366 φήσομεν
1255 2298 1345 2351 καὶ
1382 2301 1676 2366 πολεμίους
1708 2294 1874 2365 φύσει
1908 2358 1959 2364 Μ

199 2375 354 2447 εἶναι,
375 2377 466 2432 καὶ
483 2377 727 2447 πόλεμον
744 2376 846 2447 τὴν
877 2381 1086 2447 ἔχθραν
1103 2377 1310 2447 ταύτην
1328 2382 1584 2447 κλητέον·
1611 2373 1875 2447 Ἕλληνας

199 2460 257 2513 δὲ
270 2455 541 2528 Ἕλλησιν,
556 2457 691 2512 ὅταν
701 2479 752 2512 τι
769 2464 986 2512 τοιοῦτο
1009 2461 1195 2527 δρῶσι,
1210 2458 1375 2526 φύσει
1387 2457 1488 2527 μὲν
1500 2463 1697 2527 φίλους
1715 2457 1871 2526 εἶναι,

132 2560 168 2599 D
201 2551 387 2595 νοσεῖν
407 2537 457 2594 δ’
481 2541 541 2594 έν
570 2547 647 2613 τῷ
677 2538 905 2612 τοιούτῳ
934 2537 1036 2609 τὴν
1061 2537 1294 2594 Ἑλλάδα
1322 2541 1413 2594 καὶ
1442 2538 1758 2608 στασιάζειν,
1781 2541 1872 2592 καὶ

199 2620 394 2675 στάσιν
411 2617 514 2690 τὴν
525 2619 787 2690 τοιαύτην
804 2624 1012 2689 ἔχθραν
1032 2624 1273 2689 κλητέον.
1309 2617 1441 2690 Ἐγώ
1456 2623 1572 2690 μέν,
1595 2623 1715 2688 ἔφη,
1739 2622 1870 2686 ξυγ-

197 2706 357 2771 χωρῶ
380 2698 526 2756 οὕτω
549 2706 800 2771 νομίζειν.
821 2702 1035 2756 Σκόπει
1055 2702 1140 2772 δή,
1164 2700 1334 2771 εἷπον,
1359 2701 1440 2755 ὅτι
1460 2703 1520 2755 ἐν
1538 2705 1604 2770 τῇ
1615 2706 1723 2754 νῦν
1742 2696 1868 2767 ὁμο-

199 2785 508 2852 λογουμένῃ
526 2782 727 2850 στάσει,
750 2781 893 2837 ὅπου
922 2781 993 2838 ἅν
1021 2804 1071 2837 τι
1099 2790 1353 2838 τοιοῦτον
1378 2784 1600 2850 γένηται
1627 2780 1718 2834 καὶ
1746 2783 1867 2833 δια-

199 2868 300 2932 στῇ
330 2863 502 2932 πόλις,
536 2863 632 2918 ἐὰν
672 2863 917 2932 ἑκάτεροι
952 2865 1222 2931 ἑκατέρων
1253 2866 1522 2933 τέμνωσιν
1545 2859 1750 2930 άγρούς
1778 2863 1867 2915 καὶ
