1962 3236
243 212 350 267 296
533 0 1332 316 ΛΛΑΤΩΝΟΣ

183 364 219 407 Β
254 319 533 497 Ofiff
566 349 711 408 Ἀλλ’
751 345 857 406 οὖν
898 349 964 421 δὴ
1004 350 1152 421 ὅμως
1187 373 1250 421 γε
1281 352 1587 423 μιμήσεται,
1626 352 1729 409 οὐκ
1769 354 1926 422 εἰδώς

252 451 320 488 πε
413 449 639 502 καστου,
662 430 772 504 ὅπῃ
805 431 1055 503 πονηρὸν
1083 429 1120 503 ἦ
1143 433 1405 504 χρηστόν·
1450 433 1569 490 ἀλλ’
1578 457 1698 505 ,ως
1728 439 1923 506 ἔοικεν,

254 432 373 579 ολὲ)
384 520 639 586 φαίνεται
658 515 834 570 καλὸν
862 513 1001 570 εἶναι
1032 527 1145 580 τοῖς
1180 522 1402 580 πολλοῖς
1437 538 1496 571 τε
1527 517 1619 572 καὶ
1646 518 1819 588 μηδεν
1849 521 1926 572 εί-

210 581 395 666 δόσι,
433 602 597 652 τοῦτο
635 595 941 668 μιμήσεται.
1022 601 1092 651 Τί
1122 598 1227 666 γὰρ
1263 596 1427 664 άλλο;
1477 603 1662 653 Ταῦτα
1699 599 1800 669 μὲν
1838 598 1924 669 δή,

241 678 316 740 τός
335 700 397 748 γε
419 683 691 749 φαίνεται,
714 681 964 743 ἐπιεικῶς
994 676 1126 750 ἡμῖν
1159 678 1578 750 διωμολόγηται,
1609 678 1708 735 τόν
1746 699 1805 735 τε
1834 703 1927 750 μι-

238 759 472 832 μητικὸν
491 762 664 832 μηδὲν
685 763 886 817 εἰδέναι
906 759 1061 827 ἄξιον
1078 761 1249 831 λόγου
1268 764 1391 833 περὶ
1413 755 1459 816 οἷ
1463 785 1493 816 ν
1515 774 1769 833 μιμεῖται,
1801 760 1923 817 ἀλλ’

241 841 382 898 εἶναι
403 843 631 899 παιδιάν
665 865 788 898 τινα
815 845 905 898 καὶ
936 840 1004 897 οὐ
1036 841 1289 913 σπουδὴν
1314 842 1417 913 τὴν
1437 848 1680 913 μίμησιν,
1711 843 1841 907 τούς
1869 863 1926 897 τε

237 932 333 995 τῆς
362 931 624 996 τραγικῆς
652 924 925 995 ποιήσεως
962 922 1307 994 ἁπτομένους
1352 926 1412 978 ἐν
1445 928 1711 994 ἰαμβείοις
1747 925 1837 979 καὶ
1869 926 1926 977 ἐν

239 1011 392 1062 ἔπεσι
411 1006 620 1071 πάντας
641 1005 779 1062 εἶναι
798 1005 1120 1076 μιμητικοὺς
1149 1002 1222 1071 ὥς
1242 1000 1364 1060 οἷόν
1383 1027 1438 1060 τε
1462 1005 1714 1076 μάλιστα.
1762 1005 1929 1059 Πάνυ

240 1091 341 1161 μὲν
361 1092 481 1144 οὐν.

184 1183 216 1226 G
382 1175 440 1225 V.
482 1169 633 1241 Πρὸς
650 1168 807 1240 Διός,
829 1163 901 1241 ἦν
922 1168 970 1224 δ’
1005 1169 1130 1238 ἐγώ,
1159 1167 1220 1227 τὸ
1255 1169 1314 1224 δὲ
1346 1167 1412 1239 δὴ
1447 1176 1733 1239 μιμεῖσθαι
1763 1172 1928 1222 τοῦτο

243 1250 311 1308 οὐ
348 1253 473 1320 περὶ
508 1255 696 1320 τρίτον
718 1253 820 1321 μέν
855 1254 911 1304 τί
931 1251 1080 1305 ἐστιν
1115 1246 1222 1303 άπὸ
1261 1256 1357 1319 τῆς
1393 1247 1683 1319 άληθείας;
1723 1251 1756 1318 ἠ
1793 1246 1928 1317 γάρ;

240 1339 370 1391 Ναί.
427 1330 583 1404 Πρὸς
612 1331 670 1387 δὲ
699 1332 764 1402 δὴ
797 1331 959 1388 ποῖόν
981 1336 1037 1386 τί
1059 1333 1171 1387 ἐστι
1199 1336 1312 1385 τῶν
1340 1337 1441 1386 τοῦ
1473 1329 1783 1400 ἀνθρώπου
1803 1334 1928 1399 ε”χον

240 1414 344 1486 τὴν
375 1414 631 1485 δύναμιν,
658 1411 730 1484 ’ἣν
760 1418 894 1484 ἔχεις
936 1418 1050 1467 Τοῦ
1072 1417 1235 1467 ποίου
1256 1410 1404 1475 τινὸς
1434 1413 1558 1483 πέρι
1578 1415 1773 1480 λέγεις;
1815 1414 1932 1464 Τοῦ

244 1501 481 1552 τοιοῦδε.
521 1493 729 1551 ταύτόν
761 1516 871 1550 που
890 1493 1022 1567 ἡμῖν
1042 1497 1278 1566 μέγεθος
1310 1494 1553 1565 ἐγγύθεν
1583 1515 1639 1548 τε
1671 1494 1762 1548 καὶ
1789 1493 1931 1563 πόρ-

247 1589 437 1652 ρωθεν
470 1580 558 1634 διὰ
597 1585 692 1648 τῆς
729 1577 909 1645 ὅψεως
939 1576 1044 1633 οὐκ
1076 1585 1199 1633 ἴσον
1228 1583 1496 1647 φαίνεται.
1535 1573 1620 1631 Οὐ
1650 1575 1772 1647 γάρ.
1822 1577 1933 1630 Καὶ

245 1661 420 1718 ταῦτα
448 1661 711 1733 καμπύλα
735 1683 792 1717 τε
823 1663 915 1717 καὶ
943 1660 1116 1716 εὐθέα
1148 1663 1207 1716 ἐν
1237 1658 1403 1714 ὕδατί
1431 1681 1487 1714 τε
1516 1662 1821 1730 θεωμένοις
1841 1661 1934 1713 καὶ

246 1749 365 1816 ἔξω,
401 1747 492 1800 καὶ
521 1745 678 1800 κοῖλά
700 1767 756 1799 τε
785 1743 849 1815 δὴ
880 1745 971 1799 καὶ
1004 1745 1253 1813 ἐξέχοντα
1285 1740 1374 1796 διὰ
1402 1740 1504 1811 τὴν
1532 1742 1655 1812 περὶ
1690 1739 1756 1795 τὰ
1787 1739 1934 1811 χρώ,-

185 1853 221 1894 D
249 1849 392 1898 ματα
429 1819 503 1881 αὖ
540 1826 761 1896 πλάνην
797 1832 893 1896 τῆς
929 1823 1124 1895 ὅψεως,
1159 1826 1250 1879 καὶ
1271 1822 1420 1878 πᾶσά
1449 1845 1529 1888 τις
1565 1821 1769 1893 ταραχὴ
1797 1822 1933 1892 δήλη

246 1906 382 1980 ἡμῖν
400 1911 606 1964 ἐνοῦσα
626 1907 766 1979 αὕτη
789 1910 850 1963 ἐν
869 1914 937 1979 τῇ
955 1912 1130 1978 ψυχῇ·
1174 1898 1221 1978 ᾦ
1246 1904 1312 1976 δὴ
1343 1902 1503 1976 ἡμῶν
1537 1911 1615 1979 τῷ
1646 1903 1931 1974 παθήματι

244 1997 341 2061 τῆς
365 1988 635 2061 φύσεωςὴ
659 1996 997 2060 σκιαγραφία
1017 1990 1315 2058 ἐπιθεμένη
1334 1991 1585 2056 γοητείας
1606 1985 1772 2041 οὐδὲν
1793 1982 1932 2039 άπο-

246 2077 420 2127 λείπει
449 2076 538 2128 καὶ
559 2072 593 2143 ἡ
613 2076 1026 2143 θαυματοποιία
1055 2071 1146 2124 καὶ
1179 2072 1238 2123 αἱ
1259 2067 1421 2122 ἄλλαι
1450 2069 1647 2121 πολλαὶ
1683 2074 1934 2121 τοιαῦται

248 2159 500 2225 μηχαναί.
570 2152 793 2223 Ἀληθῆ.
827 2146 944 2222 Ἆρ’
978 2145 1084 2206 οὖν
1117 2148 1186 2203 οὐ
1213 2146 1274 2203 τὸ
1308 2159 1526 2218 μετρεῖν
1555 2148 1646 2203 καὶ
1671 2147 1936 2218 ἀριθμεῖν

248 2237 340 2290 καὶ
372 2233 589 2290 ἱστάναι
625 2233 883 2306 βοήθειαι
916 2233 1258 2302 χαριέσταται
1291 2230 1429 2300 πρὸς
1453 2227 1593 2284 αὐτὰ
1630 2230 1934 2301 ἐφάνησαν,

251 2315 392 2373 ὥστε
411 2315 484 2387 μὴ
506 2315 694 2387 ἄρχειν
715 2318 774 2371 ἐν
803 2313 936 2386 ἡμῖν
967 2313 1028 2369 τὸ
1061 2311 1403 2383 φαινόμενον
1428 2316 1615 2382 μεῖζον
1642 2307 1677 2383 ἢ
1709 2316 1935 2367 ἔλαττον

247 2422 282 2470 η
303 2401 476 2454 πλέον
502 2394 538 2469 ἢ
558 2397 887 2470 βαρύτερον,
911 2394 1050 2452 ἄλλα
1070 2395 1131 2451 τό
1154 2394 1521 2465 λογισάμενον
1540 2395 1632 2448 καὶ
1654 2398 1935 2464 μετρῆσαν

185 2501 221 2542 Ε
250 2479 287 2554 ἢ
314 2481 408 2537 καὶ
428 2486 665 2550 στῆσαν;
704 2485 835 2544 Πως
853 2499 959 2550 γαρ
991 2475 1087 2544 οῦ;
1121 2474 1281 2533 Ἀλλα
1301 2474 1412 2548 μὴν
1430 2475 1598 2531 τοῦτο’
1617 2497 1679 2545 γε
1709 2482 1812 2531 τοῦ
1840 2483 1938 2531 λο-

249 2568 504 2635 γιστικοῦ
543 2556 615 2616 ἂν
655 2567 740 2632 εἴη
772 2568 875 2616 τοῦ
913 2563 974 2615 ἐν
997 2567 1148 2630 ψυχῇ
1185 2563 1365 2630 ἔργον.
1414 2556 1631 2614 Τούτου
1666 2580 1773 2627 γαρ
1813 2549 1935 2610 οὖν.

255 2645 449 2719 Τούτῳ
488 2646 548 2699 δὲ
595 2643 884 2714 πολλάκις,
920 2641 1251 2713 μετρήσαντι
1285 2643 1376 2697 καὶ
1415 2645 1739 2712 σημαίνοντι
1775 2643 1938 2708 μείζω

253 2730 387 2784 ἅττα
418 2726 556 2785 εἶναι
587 2725 624 2798 ἢ
653 2726 856 2783 ἐλάττω
884 2726 1042 2793 ἕτερα
1072 2726 1272 2794 ἑτέρων
1301 2721 1338 2795 ἦ
1370 2732 1478 2792 ἴσα,
1507 2721 1772 2779 τάναντία
1804 2726 1939 2790 φαί-

252 2832 405 2865 νεται
442 2809 555 2880 ἅμα
593 2811 717 2880 περὶ
751 2807 942 2865 ταύτά.
978 2812 1107 2863 Ναί.
1164 2803 1391 2862 Οὐκοῦν
1429 2810 1637 2875 ἔφαμεν
1672 2810 1749 2876 τῷ
1788 2801 1941 2874 αὐτῷ

256 2887 371 2962 ἅμα
404 2893 529 2959 περὶ
563 2889 735 2946 ταῦτα
774 2892 996 2945 ἐναντία
1033 2889 1278 2954 δοξάζειν
1311 2884 1593 2941 ἀδύνατον
1624 2883 1790 2950 εἶναι;
1830 2888 1940 2939 Καὶ
