1962 3236
150 440 183 479 D

212 136 319 189 368
831 139 1306 187 ΠΛΑΤΩΝΟΣ
1838 149 1896 190 50

213 269 394 344 φανὴς
430 279 631 343 μεροῖν,
668 275 895 341 αἰσχίων
936 270 995 326 δὲ
1036 268 1071 342 ἡ
1109 273 1345 327 ἐναντία.
1393 273 1455 325 τὸ
1496 271 1555 327 δὲ
1578 269 1686 327 ὑπὸ
1720 271 1896 344 πυρὸς

211 354 410 423 τάχους
420 351 480 407 τὸ
494 349 724 420 νοτερὸν
742 357 856 405 ποῖν
875 350 1224 422 ἐξαρπασθὲν
1244 352 1336 407 καὶ
1355 349 1738 423 κραυρότερον
1756 355 1897 409 ἐκεί-

216 455 321 489 νου
343 433 562 502 ξυστάν,
584 426 628 506 ᾦ
648 435 796 502 γένει
814 433 1057 502 κέραμον
1075 432 1530 503 ἐπωνομάκαμεν,
1551 439 1715 488 τοῦτο
1734 435 1896 503 γέγο-

212 537 337 571 νεν·
364 519 477 570 ἔστι
498 516 557 570 δὲ
581 513 672 570 ὅτε
696 518 913 579 νοτίδος
931 511 1366 587 ὑπολειφθείσης
1386 514 1520 585 χυτὴ
1540 522 1611 586 γῆ
1628 519 1896 587 γενομένη

214 597 304 651 διὰ
337 597 532 667 πυρός,
567 594 702 652 ὅταν
728 603 939 668 ψυχθῇ,
971 603 1215 667 γίγνεται
1246 595 1309 651 τὸ
1342 600 1514 667 μέλαν
1547 604 1736 668 χρῶμα
1770 602 1896 668 ἔχον

214 677 357 742 εἶδος
371 700 381 710 ·
423 683 499 752 τῷ
522 677 571 733 δ’
598 672 673 734 αὖ
693 677 829 733 κατὰ
849 676 1021 733 ταύτὰ
1040 678 1143 749 μὲν
1161 684 1332 733 ταῦτα
1352 681 1410 733 ἐκ
1440 681 1740 749 ξυμμίξεως
1758 678 1896 734 ὕδα-

212 780 305 824 τος
322 757 759 833 ἀπομονουμένςο
781 766 1010 830 πολλοῦ,
1033 765 1374 829 λεπτοτέρων
1405 760 1463 815 δὲ
1495 762 1555 815 ἐκ
1585 767 1684 831 γῆς
1711 766 1898 831 μερῶν

213 839 444 914 ἁλμυρῷ
474 863 532 896 τε
560 840 679 897 ὄντι
700 838 967 912 ἡμιπαγεῖ
985 841 1267 914 γενομένῳ
1297 843 1389 895 καὶ
1419 847 1568 914 λυτςὸ
1595 841 1764 896 πάλιν
1790 839 1891 911 ὑφ’

213 919 432 992 ὕδατος,
454 921 515 978 τὸ
537 922 637 993 μὲν
665 925 851 978 ἐλαίου
882 924 974 977 καὶ
999 928 1101 992 γῆς
1129 919 1475 991 καθαρτικὸν
1501 922 1662 991 γένος
1691 926 1896 992 λίτρον,

213 1002 272 1057 τό
303 1002 355 1057 δ’
390 1002 735 1075 εὐάρμοστον
764 1006 827 1059 έν
853 1015 969 1069 ταῖς
997 1009 1310 1069 κοινωνίαις
1345 1015 1462 1069 ταῖς
1498 1005 1623 1074 περὶ
1660 1003 1761 1074 τὴν
1796 1007 1898 1077 τοῦ

153 1094 186 1133 Ε
218 1083 486 1155 στόματος
521 1093 788 1156 αἴσθησιν
827 1083 982 1141 ἁλῶν
1027 1084 1165 1141 κατὰ
1204 1085 1375 1156 λόγον
1410 1084 1591 1155 νόμου
1637 1086 1899 1154 θεοφιλὲς

128 1743 184 1787 61

215 1171 373 1236 σῶμα
392 1169 621 1236 ἐγένετο.
659 1165 726 1222 τὰ
751 1169 810 1222 δὲ
829 1165 988 1222 κοινοὶ
1012 1170 1064 1234 ἐξ
1082 1165 1292 1237 ἀμφοῖν
1320 1165 1482 1221 ὕδατι
1514 1168 1616 1237 μὲν
1645 1164 1713 1221 οὐ
1742 1164 1896 1234 λυτά,

214 1249 348 1316 πυρὶ
377 1250 437 1302 δὲ
463 1247 553 1302 διὰ
589 1245 650 1301 τό
689 1249 907 1304 τοιόνδε
943 1246 1090 1303 οὕτω
1118 1247 1525 1318 ξυμπήγνυται·
1563 1252 1662 1317 γῆς
1694 1245 1899 1315 ὄγκους

213 1334 326 1399 πῦρ
349 1329 450 1399 μὲν
470 1326 577 1399 ἀήρ
597 1349 654 1382 τε
675 1327 744 1382 οὐ
772 1328 950 1399 τήκει·
987 1335 1084 1400 τῆς
1113 1328 1220 1400 γὰρ
1244 1329 1551 1394 ξυστάσεως
1580 1333 1693 1381 τῶν
1715 1328 1900 1381 διακέ-

214 1430 331 1463 νων
360 1407 529 1479 αὐτῆς
561 1412 1059 1481 σμικρομερέστερα
1096 1409 1402 1480 πεφυκότα,
1441 1406 1531 1463 διὰ
1563 1414 1766 1478 πολλῆς
1802 1404 1898 1461 εὐ-

216 1494 490 1561 ρυχωρίας
528 1491 699 1561 ἰόντα,
739 1488 807 1544 οὐ
843 1489 1155 1561 βιαζόμενα,
1195 1489 1402 1545 ἄλυτον
1441 1487 1617 1559 αὐτὴν
1656 1489 1899 1545 ἐάσαντα

215 1570 452 1642 ἀτηκτον
499 1574 752 1642 παρέσχε·
812 1570 878 1627 τοὶ
917 1575 977 1628 δὲ
1014 1572 1215 1636 ὕδατος
1252 1570 1437 1643 ἐπειδὴ
1478 1576 1637 1642 μείζω
1686 1571 1899 1641 πέφυκε

215 1657 369 1725 μέρη,
384 1659 566 1724 βίαιον
586 1653 891 1724 ποιούμενα
909 1651 1013 1723 τὴν
1034 1655 1297 1724 διέξοδον,
1313 1652 1519 1708 λύοντα
1539 1650 1713 1722 αὐτὴν
1731 1652 1898 1722 τήκει.
1959 1721 1962 1724 ῃ

215 1740 321 1805 γῆν
341 1734 443 1805 μὲν
461 1732 569 1804 γὰρ
587 1732 892 1800 ἀξύστατον
915 1732 1023 1789 ὑπὸ
1044 1741 1166 1805 βίας
1196 1734 1372 1799 οὕτως
1393 1734 1546 1805 ὕδωρ
1567 1733 1742 1805 μόνον
1762 1732 1898 1800 λύει,

217 1821 617 1886 ξυνεστηκυϊαν
639 1816 697 1871 δὲ
727 1815 873 1886 πλὴν
905 1814 1080 1886 πυρὸς
1099 1813 1288 1871 οὐδέν·
1330 1819 1543 1880 εἴσοδος
1569 1812 1676 1886 γὰρ
1711 1812 1899 1869 οὐδενὶ

218 1895 366 1966 πλὴν
389 1898 521 1965 πυρὶ
542 1900 831 1965 λέλειπται.
869 1894 971 1966 τὴν
994 1895 1052 1951 δὲ
1073 1896 1276 1962 ὕδατος
1305 1890 1378 1951 αὖ
1409 1896 1647 1962 ξύνοδον
1671 1894 1773 1965 τὴν
1797 1895 1899 1964 μὲν
1945 1932 1948 1934 -

215 1980 534 2050 βιαιοτάτην
565 1987 677 2050 πῦρ
709 1980 904 2049 μόνον,
935 1979 1038 2049 τὴν
1070 1980 1128 2034 δὲ
1154 1976 1564 2047 ἀσθενεστέραν
1593 1976 1896 2046 ἀμφότερα,

215 2067 329 2132 πῦρ
348 2083 406 2115 τε
424 2063 516 2116 καὶ
548 2058 673 2132 ἀήρ,
707 2065 991 2130 διαχεΐτον,
1025 2059 1053 2115 ὁ
1082 2060 1184 2130 μὲν
1212 2057 1349 2114 κατα
1373 2057 1440 2112 τὰ
1471 2060 1715 2126 διάκενα,
1745 2058 1804 2111 τὸ
1841 2056 1897 2111 δὲ

214 2145 305 2196 καὶ
334 2141 471 2197 κατὰ
500 2141 564 2196 τὰ
594 2149 859 2212 τρίγωνα·
901 2146 996 2213 βία
1025 2141 1085 2196 δὲ
1113 2139 1246 2207 ἀέρα
1276 2138 1550 2204 ξυστάντα
1580 2135 1745 2193 οὐδὲν
1776 2136 1899 2192 λύει

216 2222 362 2293 πλὴν
398 2220 632 2292 κατὰτὸ
682 2232 963 2292 στοιχεῖον,
1003 2218 1267 2292 ἀβίαστον
1305 2219 1363 2275 δὲ
1396 2220 1687 2290 κατατήκει
1722 2220 1899 2288 μόνον

215 2309 344 2374 πῦρ.
382 2303 448 2357 τὰ
470 2303 528 2358 δὲ
557 2302 622 2374 δὴ
644 2310 755 2358 τῶν
777 2307 1088 2373 ξυμμίκτων
1108 2305 1166 2356 ἐκ
1184 2308 1284 2372 γῆς
1302 2323 1359 2356 τε
1378 2304 1467 2356 καὶ
1489 2298 1688 2364 ὕδατος
1710 2300 1900 2370 σωμάέ-

194 2406 344 2454 των,
367 2386 624 2454 μέχριπερ
646 2379 717 2438 ἀν
745 2383 899 2453 ὕδωρ
920 2382 1095 2438 αὐτοῦ
1126 2382 1190 2437 τὰ
1210 2388 1305 2453 τῆς
1331 2387 1432 2452 γῆς
1452 2382 1678 2436 διάκενα
1697 2383 1787 2435 καὶ
1804 2385 1899 2452 βίᾳ

214 2468 660 2535 ξυμπεπιλημένα
674 2463 969 2537 κατέχῃ,τά
982 2464 1083 2535 μὲν
1102 2462 1303 2527 ὕδατος
1323 2463 1546 2518 ἐπιόντα
1566 2466 1775 2528 ἔξωθεν
1789 2469 1898 2526 εἵς-

215 2551 351 2603 οδον
380 2545 483 2601 οὐκ
517 2552 710 2617 ἔχοντα
728 2550 864 2618 μέρη
886 2550 1246 2616 περιρρέοντα
1264 2543 1364 2600 τὸν
1397 2543 1530 2600 ὅλον
1561 2543 1733 2613 ὄγκον
1764 2543 1895 2613 ἄτη-

213 2651 345 2684 κτον
371 2636 536 2699 εἴασε,
557 2626 623 2683 τὰ
646 2628 706 2683 δὲ
724 2627 900 2700 πυρὸς
919 2634 995 2693 εἰς
1023 2626 1090 2682 τὰ
1111 2634 1225 2683 τῶν
1253 2626 1476 2682 ὑδάτων
1506 2626 1732 2681 διάκενα
1761 2628 1896 2679 εἰσι-

214 2709 365 2778 όντα,
388 2708 523 2779 ὅπερ
542 2709 695 2780 ὕδωρ
725 2716 850 2780 γῆν,
870 2716 1032 2765 τοῦτο
1058 2715 1171 2780 πῦρ
1190 2708 1327 2780 ἀέρα
1347 2706 1778 2778 ἀπεργαζόμενα,
1798 2726 1897 2774 τη-

213 2794 403 2861 χθέντι
423 2797 501 2864 τῷ
520 2797 692 2862 κοινῷ
711 2792 920 2862 στόματι
940 2793 1058 2862 ῥεῖν
1077 2790 1222 2862 μόνα
1243 2795 1389 2846 αἴτια
1409 2790 1711 2858 ξυμβέβηκε
1727 2808 1737 2818 ·
1760 2807 1898 2856 τυγ-
