1962 3236
638 177 1126 226 ΠοΛΙΤΕιΑΣ
1158 168 1214 223 ι’.
1400 228 1416 251 ,ἢ
1642 192 1746 244 299

0 319 10 398 ῑ
90 311 279 382 ορθως
306 335 341 383 γ
397 316 625 383 ἔφαμεν
683 308 758 367 ro
791 331 938 408 παρα
977 308 1046 365 τὰ
1075 311 1244 380 μέτρα
1280 330 1389 407 afa
1423 312 1603 382 ³022&
1644 350 1747 398 μεν

0 410 5 452 5
90 401 268 465 ψυχῆς
291 401 371 465 τῷ
390 392 528 448 κατὰ
547 390 615 447 τὰ
634 394 803 462 μέτρα
823 388 927 446 οὐκ
949 412 1022 445 αν
1051 397 1136 461 εἴη
1163 387 1383 446 ταύτόν.
1423 388 1511 447 Οὐ
1530 411 1613 460 γυ,
1596 431 1629 458 v
1659 408 1746 479 δή

88 474 249 530 Ἀλλὰ
280 474 390 545 μὴν
410 473 471 528 τὸ
504 475 683 545 μέτρῳ
714 492 777 542 γε
807 473 899 527 καὶ
932 477 1175 544 λογισμῷ
1206 478 1469 528 πιστεῦον
1498 473 1747 568 βέλτιμύς

91 581 163 612 αν
184 565 266 628 εἰη
283 563 378 627 τῆς
395 567 475 622 ψι
476 561 587 625 χῆς.
627 559 696 609 Τί
720 554 862 624 μήν;
907 551 980 609 T&
1005 553 1114 624 ἄρα
1145 554 1323 629 τούτῳ
1353 552 1745 624 ἐναντιούμενι.

90 661 203 694 των
234 638 469 709 φαύλων
497 635 569 692 ἄν
596 658 648 692 τι
678 643 759 706 εἴη
790 638 853 691 ἐν
880 633 1028 707 ἡμῖν.
1075 634 1325 707 Ἀνάγκη.
1383 641 1562 691 Τοῦτο
1591 639 1786 690 τοίνυν

95 719 603 791 διομολογήσασθαι
620 716 962 788 βουλόμενος
992 722 1203 788 ἔλεγον,
1239 714 1323 772 ὅτι
1350 715 1385 790 ἡ
1416 715 1660 788 γραφικὴ
1693 716 1787 772 καὶ

91 801 234 866 ὅλως
271 800 304 871 ἡ
342 798 599 871 μιμητικὴ
642 798 835 869 πόρρω
865 799 968 870 μὲν
996 805 1094 870 τῆς
1124 797 1390 870 αληθείας
1420 822 1490 855 ον
1517 797 1579 856 τό
1617 796 1787 870 αὑτῆς

91 888 256 954 ἔργον
282 880 656 953 απεργοὶζεται,
694 882 885 986 πόρρω
917 878 967 936 δ’
1004 883 1078 936 αὐ
1103 881 1430 953 φρονήσεως
1461 880 1580 937 ὄντι
1623 887 1701 955 τῷ
1723 882 1785 936 ἐν
1814 894 1848 935 Β

91 964 223 1037 ἡμῖν
248 972 576 1036 προσομιλεῖ
598 986 655 1020 τε
676 966 766 1020 καὶ
798 966 984 1034 ἑταίρα
1014 965 1107 1020 καὶ
1130 969 1263 1035 φίλη
1287 965 1437 1020 ἐστὶν
1468 961 1556 1019 ἐπ’
1597 937 1787 1019 οὐδενὶ

93 1046 240 1119 ὑγιεῖ
271 1047 396 1104 οὐδ’
436 1048 648 1118 ἀληθεῖ.
712 1046 1093 1116 Παντάπασιν,
1137 1040 1174 1117 ἦ
1210 1044 1262 1101 δ’
1306 1045 1380 1111 ὅς.
1440 1045 1636 1117 Φαύλη
1676 1044 1785 1115 ἄρα

91 1129 291 1202 φαύλῳ
321 1131 723 1198 ξυγγιγνομένη
754 1134 943 1198 φαῦλα
963 1135 1137 1199 γεννᾷ
1168 1126 1200 1199 ἡ
1230 1127 1506 1199 μιμητική.
1552 1126 1782 1183 Ἔοικεν.
1863 1126 1868 1128 ’

88 1213 359 1280 Πότερον,
380 1204 454 1281 ἦν
474 1208 526 1264 δ’
549 1210 674 1279 ἐγώ,
708 1209 740 1279 ἡ
774 1209 911 1264 κατὰ
941 1209 1044 1281 τὴν
1073 1210 1206 1276 ὄψιν
1234 1209 1430 1280 μόνον,
1461 1210 1498 1281 ἦ
1525 1211 1616 1266 καὶ
1646 1207 1785 1265 κατὰ

92 1292 191 1364 τὴν
210 1293 404 1364 ἀκοήν,
424 1290 497 1364 ἣν
518 1292 584 1363 δὴ
608 1299 829 1363 ποίησιν
847 1291 1214 1363 ὀνομάζομεν;
1246 1291 1413 1356 Εἰκός
1433 1290 1510 1361 γ’,
1545 1296 1669 1362 ἔφη,
1691 1292 1783 1347 καὶ

90 1375 314 1445 ταύτην.
355 1372 455 1445 Μὴ
476 1378 687 1444 τοίνυν,
708 1368 782 1444 ἦν
802 1371 851 1427 δ’
891 1372 1014 1443 ἐγώ,
1039 1380 1120 1447 τῷ
1148 1372 1318 1428 εἰκότι
1347 1372 1526 1443 μόνον
1556 1371 1783 1427 πιστεύ-

92 1475 274 1527 σωμεν
296 1458 356 1512 ἐκ
376 1462 472 1526 τῆς
509 1462 799 1526 γραφικῆς,
837 1453 976 1511 ἀλλὰ
999 1458 1091 1511 καὶ
1123 1455 1212 1512 ἐπ’
1247 1453 1385 1510 αὐτὸ
1417 1447 1492 1510 αὖ
1527 1458 1783 1526 ἔλθωμεν

89 1545 184 1609 τῆς
206 1542 452 1603 διανοίας
481 1544 664 1607 τοῦτο,
700 1529 745 1611 ᾧ
773 1544 1098 1608 προσομιλεῖ
1123 1534 1157 1609 ἡ
1189 1543 1286 1608 τῆς
1314 1536 1585 1609 ποιήσεως
1613 1559 1781 1608 μιμη-
1812 1554 1844 1596 G

94 1620 234 1690 τική,
256 1623 343 1674 καὶ
367 1623 589 1690 ἴδωμεν,
622 1626 845 1690 φαῦλον
871 1616 907 1690 ἦ
938 1618 1247 1675 σπουδαῖόν
1275 1621 1437 1674 ἐστιν.
1471 1617 1631 1676 Ἀλλὰ
1662 1619 1780 1690 χρή.

82 1696 214 1757 Ωδε
264 1702 330 1772 δὴ
371 1701 744 1772 προθώμεθα·
801 1722 1158 1771 πραττοντας,
1194 1703 1404 1772 φαμέν,
1442 1697 1783 1767 ἀνθρώπους

92 1795 329 1854 μιμεῖται
362 1782 393 1854 ἡ
431 1782 688 1855 μιμητικὴ
725 1789 939 1855 βιαίους
973 1779 1008 1854 ἢ
1045 1785 1299 1848 ἑκουσίας
1326 1782 1565 1855 πράξεις,
1595 1784 1687 1837 καὶ
1720 1785 1780 1837 ἐκ

93 1871 195 1919 τοῦ
216 1866 478 1932 πράττειν
497 1861 531 1935 ἦ
553 1858 617 1920 εὖ
636 1860 979 1935 elopemvovg
943 1888 976 1935 η
999 1871 1180 1929 κακῶς
1210 1866 1568 1936 πεπραγέναι,
1598 1864 1690 1919 καὶ
1720 1865 1780 1919 ἐν
1874 1916 1882 1925 ,

91 1946 308 2011 τούτοις
327 1945 394 2016 δὴ
416 1951 586 2001 πᾶσιν
605 1969 637 2017 η
618 1943 1102 2017 ’“λυπουμε’νους”
1066 1969 1098 2016 η
1118 1953 1425 2043 χαίροντας.
1464 1945 1540 2017 μή
1559 1967 1612 2001 τι
1642 1943 1775 2000 ἄλλο
1843 1953 1847 1957 “

89 2049 123 2098 ῃ
155 2028 302 2097 παρὰ
335 2033 532 2091 ταῦτα;
573 2026 771 2083 Οὐδέν.
814 2022 928 2098 'Ap’
961 2022 1066 2083 οὖν
1095 2030 1155 2083 ἐν
1192 2026 1365 2083 ἅπασι
1401 2027 1615 2092 τούτοις
1645 2024 1781 2098 ὁμο-

89 2116 356 2179 νοητικῶς
385 2108 687 2177 ἅνθρωπος
719 2110 1014 2176 &adnectam
1059 2105 1095 2180 ἦ
1126 2108 1310 2178 ὥσπερ
1347 2108 1485 2165 κατὰ
1513 2107 1618 2179 τὴν
1647 2107 1777 2175 ὄψιν
1815 2121 1851 2163 D

91 2191 367 2255 ἐστασίαζε
390 2192 479 2246 καὶ
500 2194 750 2256 ἐναντίας
771 2191 912 2263 εἶχεν
932 2193 993 2247 ἐν
1011 2192 1186 2266 ἑαυτῷ
1210 2189 1371 2257 δόξας
1394 2189 1506 2263 ἅμα
1526 2191 1780 2260 περὶτῶν

95 2267 300 2338 αὐτῶν,
325 2269 473 2326 οὕτω
493 2274 583 2328 καὶ
602 2275 661 2328 ἐν
680 2285 796 2339 ταῖς
816 2273 1044 2346 πράξεσι
1063 2272 1334 2340 στασιάζει
1352 2293 1411 2328 τε
1432 2273 1524 2329 καὶ
1552 2271 1781 2344 μάχεται

92 2349 259 2416 αὐτὸς
276 2349 456 2425 αὐτῷ,
442 2375 455 2388 ·
488 2351 973 2426 ἀναμιμνήσκομαι
998 2358 1074 2423 δέ,
1096 2354 1180 2411 ὅτι
1206 2354 1374 2411 τοῦτο’
1401 2375 1463 2425 γε
1483 2361 1593 2411 νῦν
1612 2351 1782 2410 οὐδὲν

95 2429 222 2486 δεῖ’
196 2454 336 2503 ημας
357 2435 830 2505 διομολογεῖσθαι·
870 2439 929 2491 ἐν
957 2437 1066 2508 γὰρ
1100 2449 1213 2501 τοῖς
1230 2458 1349 2491 ανω
1370 2435 1555 2507 λόγοις
1573 2439 1780 2500 ἱκανοῖς

92 2513 273 2568 πάντα
310 2521 483 2570 ταῦτα
529 2516 1091 2587 διωμολογησάμεθα,
1129 2516 1214 2573 ὅτι
1257 2522 1475 2613 μυρίων
1508 2516 1780 2574 τοιούτων

91 2596 519 2666 ἐναντιωμάτων
573 2618 685 2666 αμα
734 2600 1079 2668 γιγνομένων
1124 2595 1158 2669 ἡ
1208 2597 1354 2669 ψυχὴ
1384 2598 1554 2697 “riusa
1601 2596 1776 2669 ἡμῶν.

86 2675 315 2746 Ὀρθῶς,
338 2683 458 2749 ἔφη.
495 2676 705 2747 Όρθως
723 2679 848 2749 γάρ,
876 2673 949 2750 ἦν
967 2678 1023 2735 δ’
1045 2679 1177 2751 ἐγώ·
1216 2677 1338 2736 ἀλλ’
1376 2676 1410 2735 ὃ
1435 2678 1560 2736 τότε
1587 2677 1780 2737 ἀπελί-

90 2779 294 2831 πομεν,
335 2766 442 2815 νῦν
477 2782 571 2830 μοι
609 2765 764 2816 δοκεῖ
802 2758 1105 2832 ἀναγκαῖον
1145 2759 1283 2818 εἶναι
1321 2763 1638 2828 διεξελθεῖν.
1697 2758 1771 2816 Τὸ
1809 2769 1838 2808 Ε

90 2852 282 2908 ποῖον;
320 2845 440 2912 ἔφη.
476 2839 659 2912 Ἀνήρ,
679 2835 750 2914 ἦν
773 2840 827 2898 δ’
848 2842 976 2914 ἐγώ,
998 2840 1238 2915 ἐπιεικὴς
1255 2846 1476 2900 τοιᾶσδε
1496 2842 1664 2915 τύχης
1682 2864 1779 2914 με-
