1962 3236
585 184 1069 232 ΠοΛιΤΕΙΑΣ
1093 175 1151 246 γ’.
1649 185 1719 236 89

50 318 568 390 προσποιουμένους
594 315 943 385 τεθράφθαις
989 310 1027 385 ἢ
1056 311 1160 370 οὐκ
1193 311 1424 384 αἰσχρὸν
1452 318 1605 371 δοκεῖ
1630 319 1720 373 καὶ
1747 338 1776 378 Β

45 399 403 462 ἀπαιδευσίας
421 397 560 467 μέγα
579 394 878 467 τεκμήριον
909 392 970 452 τό
997 397 1211 469 ἐπακτῷ
1242 393 1373 465 παρ’
1405 393 1610 466 ἄλλων,
1652 396 1722 463 ὡς

43 485 327 537 δεσποτῶν
353 499 411 533 τε
441 478 532 532 καὶ
557 481 778 545 κριτῶν,
811 481 887 547 τῷ
923 479 1116 550 δικαίῳ
1147 474 1559 546 ἀναγκάζεσθαι
1585 486 1722 550 χρῆ-

42 571 194 633 σθαι,
215 564 303 619 καὶ
324 559 527 629 ἀπορία
557 562 803 621 οίκείων;
838 557 1082 613 Πάντων
1109 557 1213 629 μὲν
1234 552 1355 629 οὖν,
1385 564 1511 631 ἔφη,
1543 568 1723 632 αἴσχι-

43 661 190 700 στον.
222 636 292 699 Ἠ
305 644 459 697 δοκεῖ
473 655 580 708 σοι,
599 633 674 709 ἦν
693 636 745 694 δ’
772 638 897 708 ἐγώ,
918 639 1123 694 τούτου
1139 648 1359 711 αἴσχιον
1377 638 1518 696 εἶναι
1535 648 1718 712 τοῦτο,

42 725 179 782 ὅταν
211 745 293 787 τις
327 719 402 792 μὴ
439 720 619 791 μόνον
662 717 723 775 τὸ
764 717 910 774 πολὺ
947 726 1047 776 τοῦ
1084 727 1213 792 βίου
1255 725 1317 779 ἐν
1353 727 1722 796 δικαστηρίοις

42 804 270 876 φεύγων
287 824 343 859 τε
362 803 454 858 καὶ
473 799 693 856 διώκων
711 806 1121 872 κατατρίβηται,
1147 801 1289 859 ἀλλά
1318 807 1410 860 καὶ
1435 803 1542 861 ὑπὸ
1564 805 1721 862 ἀπει-

42 890 301 957 ροκαλίας
321 880 406 939 ἐπ’
431 880 582 955 αὐτῷ
616 879 683 952 δὴ
713 881 892 955 τούτῳ
925 889 1132 955 πεισθῇ
1164 890 1624 956 καλλωπίζεσθαι,
1651 885 1724 953 ὠς

41 967 221 1031 δεινὸς
243 962 324 1022 ὧν
340 966 465 1034 περὶ
486 963 547 1020 τὸ
575 962 788 1019 ἀδικεῖν
808 965 899 1020 καὶ
929 963 1122 1029 ἱκανὸς
1152 966 1330 1032 πάσας
1353 967 1457 1036 μὲν
1476 966 1723 1038 στροφὰς
1749 987 1780 1030 c

43 1051 398 1118 στρέφεσθαι,
434 1045 614 1109 πάσας
662 1044 721 1100 δὲ
767 1044 1048 1110 διεξόδους
1094 1045 1396 1112 διεξελθών
1439 1047 1722 1121 ἀποστρα-

42 1138 216 1202 φῆναι
239 1127 612 1198 λυγιζόμενος,
639 1126 781 1182 ὤστε
799 1125 872 1197 μὴ
894 1139 1197 1197 παρασχεῖν
1220 1131 1400 1199 δίκην,
1434 1133 1524 1186 καὶ
1547 1136 1723 1186 ταῦτα

42 1216 295 1282 σμικρῶν
312 1230 371 1265 τε
402 1209 491 1263 καὶ
512 1205 745 1271 οὐδενὸς
762 1205 931 1272 ἀξίων
954 1208 1136 1276 ἕνεκα,
1167 1207 1408 1279 ἀγνοῶν,
1440 1208 1554 1285 ὅσῳ
1586 1211 1724 1267 κάλ-

39 1299 162 1348 λιον
180 1292 271 1347 καὶ
290 1289 524 1361 ἄμεινον
542 1287 604 1344 τό
626 1288 1067 1358 παρασκευάζειν
1084 1290 1185 1344 τὸν
1215 1294 1340 1360 βίον
1369 1287 1521 1364 αὐτῷ
1550 1295 1723 1366 μηδὲν

42 1376 260 1429 δεῖσθαι
294 1370 660 1436 νυστάζοντος
697 1373 987 1435 δικαστοῦ;
1028 1367 1167 1439 Οὔκ,
1205 1368 1346 1426 ἀλλά
1383 1369 1556 1442 τοῦτ’,
1597 1377 1721 1444 ἔφη,

41 1457 256 1510 ἐκείνου
271 1459 349 1510 ἔτι
368 1462 594 1524 αἴσχιον.
641 1452 714 1508 Τὸ
737 1453 796 1508 δὲ
817 1456 1080 1522 ἰατρικῆς,
1099 1445 1172 1522 ἦν
1199 1449 1252 1507 δ’
1268 1451 1394 1523 ἐγώ,
1417 1456 1655 1525 δεῖσθαι,
1689 1453 1723 1509 δ’

39 1559 90 1591 τι
109 1535 183 1607 μὴ
202 1535 534 1607 τραυμάτων
553 1535 714 1590 ἕνεκα
732 1533 770 1605 ἤ
789 1555 959 1590 τινων
979 1535 1237 1589 ἐπετείων
1255 1534 1590 1606 νοσημάτων
1601 1537 1720 1591 ἐπι-

41 1618 345 1687 πεσόντων,
374 1613 514 1672 ἀλλὰ
546 1614 619 1672 δι’
653 1613 853 1686 ἀργίαν
881 1636 939 1671 τε
966 1617 1059 1672 καὶ
1088 1618 1303 1671 δίαιταν
1331 1618 1456 1671 οἵαν
1484 1615 1722 1687 διήλθοὲ
1743 1634 1779 1676 D

39 1721 143 1771 μεν
168 1699 460 1769 ῥευμάτων
477 1719 535 1754 τε
553 1700 644 1754 καὶ
663 1696 996 1768 πνευμάτων
1019 1695 1203 1767 ὥσπερ
1223 1701 1419 1769 λίμνας
1447 1701 1722 1770 ἐμπιπλα-

43 1782 245 1852 μένους
269 1780 453 1851 φύσας
482 1801 538 1836 τε
568 1781 660 1836 καὶ
690 1778 1001 1848 κατάρρους
1026 1777 1337 1848 νοσήμασιν
1363 1780 1610 1851 ὀνόματα
1640 1786 1722 1836 τί-

41 1870 251 1918 θεσθαι
294 1860 622 1932 ἀναγκάζειν
673 1861 805 1925 τούς
850 1857 1102 1930 κομψούς
1146 1856 1567 1932 Ἀσκληπιάδας,
1618 1859 1722 1917 οὐκ

42 1943 272 2015 αἰσχρὸν
292 1948 467 2010 δοκεϊ;
500 1945 610 1999 Καὶ
631 1939 785 2013 μάλ’,
824 1945 948 2012 ἔφη,
988 1939 1064 2005 ῶς
1102 1939 1329 2011 ἀληθῶς
1355 1941 1519 1997 καινά
1550 1948 1724 1997 ταῦτα

40 2029 131 2083 καὶ
153 2024 330 2082 ἄτοπα
351 2025 680 2096 νοσημάτων
701 2022 959 2094 ὀνόματα.
1004 2018 1124 2094 Οἷα,
1151 2019 1223 2093 ἦν
1242 2020 1292 2078 δ’
1318 2023 1444 2094 ἐγώ,
1467 2020 1539 2088 ὥς
1557 2022 1722 2095 οἶμαι,

41 2107 145 2165 οὐκ
180 2102 252 2179 ἦν
287 2104 373 2162 ἐπ’
407 2103 768 2176 Ἀσκληπιοῦ·
808 2109 1171 2174 τεκμαίρομαι
1206 2107 1282 2174 δέ,
1325 2102 1411 2160 ὅτι
1451 2102 1630 2160 αὐτοῦ
1672 2108 1728 2162 oc

43 2193 180 2253 υἱεῖς
216 2191 277 2244 ἐν
315 2192 485 2260 Τροίᾳ
523 2184 844 2258 Εὐρυπύλῳ
883 2186 1205 2258 τετρωμένῳ
1252 2184 1331 2241 ἐπ’
1370 2183 1526 2240 οἶνον
1561 2185 1724 2258 Πρά-
1749 2212 1780 2253 E

42 2291 235 2341 μνειον
253 2267 455 2338 ἄλφιτα
483 2269 659 2325 πολλὰ
681 2270 1056 2324 ἐπιπασθέντα
1080 2268 1171 2323 καὶ
1198 2265 1372 2337 τυρὸν
1388 2268 1720 2332 ἐπιξυσθέν-
1753 2285 1842 2333 406

45 2372 129 2419 τα,
166 2347 204 2404 ἃ
248 2348 314 2419 δὴ
355 2353 508 2406 δοκεῖ
546 2347 910 2420 φλεγματώδη
956 2347 1112 2418 εἶναι,
1162 2345 1266 2403 οὐκ
1302 2349 1615 2418 ἐμέμψαντο
1658 2357 1725 2421 τῇ

45 2430 221 2501 δούσῃ
240 2442 401 2498 πιεῖν,
422 2427 552 2486 οὐδὲ
571 2431 875 2501 Πατρόκλῳ
902 2435 977 2503 τῷ
999 2431 1211 2501 ἰωμένῳ
1233 2432 1578 2500 ἐπετίμησαν.
1618 2431 1725 2485 Καὶ

43 2513 144 2583 μὲν
172 2510 258 2580 δή,
299 2514 422 2579 ἔφη,
454 2509 664 2566 ἄτοπόν
697 2531 758 2580 γε
785 2510 845 2565 τὸ
867 2517 1030 2581 πῶμα
1056 2508 1235 2576 οὕτως
1264 2514 1459 2580 ἔχοντι.
1502 2509 1641 2579 Οὔκ,
1676 2516 1724 2564 εἰ

41 2592 97 2664 γ’
137 2595 359 2657 ἐννοεῖς,
392 2588 564 2657 εἶπον,
601 2587 685 2646 ὅτι
719 2598 786 2661 τῇ
824 2595 1207 2662 παιδαγωγικῇ
1242 2598 1355 2645 τῶν
1391 2590 1724 2660 νοσημάτων

40 2673 215 2743 ταύτῃ
234 2678 300 2743 τῇ
318 2676 427 2725 νῦν
446 2677 662 2742 ἰατρικῇ
682 2670 786 2740 πρὸ
802 2677 902 2726 τοῦ
927 2669 1319 2741 Ἀσκληπιάδαι
1341 2669 1444 2726 οὐκ
1465 2672 1718 2741 ἐχρῶντο,

46 2751 119 2819 ῶς
139 2768 293 2823 φασι,
316 2754 446 2819 πρὶν
476 2748 770 2820 Ἡρόδικον
796 2757 1084 2822 γενέσθαι·
1115 2749 1406 2820 Ἡρόδικος
1435 2752 1493 2809 δὲ
1524 2755 1721 2808 παιδο-

41 2841 228 2905 τρίβης
269 2828 348 2887 ῶν
386 2832 475 2886 καὶ
506 2833 754 2902 νοσώδης
793 2831 1106 2902 γενόμενος,
1142 2835 1296 2902 μίξας
1340 2846 1716 2903 γυμναστικην
