1962 3236
666 147 1150 196 ΠΟΛΙΤΕΙΑΣ
1187 138 1247 210 γ’.
1691 146 1792 198 101

243 284 397 337 xxn.
434 283 545 338 Καὶ
579 286 744 336 τοῦτο
781 280 886 352 μὲν
921 276 989 350 δὴ
1027 278 1133 344 ἕξει
1162 276 1273 352 ὅπῃ
1302 274 1376 335 οἶν
1403 278 1539 336 αὐτο
1569 278 1603 352 ἡ
1636 283 1792 354 φήμη

102 362 307 437 ἀγάγῃ·
346 362 499 435 ἡμεῖς
519 362 579 419 δὲ
597 363 831 427 τούτους
847 359 979 427 τοὺς
996 372 1246 433 γηγενεῖς
1268 361 1593 427 ὁπλίσαντες
1611 364 1792 434 προά-

101 467 288 516 γωμεν
325 444 655 518 ἡγουμένων
690 449 805 499 τῶν
840 441 1141 514 ἀρχόντων.
1180 441 1443 509 ἐλθόντες
1479 442 1540 499 δὲ
1574 446 1791 500 θεασά-

103 535 264 583 σθων
298 534 396 600 τῆς
426 526 639 590 πόλεως
674 523 820 580 ὅπου
856 524 1153 581 κάλλιστον
1185 523 1787 598 στρατοπεδεύσασθαι,

101 608 135 664 ὅ
141 617 245 665 θεν
262 609 469 683 τούς.τε
488 609 652 663 ἔνδον
669 603 886 677 μάλιστ’
921 602 993 660 ἂν
1015 610 1312 678 κατέχοιεν,
1345 613 1491 673 εἴτις
1508 605 1582 678 μὴ
1603 609 1790 664 ἐθέλοι
1816 622 1849 662 Ε

99 701 212 755 τοῖς
230 690 421 761 νόμοις
438 693 755 757 πείθεσθαι,
774 687 905 752 ’τούς
923 709 980 743 τε
999 690 1210 753 ἔξωθεν
1229 687 1596 760 ἀπαμύνοιεν,
1619 694 1670 746 εἰ
1684 710 1789 745 πο-

100 776 281 842 λέμιος
301 769 486 842 ὥσπερ
505 770 675 836 λύκος
701 771 787 825 ἐπὶ
815 773 1058 840 ποίμνην
1084 791 1164 834 τις
1196 777 1285 840 ἴοι,
1311 772 1790 842 στρατοπεδευσά-

97 873 255 922 μενοι
275 854 351 923 δέ,
382 852 661 917 θύσαντες
692 846 772 917 οἷς
802 852 923 922 χρή,
965 848 1132 916 εὐνὰς
1164 852 1555 922 ποιησάσθων
1594 848 1631 922 ἢ
1651 860 1789 917 πῶς;

103 932 313 1004 Οὕτως,
335 936 457 1004 ἔφη.
494 932 726 989 Οὐκοῦν
750 933 1023 1003 τοιαύτας,
1046 935 1164 997 οἵας
1191 933 1460 1003 χειμῶνός
1486 954 1545 989 τε
1574 936 1789 1004 στέγειν

99 1017 190 1070 καὶ
226 1015 436 1083 θέρους
470 1013 664 1079 ἱκανὰς
701 1013 864 1079 εἶναι;
897 1019 1027 1078 Πῶς
1057 1011 1164 1084 γὰρ
1200 1011 1327 1084 οὐχί
1337 1038 1351 1080 ;
1391 1015 1631 1086 οἰκήσεις
1661 1016 1789 1087 γάρ,

98 1099 222 1165 ἔφη,
245 1097 423 1159 δοκεῖς
440 1116 533 1165 μοι
557 1098 749 1165 λέγειν.
782 1101 913 1166 Ναί,
944 1090 1017 1166 ἦν
1045 1093 1100 1150 δ’
1134 1094 1259 1165 ἐγώ,
1289 1095 1680 1166 στρατιωτικάς
1706 1118 1788 1167 γε,

96 1173 222 1232 ἄλλ’
253 1172 323 1231 οὐ
350 1177 787 1247 χρηματιστικάς.
827 1181 975 1246 Παῖς,
1006 1181 1130 1247 ἔφη,
1159 1170 1232 1231 αὖ
1261 1183 1426 1233 τοῦτο
1459 1181 1633 1249 λέγεις
1661 1182 1783 1234 δια-
1816 1192 1904 1239 416

99 1258 292 1329 φέρειν
310 1259 557 1324 ἐκείνου;
591 1255 725 1327 Ἐγώ
745 1273 850 1327 σοι,
881 1250 953 1327 ἦν
986 1254 1037 1311 δ’
1072 1256 1198 1327 ἐγώ,
1235 1258 1568 1329 πειράσομαι
1597 1263 1785 1315 εἰπεῖν.

103 1339 420 1396 δεινότατον
438 1340 546 1410 γάρ
566 1359 678 1394 που
697 1337 925 1393 πάντων
945 1338 1036 1392 καὶ
1056 1346 1339 1407 αἴσχιστον
1358 1343 1579 1410 ποιμέσι
1596 1339 1787 1395 τοιού-

99 1442 229 1486 τους
257 1442 319 1491 γε
347 1422 438 1476 καὶ
467 1419 615 1476 οὕτω
642 1422 870 1491 τρέφειν
907 1418 1084 1485 κύνας
1117 1420 1455 1491 ἐπικούρους
1492 1425 1784 1492 ποιμνίων,

0 1536 2 1554 .
100 1501 238 1558 ὥστε
259 1500 367 1559 ὑπὸ
390 1500 686 1567 ἀκολασίας
714 1497 750 1572 ἦ
780 1507 946 1572 λιμοῦ
980 1500 1018 1572 ἤ
1040 1523 1188 1567 τινος
1207 1502 1383 1559 ἄλλου
1412 1507 1592 1558 κακοῦ
1618 1505 1789 1567 ἔθους

104 1582 310 1649 αὐτούς
329 1585 459 1649 τοὺς
478 1582 653 1648 κύνας
669 1585 1006 1654 ἐπιχειρῆσαι
1022 1595 1135 1650 τοῖς
1145 1583 1443 1657 προβάτοις
1454 1594 1789 1655 κακουργεῖν

99 1668 190 1721 καὶ
209 1663 331 1721 ἀντὶ
348 1670 541 1721 κυνῶν
558 1663 748 1730 λύκοις
766 1662 1128 1736 ὁμοιωθῆναι.
1169 1668 1397 1738 Δεινόν,
1416 1659 1454 1738 ἦ
1472 1665 1529 1722 δ’
1547 1663 1632 1731 ὅς·
1672 1669 1789 1730 πῶς

101 1745 153 1802 δ’
179 1745 275 1809 οὕς
314 1744 544 1802 Οὐκοῦν
563 1750 876 1816 φυλακτέον
888 1749 1051 1803 παντὶ
1067 1746 1274 1823 τρόπῳ,
1294 1747 1367 1819 μὴ
1380 1753 1638 1804 τοιοῦτον
1657 1744 1788 1819 ἡμῖν
1819 1758 1850 1799 Β

101 1831 158 1883 οἱ
171 1830 455 1897 ἐπίκουροι
487 1828 759 1899 ποιήσωσι
783 1826 922 1897 πρὸς
949 1828 1079 1894 τοὺς
1107 1834 1350 1897 πολίτας,
1380 1826 1566 1899 ἐπειδὴ
1599 1825 1788 1883 αὐτῶν

104 1915 386 1979 κρείττους
405 1913 563 1979 εἰσίν,
585 1908 706 1965 ἀντὶ
728 1908 1024 1980 ξυμμάχων
1043 1908 1297 1981 εὐμενῶν
1317 1909 1608 1974 δεσπόταις
1627 1907 1789 1980 ἀγρί-

104 2010 186 2055 οις
203 1987 674 2061 ἄφομοιωθῶσιν;
711 1992 1052 2060 Φυλακτέον,
1084 1996 1205 2062 ἔφη.
1249 1989 1481 2046 Οὐκοῦν
1509 1989 1613 2062 τὴν
1633 1994 1787 2061 μεγί-

102 2088 239 2142 στην
256 2075 353 2143 τῆς
370 2069 658 2143 εὐλαβείας
685 2075 1192 2143 παρεσκευασμένοι
1221 2068 1291 2128 ἄν
1325 2070 1452 2142 εἶεν,
1484 2075 1535 2126 εί
1559 2077 1638 2143 τῷ
1666 2069 1789 2127 ὅντι

100 2157 281 2217 καλῶς
307 2156 733 2225 πεπαιδευμένοι
764 2158 929 2221 εἰσίν;
962 2152 1121 2211 Ἀλλὰ
1149 2151 1262 2225 μὴν
1287 2158 1395 2210 εἰσί
1420 2151 1495 2224 γ’,
1525 2157 1647 2225 ἔφη.
1697 2154 1789 2209 καὶ

102 2231 268 2303 ἔγωγ’
291 2232 465 2306 εἶπον,
491 2241 668 2293 Τοῦτο
687 2236 790 2308 μὲν
818 2235 922 2292 οὐκ
951 2237 1106 2303 ἄξιον
1127 2241 1576 2307 διισχυρίζεσθαι,
1598 2229 1643 2291 ὦ
1662 2240 1788 2306 φίλε

102 2316 399 2371 Γλαύκων·
438 2315 471 2374 ὃ
499 2320 688 2389 μέντοι
718 2317 843 2389 ἄρτι
870 2322 1147 2390 ἐλέγομεν,
1176 2318 1350 2389 ἄξιον,
1375 2316 1460 2374 ὅτι
1481 2321 1567 2373 δεῖ
1581 2314 1788 2380 αὐτοὺς

102 2403 198 2466 τῆς
217 2394 391 2468 ὀρθῆς
408 2412 591 2470 τυχεῖν
609 2403 872 2471 παιδείας,
891 2400 1008 2472 ἥτις
1030 2405 1163 2457 ποτέ
1176 2403 1344 2470 ἐστιν,
1377 2404 1428 2456 εἰ
1443 2401 1706 2471 μέλλουσι
1726 2398 1786 2454 τό
1819 2416 1850 2458 G

102 2481 361 2547 μέγιστον
379 2482 520 2550 ἔχειν
540 2482 677 2551 πρὸς
695 2481 755 2537 τό
776 2480 970 2553 ἥμεροι
990 2481 1129 2538 εἶναι
1151 2479 1338 2547 αὑτοῖς
1355 2503 1412 2537 τε
1433 2482 1524 2537 καὶ
1544 2492 1654 2544 τοῖς
1674 2501 1788 2550 φυ-

102 2561 454 2629 λαττομένοις
495 2558 590 2615 ὑπ’
627 2560 827 2617 αὐτῶν.
870 2564 976 2618 Καὶ
1010 2561 1199 2630 ὀρθαῖς
1233 2583 1314 2633 γε,
1354 2555 1390 2632 ἦ
1427 2559 1484 2615 δ’
1522 2559 1597 2624 ὅς.
1636 2559 1789 2629 Πρὸς

103 2644 295 2695 τοίνυν
317 2646 382 2711 τῇ
412 2646 629 2715 παιδείᾳ
650 2643 821 2714 ταύτῃ
841 2648 974 2714 φαίη
1005 2642 1079 2698 ἄν
1104 2665 1185 2708 τις
1213 2648 1356 2699 νοῦν
1383 2645 1524 2712 ἔχων
1554 2643 1670 2698 δεῖν
1698 2642 1789 2697 καὶ

102 2723 200 2787 τὰς
220 2723 458 2794 οἰκήσεις
489 2726 578 2780 καὶ
607 2724 710 2795 τήν
739 2724 913 2796 ἄλλην
945 2723 1144 2780 οὐσίαν
1171 2724 1436 2795 τοιαύτην
1463 2721 1650 2790 αὐτοῖς
1679 2744 1787 2779 πα·-

107 2805 579 2875 ρασκευιὶσασθαι,
602 2805 718 2876 ἥτις
738 2807 871 2877 μήτε
883 2806 1014 2871 τούς
1027 2806 1278 2877 φύλακας
1291 2804 1364 2872 ὥς
1375 2804 1632 2876 ἀρίστους
1650 2804 1787 2863 εἶναι
