1962 3236
134 232 245 262 xxiv
318 231 323 233 ·
838 217 1230 262 PRAEFATIO.

135 333 328 377 Anecdd.
361 344 406 385 p.
436 331 522 372 405
554 330 776 382 firmatam,
805 331 1022 384 praebuit;
1054 344 1130 372 nec
1162 342 1206 384 p.
1233 330 1288 373 53
1318 331 1357 371 Α
1387 331 1582 382 quamtis
1612 344 1843 385 paucorum
1875 334 1923 374 li-

136 393 304 433 brorum
343 389 425 430 fide
465 383 720 440 δεξαμένης
750 400 827 442 Ριο
867 385 1121 439 ὃεξαμενῆς
1158 400 1356 429 revocare
1394 388 1619 442 dubitali,
1647 391 1746 441 quia
1779 398 1923 431 nostro

135 450 227 490 loco
258 459 340 488 non
378 452 423 485 ut
454 444 608 486 Critiae
637 457 681 498 p.
715 445 798 486 117
831 447 993 486 canalis
1023 445 1298 499 significatio,
1331 445 1408 485 sed
1447 457 1497 485 ea
1530 447 1673 499 potius
1714 449 1923 500 convenit,

138 517 263 558 quam
292 503 487 545 Timaeus
519 503 645 542 etiam
676 515 719 555 p.
753 502 808 543 57
844 500 874 541 C
899 502 1140 567 participio
1159 498 1383 555 δεχομένη
1417 502 1664 549 declaravit3
1708 505 1791 556 ipsi
1821 517 1924 546 vero

134 563 230 604 Par.
338 559 392 602 53
419 559 453 599 E
476 552 583 599 τόδε
612 572 689 612 pro
719 553 844 606 τότε,
874 570 917 611 p.
952 559 1008 599 54
1032 560 1064 599 Β
1087 552 1221 613 λόγος
1249 573 1327 624 Ριο
1356 556 1380 599 ὁ
1406 552 1540 625 λόγος
1571 566 1612 600 et
1638 533 1925 627 ἑξελὲγξαντι

133 632 210 674 pro
218 573 472 670 ἔρεῖγξαντι
507 617 704 664 debetur,
738 616 1012 668 ejusdemque
1040 618 1230 671 vestigiis
1262 608 1322 668 δὴ
1353 623 1450 670 post
1478 609 1725 684 οἷνευρόντι
1755 619 1924 668 sustuli,

135 677 174 717 si
205 676 374 728 quidem
414 673 483 714 ille
515 667 578 725 μὴ
620 673 874 722 omittendo,
913 675 1028 725 quod
1058 676 1196 728 ipsum
1226 676 1388 727 passim
1421 687 1515 714 cum
1544 669 1603 726 δὴ
1638 676 1924 724 confunditur,

134 734 216 775 hoc
245 746 298 773 ex
330 729 615 784 dittographia
647 731 816 771 demum
848 731 1070 783 irrepsisse
1106 734 1265 786 arguit3
1298 732 1478 783 denique
1507 744 1553 784 Ρ.
1590 733 1646 774 55
1676 733 1710 772 D
1742 727 1853 772 ποτὲ
1886 738 1926 772 et

135 784 249 836 θεὸς
289 801 373 830 ιιοιι
415 788 611 839 equidem
651 794 697 828 ut
736 786 1019 828 Schneiderus
1060 789 1322 842 simpliciter,
1367 796 1548 829 attamen
1590 803 1684 830 cum
1727 789 1927 830 cancellis

137 848 302 901 priscae
330 844 592 898 corruptelae
618 846 728 886 notis
759 846 974 890 revocavi
1003 868 1061 875 -
1086 847 1197 888 Ibid.
1229 843 1395 886 τοῦτον
1426 846 1480 895 Ρ,
1507 841 1685 887 τούτων
1713 847 1855 888 VBST
1885 853 1926 887 et

137 904 440 952 Schneiderus3
472 908 514 942 at
534 903 698 943 etiamsi
717 897 941 954 μεθετέον
967 903 1021 943 ad
1045 905 1230 944 medium
1258 916 1425 955 quoque
1458 906 1644 944 revocari
1674 905 1794 954 licet,
1832 905 1926 956 ipsa

135 961 341 1002 sententia
364 971 448 1000 non
477 965 563 999 tam
589 971 657 1000 res
689 973 814 1011 quam
835 960 1049 1000 hominem
1077 963 1184 1002 mitti
1206 960 1416 1014 postulat,
1440 958 1637 1001 nimirum
1664 973 1773 1014 eum,
1801 973 1922 1012 quem

137 1019 258 1059 aliter
291 1018 446 1058 sentire
475 1027 603 1080 posse
638 1017 764 1058 modo
801 1017 959 1057 dictum
990 1024 1092 1062 erat
1126 1042 1184 1050 —
1218 1019 1263 1060 P.
1296 1016 1352 1059 58
1382 1018 1422 1058 A
1451 1009 1670 1069 ανισότης
1704 1018 1795 1058 sine
1826 1013 1856 1069 ἡ
1886 1025 1924 1058 e*

136 1089 180 1130 p
213 1075 270 1117 58
299 1075 334 1115 D
366 1066 607 1126 κινητικὸν
642 1086 720 1140 pro
758 1067 951 1139 κινητὸν
983 1087 1035 1115 ex
1065 1076 1214 1116 eodem
1247 1073 1394 1120 Stallb.
1431 1081 1471 1115 et
1502 1074 1783 1116 Schneiderus
1812 1088 1925 1116 rece-

135 1139 309 1187 perunt,
337 1133 455 1184 prior
478 1131 603 1171 etiam
630 1124 899 1186 αποβοὲλλει,
924 1125 1098 1184 ταύτην
1125 1126 1175 1172 δὲ
1200 1138 1297 1172 ante
1322 1126 1572 1185 α’πολέσαν,
1601 1133 1715 1184 quod
1737 1133 1817 1173 etsi
1839 1145 1927 1173 coi-

135 1190 290 1231 rectori
320 1188 467 1229 deberi
498 1201 590 1229 cum
622 1186 877 1230 Schneidero
910 1189 1108 1238 arbitror,
1145 1196 1318 1243 propter
1348 1190 1506 1231 codicis
1534 1197 1675 1231 tamen
1702 1191 1926 1231 auctorita-

103 1268 107 1269 *
135 1254 220 1289 tem
257 1253 297 1288 et
334 1248 474 1300 ipsum
513 1257 608 1285 cum
639 1246 833 1287 cancellis
865 1247 1035 1287 inserui.
1069 1270 1124 1276 -—
1156 1248 1204 1289 P.
1239 1247 1294 1288 59
1321 1249 1358 1287 Α
1389 1244 1533 1299 ψῦξιν
1567 1259 1646 1300 pro
1672 1241 1820 1300 ψύξιν
1856 1246 1923 1287 vel

135 1307 227 1346 sine
257 1305 375 1345 libris
407 1302 554 1344 Stalib.
586 1309 627 1343 et
658 1302 784 1347 Schn.
814 1304 1084 1344 scribendum
1120 1304 1333 1354 viderunt3
1358 1305 1484 1346 iidem
1517 1317 1615 1345 vero
1647 1305 1763 1355 quod
1791 1317 1834 1358 Ρ
1870 1303 1926 1345 59

134 1364 168 1403 Β
200 1355 251 1403 δὲ
272 1359 328 1431 τῇ
358 1367 456 1414 post
482 1353 749 1413 πυκνότητα
774 1374 827 1401 ex
854 1361 946 1401 Par.
979 1362 1250 1410 addiderunt,
1283 1375 1361 1416 ego
1392 1362 1507 1403 facili
1531 1362 1689 1402 Baiteri
1716 1367 1925 1402 correctu-

135 1433 206 1461 rae
238 1412 288 1459 δ’
317 1412 384 1458 ἔτι
421 1417 671 1472 posthabui,
710 1430 794 1459 non
831 1419 996 1468 minus,
1033 1426 1078 1459 ut
1110 1420 1280 1486 opinor,
1316 1427 1480 1469 certae,
1516 1431 1641 1483 quani
1674 1421 1788 1471 quod
1820 1431 1922 1459 mox

135 1476 256 1531 Ρ.59
284 1475 315 1517 C
342 1477 394 1517 ab
424 1475 571 1516 eodem
595 1475 698 1516 libro
724 1475 910 1516 oblatum
937 1451 1301 1529 κατατιθέμενος
1326 1490 1404 1530 pro
1431 1471 1749 1529 καταθέμενος
1776 1489 1925 1528 quam·

136 1536 203 1575 vis
242 1535 372 1574 invito
410 1532 667 1574 Schneidero
709 1546 804 1573 cum
845 1531 990 1574 Stallb.
1030 1536 1137 1574 inter
1168 1535 1309 1575 media
1349 1534 1431 1575 alia
1469 1535 1708 1600 praesentia
1736 1535 1925 1586 recipere

137 1591 275 1632 nullus
299 1591 503 1634 dubitavi.
527 1613 584 1620 —
603 1590 648 1634 Ρ.
675 1590 730 1632 59
756 1590 791 1630 D
823 1584 1008 1642 ἐφέντες
1026 1590 1130 1633 VBS
1162 1599 1201 1633 et
1226 1592 1524 1640 Schnefflerus,
1558 1584 1753 1643 ἀφέντες
1777 1591 1809 1630 Τ
1831 1603 1924 1630 cum

134 1649 188 1698 P,
222 1649 376 1701 quibus
407 1654 546 1688 tamen
576 1649 862 1701 obtemperare
890 1661 1001 1690 nunc
1029 1649 1167 1699 nolui,
1207 1651 1305 1701 quia
1342 1651 1437 1702 ipsa
1469 1662 1577 1700 quae
1608 1655 1839 1700 sequuntui
1871 1647 1925 1688 ad

134 1701 322 1759 μέτριον
349 1701 429 1745 καὶ
459 1699 692 1757 φρόνιμον
725 1699 922 1745 παιδιὰν
952 1707 1181 1759 pertinent,
1226 1708 1294 1747 cui
1321 1707 1540 1760 indulgere
1567 1707 1811 1755 Timaeum,
1841 1717 1924 1745 non

137 1765 310 1804 missam
338 1763 474 1804 facere
501 1769 825 1803 consentancum
860 1770 944 1811 est;
978 1776 1056 1804 nec
1087 1777 1130 1816 p.
1162 1763 1218 1805 60
1250 1763 1281 1804 C
1311 1765 1425 1829 quod
1442 1739 1602 1805 DStallb.
1635 1770 1675 1803 et
1706 1763 1834 1805 Schn.
1870 1775 1924 1802 ex

135 1823 230 1865 Par.
261 1826 512 1874 receperunt
537 1813 674 1859 κενὸν
702 1817 745 1859 δ’
766 1813 1007 1872 ὑπερεῖχεν
1037 1822 1256 1885 vulgatum
1287 1814 1423 1862 κενὸν
1453 1813 1493 1860 δ’
1513 1813 1722 1873 ὑπῆρχεν
1750 1821 1924 1861 veritate

136 1891 335 1932 superare
377 1878 578 1926 arbitror,
610 1884 812 1929 sequente
842 1880 1091 1943 praesertim
1125 1871 1302 1932 αὐτῶν,
1343 1879 1457 1931 quod
1492 1891 1620 1932 aegre
1652 1891 1733 1944 quo
1766 1877 1926 1918 referas

135 1936 341 1979 invenias.
404 1935 579 1976 Accedit
611 1935 724 1986 quod
754 1947 836 1975 non
866 1928 1106 1987 ὑπερέχειν
1138 1936 1213 1977 sed
1245 1931 1474 1989 περιέχειν
1504 1936 1690 1976 solemne
1721 1937 1763 1974 in
1796 1947 1923 1986 quae-

135 1994 343 2034 stionibus
365 1991 673 2045 physiologicis
704 1992 756 2032 (le
785 2005 915 2032 vacuo
942 1994 1114 2033 verbum
1135 2000 1222 2042 est,
1255 1993 1310 2036 cf.
1335 1993 1450 2033 Stob.
1482 1992 1568 2036 Eci.
1593 1992 1716 2045 phys.
1750 2004 1795 2044 Ρ
1822 1991 1921 2040 380,

135 2049 252 2091 Sext.
278 2050 398 2101 Emp.
423 2049 531 2092 adv.
546 2047 676 2090 Math.
696 2048 750 2092 X.
774 2050 813 2098 1,
838 2050 991 2103 Hypot
1017 2049 1164 2103 Pyrrh.
1189 2050 1259 2089 ΙΙΙ.
1286 2050 1391 2098 125;
1418 2050 1597 2090 libenter
1622 2049 1753 2102 igitur
1774 2050 1921 2097 ascivi,

135 2106 249 2158 quod
278 2106 471 2170 quamvis
498 2106 745 2170 corrigendo
766 2106 963 2146 demum'
954 2119 995 2146 ιιι
1018 2107 1114 2171 Par.
1143 2105 1305 2146 illatum
1327 2107 1598 2172 probabiliter
1620 2113 1758 2148 tamen
1782 2106 1922 2146 locum

133 2164 330 2210 restituit,
362 2156 499 2202 κενὸν
530 2156 583 2201 δ’
605 2155 662 2202 ου’
683 2164 913 2216 περιεῖχεν
936 2156 1079 2203 αυτὸν
1109 2155 1261 2207 οὐδέν.
1280 2189 1338 2197 —
1357 2165 1463 2207 Ibid.
1495 2156 1628 2230 ανῄει
1653 2176 1731 2217 pro
1759 2155 1923 2216 οἷνῄειν

134 2220 259 2264 codd.
305 2219 395 2261 fere
432 2220 617 2260 omnium
655 2232 861 2261 consensu
901 2222 1106 2274 scriptum
1147 2227 1210 2262 est
1248 2234 1325 2261 nec
1367 2221 1481 2274 vulg.
1517 2211 1577 2260 ὂὲν
1611 2217 1685 2289 εἰή
1723 2221 1923 2261 aliorsum

29 2320 31 2323 ,
134 2278 274 2326 ducit;
304 2271 430 2323 εἶδος
453 2283 594 2317 autem
622 2290 701 2330 pro
728 2275 866 2324 λίθος
893 2291 985 2319 meo
1016 2278 1202 2331 periculo
1229 2280 1366 2328 edidi,
1398 2280 1497 2330 quia
1520 2291 1596 2318 nec
1620 2273 1727 2331 ε”χον
1753 2289 1922 2318 mascu-

32 2355 80 2363 w
170 2347 267 2376 num
307 2347 442 2388 genus
481 2347 558 2375 nec
598 2341 684 2375 tota
718 2337 924 2376 sententia
956 2336 1141 2388 lapidem
1182 2337 1377 2379 admittit.
1438 2335 1545 2376 Nam
1585 2337 1710 2375 etia'm
1753 2335 1791 2374 si
1824 2347 1919 2374 cum

132 2336 339 2490 &gg-avio
368 2398 408 2432 et
430 2391 607 2432 Martino
630 2392 787 2432 Etudes
814 2405 887 2432 sur
918 2393 956 2434 le
987 2394 1129 2434 Timee
1154 2405 1198 2445 p.
1216 2393 1301 2434 264
1322 2394 1484 2433 basanit
1488 2406 1552 2432 em
1585 2394 1920 2445 interpretemur,

133 2451 198 2491 dis
250 2462 361 2490 lmen
401 2450 455 2490 'ab
497 2450 770 2490 antecedente
807 2446 953 2506 πέτρᾳ
991 2456 1158 2516 praeter
1194 2450 1379 2490 colorem
1415 2450 1578 2489 nullum
1610 2450 1919 2498 nanciscemur,

133 2507 345 2559 iidemque
371 2507 562 2547 certatim
591 2500 709 2559 ἔχων
734 2507 873 2560 legere
902 2508 1033 2548 coacti
1064 2513 1181 2554 sunt3
1215 2508 1329 2558 quod
1357 2509 1393 2547 si
1426 2519 1566 2547 carere
1598 2513 1838 2547 correctura
1868 2518 1921 2545 ne

134 2566 196 2604 sic
227 2565 397 2615 quidem
434 2563 555 2604 locus
586 2569 749 2617 potest,
792 2571 935 2604 nostia
977 2565 1081 2604 duas
1112 2564 1238 2603 simul
1275 2564 1540 2605 difficultates
1575 2564 1686 2604 tollit
1716 2575 1794 2603 nec
1827 2564 1919 2614 ipsa

133 2623 337 2674 majorem
364 2621 656 2662 confusionem
686 2623 845 2670 statuit,
876 2634 1001 2673 quam
1033 2634 1114 2673 qua
1144 2621 1265 2674 Reip.
1285 2622 1357 2662 VI.
1391 2634 1435 2674 p.
1463 2621 1548 2662 497
1577 2609 1703 2672 ἦθος
1728 2627 1768 2661 et
1793 2614 1920 2665 εἶδος

132 2691 159 2719 a
185 2678 365 2718 librariis
395 2686 636 2745 permutata
663 2684 774 2719 sunt.
799 2701 851 2708 -
875 2679 972 2720 Mox
1001 2678 1166 2719 demum
1198 2680 1253 2719 ad
1279 2681 1375 2723 Par.
1405 2690 1599 2719 reversus
1633 2691 1726 2718 cnm
1748 2677 1921 2718 Schnei-

131 2737 232 2776 dero
259 2749 302 2789 Ρ.
332 2736 388 2777 62
417 2736 454 2775 Α
484 2731 660 2777 τού-των
684 2747 761 2788 pro
792 2727 960 2790 τούτῳ,
989 2748 1031 2789 Ρ.
1057 2736 1112 2778 62
1135 2735 1165 2777 C
1195 2733 1279 2787 τῆς
1301 2734 1385 2777 τοῦ
1405 2730 1530 2775 κάτω
1558 2747 1634 2787 Ριο
1661 2732 1744 2786 τῆς
1775 2727 1916 2782 κάτω,

131 2805 174 2846 Ρ.
209 2792 264 2834 63
291 2793 324 2833 Β
355 2786 554 2847 ἐπεμβὰς
585 2806 663 2858 pro
694 2767 960 2849 ἐπαναβάς,
987 2805 1030 2845 Ρ.
1059 2792 1116 2833 64
1146 2792 1176 2833 C
1206 2789 1285 2832 καὶ
1316 2786 1398 2839 τὰς
1423 2790 1582 2859 τρίχας
1610 2805 1687 2845 pro
1717 2786 1796 2830 καὶ
1821 2789 1918 2842 τρί-

127 2861 242 2902 χας,
271 2862 315 2902 p.
347 2849 403 2891 65
430 2850 464 2889 E
495 2843 768 2902 λεαινόμενα
794 2863 870 2910 pro
903 2842 1216 2902 λειαινόμενα,
1252 2862 1293 2903 p.
1322 2851 1379 2892 66
1407 2851 1439 2889 Ε
1470 2843 1590 2901 ε’χειν
1617 2862 1692 2902 pro
1723 2849 1851 2900 σχειν
1878 2854 1919 2888 et
