1962 3236
163 104 235 157 40
761 110 1234 160 ΠΛΑΤΩΝΟΣ

163 246 359 297 κοῦντι
385 240 618 314 τοιούτῳ
649 238 815 297 εἶναι·
854 241 1062 313 ἄδηλον
1083 237 1216 314 οὖν,
1257 251 1364 300 εἴτε
1382 253 1484 301 τοῦ
1504 251 1720 304 δικαίου
1739 257 1843 306 εἴτε

164 328 279 378 τῶν
301 325 527 393 δωρεῶν
556 344 614 377 τε
637 324 727 377 καὶ
747 329 921 392 τιμῶν
941 324 1100 378 ἕνεκα
1118 330 1366 391 τοιοῦτος
1394 334 1493 399 εἴη.
1532 333 1846 400 γυμνωτέος

167 402 234 474 δὴ
259 404 486 458 πάντων
505 401 652 474 πλὴν
671 403 1046 474 δικαιοσύνης,
1063 405 1154 459 καὶ
1177 409 1428 476 ποιητέος
1446 410 1705 474 ἐναντίως
1724 414 1844 466 δια-

164 487 415 554 κείμενος
431 490 510 557 τῷ
528 487 803 557 προτέρω·
822 483 996 554 μηδὲν
1014 484 1121 555 γὰρ
1142 483 1352 541 ἀδικῶν
1372 488 1541 554 δόξαν
1559 492 1718 561 ἐχέτω
1743 490 1844 562 τὴν

67 614 70 617 ,
164 570 428 636 μεγίστην
455 562 740 633 ἀδικίας,
726 568 817 620 ίνα
844 558 880 637 ᾖ
901 570 1367 638 βεβασανισμένος
1388 574 1463 635 εἰς
1483 573 1843 644 δικαιοσύνην

162 651 242 717 τῷ
269 666 343 746 μη
373 645 669 714 τέγγεσθαι
700 641 808 700 ὑπὸ
842 649 1165 712 κακοδοξίας
1191 649 1281 703 καὶ
1310 655 1422 704 τῶν
1452 649 1549 705 ἀπ’
1570 650 1739 723 αὐτῆς
1755 675 1842 722 γι-

91 740 130 783 D
163 727 479 797 γνομένων·
518 722 641 780 ἀλλ’
662 733 759 781 ἴτω
778 723 1148 797 ἀμετάστατος
1165 733 1320 800 μέχρι
1337 732 1620 803 θανάτου,
1661 737 1843 789 δοκῶν

164 805 267 878 μὲν
285 803 424 862 εἶναι
442 803 632 870 άδικος
661 805 750 861 διά
772 812 925 878 βίον,
968 805 1046 863 ὢν
1075 808 1135 864 δὲ
1156 811 1443 880 δίκαιος,
1429 809 1504 866 ι”ν
1537 811 1841 882 ἀμφότεροι

165 892 243 953 εἰς
260 888 320 943 τὸ
341 891 570 957 ἔσχατον
589 885 946 957 ἐληλυθότες,
985 885 1014 942 ὁ
1034 888 1135 957 μὲν
1165 891 1521 962 δικαιοσύνης
1534 934 1547 960 ,
1591 890 1620 947 ὁ
1642 893 1701 948 δὲ
1721 894 1841 948 ἀδι-

163 972 313 1039 κίας,
334 973 633 1038 κρίνωνται
651 965 913 1039 ὁπότερος
933 968 1125 1024 αὐτοῖν
1143 967 1645 1041 εὐδαιμονέστερος.

302 1053 360 1103 V.
394 1052 588 1120 Βαβαί,
608 1041 680 1119 ἦν
700 1047 753 1103 δ’
774 1049 900 1119 ἐγώ,
923 1043 968 1104 03
986 1054 1111 1120 φίλε
1120 1051 1410 1121 Γλαύκων,
1430 1050 1502 1118 ὥς
1520 1056 1839 1125 ἐρρωμένως

163 1129 427 1199 ἑκάτερον
459 1127 644 1198 ὤσπερ
684 1128 991 1199 ἀνδριάντα
1029 1136 1105 1198 εἰς
1140 1130 1242 1203 τὴν
1276 1139 1459 1204 κρίσιν
1494 1137 1840 1208 ἐκκαθαίρεις

161 1222 280 1266 τοῖν
299 1208 544 1282 ἀνδροῖν.
609 1208 704 1276 Ὡς
725 1209 952 1283 μάλιστ’,
981 1216 1115 1284 ἔφη,
1153 1213 1407 1286 δύναμαι.
1443 1238 1630 1272 οντοιν
1648 1219 1708 1272 δὲ
1725 1239 1839 1273 τοι-

163 1292 380 1362 ούτοιν,
419 1290 584 1346 οὐδὲν
621 1295 726 1362 ἔτι,
767 1313 840 1357 ως
867 1286 1099 1366 ἐγωμαι,
1140 1293 1384 1364 χαλεπὸν
1412 1298 1726 1362 ἐπεξελθεῖν
1762 1320 1836 1352 τω

100 1393 136 1434 Ε
165 1373 344 1447 λόγω,
385 1368 496 1436 οἶος
527 1371 789 1442 ἑκάτερον
808 1376 926 1443 βίος
956 1376 1208 1444 ἐπιμένει.
1246 1380 1464 1431 λεκτέον
1489 1369 1620 1431 οὖν·
1658 1380 1749 1432 καὶ
1770 1377 1835 1449 δὴ

160 1478 271 1511 καν
289 1453 688 1525 ἀγροικοτέρως
706 1454 942 1525 λέγηται,
963 1452 1035 1525 μὴ
1056 1457 1147 1525 ἐμὲ
1169 1463 1292 1511 οἴου
1310 1460 1515 1527 λέγειν,
1537 1479 1579 1512 ω
1600 1458 1834 1530 Σώκρα-

37 1600 41 1605 ,
161 1559 274 1606 τες,
314 1534 452 1591 ἀλλά
494 1536 624 1600 τοὺς
659 1538 1024 1601 ἐπαινοῦντας
1060 1535 1167 1606 πρὸ
1213 1539 1567 1610 δικαιοσύνης
1599 1538 1834 1596 ἀδικίαν.

45 1616 47 1618 ’
79 1621 347 1690 ἐροῦσι
376 1617 435 1673 δὲ
462 1616 617 1688 τάδε,
655 1615 740 1673 ὅτι
759 1616 904 1672 οὕτω
927 1621 1264 1690 διακείμενος
1283 1618 1312 1675 ὁ
1335 1624 1542 1686 δίκαιος
1560 1622 1837 1691 μαστιγώ-

159 1716 335 1771 σεται,
369 1696 794 1770 στρεβλώσεται,
819 1699 1127 1771 δεδήσεται,
1148 1701 1548 1772 ἐκκαυθήσεται
1570 1699 1838 1771 τώφθαλ-

41 1802 130 1848 362
159 1781 268 1854 μοί,
301 1787 574 1837 τελευτῶν
601 1781 782 1836 πάντα
799 1781 941 1837 κακὰ
961 1781 1163 1838 παθών
1181 1780 1836 1855 ἀνασχινδυλευθήσεται,

159 1865 250 1919 καὶ
279 1862 578 1933 γνώσεται,
613 1861 698 1917 ὅτι
725 1860 828 1917 οὐκ
854 1861 991 1918 εἶναι
1013 1867 1224 1919 δίκαιον
1245 1862 1383 1920 ἀλλὰ
1405 1868 1589 1920 δοκεῖν
1609 1869 1695 1920 δεῖ
1707 1867 1836 1921 ἐθέ-

160 1951 278 2000 λειν
293 1966 304 1977 ·
346 1942 407 2000 τὸ
440 1944 499 1999 δὲ
526 1950 630 1998 τοῦ
647 1943 933 2013 Αἰσχύλου
952 1941 1094 1999 πολὺ
1111 1937 1184 2014 ἦν
1203 1944 1309 2013 ἄρα
1331 1943 1639 2015 ὀρθότερον
1655 1949 1835 2015 λέγειν

161 2025 298 2082 κατὰ
327 2031 430 2080 τοῦ
459 2022 670 2078 ἀδίκου.
708 2029 784 2097 τῷ
814 2023 932 2078 ὄντι
957 2022 1064 2094 γὰρ
1096 2023 1338 2094 φήσουσι
1361 2022 1461 2079 τὸν
1479 2023 1701 2094 ἄδικον,
1739 2024 1834 2081 ἅτε

160 2106 551 2178 ἐπιτηδεύοντα
569 2112 794 2177 πρᾶγμα
823 2104 1084 2174 ἀληθείας
1102 2105 1364 2176 ἐχόμενον
1382 2106 1473 2160 καὶ
1493 2103 1561 2160 ού
1580 2103 1718 2174 πρὸς
1739 2106 1836 2162 δό-

160 2193 260 2255 ξαν
281 2192 483 2257 ζῶντα,
505 2185 573 2242 ού
597 2191 781 2243 δοκεῖν
802 2185 996 2241 ἄδικον
1015 2184 1138 2243 ἀλλ’
1160 2186 1298 2242 εἶναι
1317 2191 1555 2260 ἐθέλειν,

370 2278 609 2344 βαθεῖαν
632 2270 806 2326 ἄλοκα
827 2267 914 2324 διὰ
936 2269 1140 2340 φρενὸς
1158 2268 1577 2341 καρπούμενον,

98 2367 131 2407 Β
376 2355 429 2419 ἐξ
447 2345 512 2424 ἧς
531 2352 597 2407 τὰ
616 2351 783 2407 κεδνοὶ
803 2351 1098 2423 βλαστάνει
1116 2351 1493 2423 βουλεύματα,

162 2438 385 2505 πρῶτον
419 2436 521 2506 μὲν
556 2433 743 2504 ἄρχειν
777 2435 837 2489 ἐν
873 2440 939 2505 τῇ
970 2432 1127 2488 πόλει
1163 2436 1422 2488 δοκοῦντι
1457 2436 1647 2506 δικαίῳ
1679 2430 1835 2502 εἶναι,

161 2520 344 2571 ἔπειτα
361 2526 557 2586 γαμεῖν
576 2513 791 2571 ὁπόθεν
810 2510 880 2569 ἄν
899 2513 1189 2585 βούληται,
1228 2513 1504 2570 ἐκδιδόναι
1537 2518 1611 2578 είς
1640 2511 1737 2578 οὓς
1764 2510 1836 2568 ἀν

160 2598 426 2670 βούληται
441 2641 455 2668 ,
475 2597 827 2670 ξυμβάλλειν,
852 2609 1142 2654 κοινωνεῖν
1161 2593 1240 2663 οἷς
1259 2594 1330 2653 ἀν
1349 2601 1515 2670 ἐθέλῃ
1528 2640 1543 2668 ,
1577 2600 1668 2653 καὶ
1687 2596 1835 2668 παρὰ

159 2686 333 2735 ταῦτα
362 2679 543 2734 πάντα
575 2678 912 2751 ὠφελεῖσθαι
940 2683 1302 2750 κερδαίνοντα
1329 2686 1406 2750 τῷ
1434 2678 1506 2749 μὴ
1545 2682 1833 2749 δυσχεραί-

160 2779 280 2815 νειν
298 2756 358 2814 τό
381 2757 591 2816 ἀδικεῖν
605 2783 615 2794 ·
657 2767 731 2826 εἰς
762 2760 980 2833 ἀγῶνας
999 2766 1192 2816 τοίνυν
1211 2760 1365 2816 ἰόντα
1384 2760 1474 2814 καὶ
1497 2761 1608 2831 ἰδίᾳ
1628 2759 1718 2813 καὶ
1737 2761 1835 2828 δη-
