1962 3236
252 157 359 210 384
870 143 1349 206 ΠΛΑΤΩΝΟΣ
1866 167 1923 211 66

162 307 224 352 74
253 294 564 362 διαυχένιον
583 289 694 360 ἅμα
713 292 805 344 καὶ
821 301 1080 344 νωτιαῖον
1092 285 1302 359 μυελὸν
1313 291 1367 355 ἐξ
1381 287 1557 344 αὐτοῦ
1571 291 1925 361 σφονδύλους

250 373 465 436 πλάσας
488 370 773 426 ὑπέτεινεν
802 366 922 425 οἷον
953 370 1307 440 στρόφιγγας,
1350 369 1656 440 άρξάμενος
1686 369 1794 426 άπὸ
1828 379 1925 442 τῆς

253 458 513 524 κεφαλῆς,
537 450 625 506 διὰ
645 449 850 515 παντὸς
869 457 972 506 τοῦ
996 451 1199 516 κύτους
1215 472 1225 486 ⁹
1259 452 1351 506 καὶ
1386 449 1446 505 τὸ
1479 457 1591 506 πᾶν
1621 450 1687 523 δὴ
1711 454 1925 523 σπέρμα

251 536 532 599 διασώζων
557 532 702 588 οὕτω
723 536 992 588 λιθοειδεῖ
1006 532 1279 606 περιβόλῳ
1301 537 1659 602 ξυνέφραξεν,
1682 537 1927 605 ἐμποιῶν

249 616 453 687 ἄρθρα,
483 622 550 689 τῇ
571 617 815 686 θατέρου
834 614 1257 686 προσχρώμενος
1281 617 1342 670 ἐν
1361 613 1546 679 αὐτοῖς
1566 613 1636 680 ὡς
1655 620 1792 688 μέσῃ
1811 620 1927 672 ἐνια

250 700 491 769 σταμένῃ
521 695 771 767 δυνάμει,
808 697 1074 767 κινήσεως
1106 699 1198 752 καὶ
1227 697 1487 767 κάμψεως
1515 699 1688 753 ἕνεκα.
1728 699 1830 769 τὴν
1869 696 1920 752 δ’

191 794 222 834 Β
250 771 324 833 αὖ
358 784 453 848 τῆς
494 775 738 849 ὀστεΐνης
776 779 995 849 φύσεως
1035 779 1149 843 ἕξιν
1182 776 1528 849 ἡγησάμενος
1562 785 1665 835 τοῦ
1707 783 1927 844 δέοντος

249 861 629 929 κραυροτέραν
666 859 806 915 εἶναι
842 862 933 915 καὶ
965 859 1400 931 άκαμπτοτέραν,
1448 859 1726 931 διάπυρόν
1762 861 1809 916 τ’
1851 864 1923 915 αὐ

246 943 581 1010 γιγνομένην
625 942 715 996 καὶ
756 940 922 996 πάλιν
967 943 1286 1010 ψυχομένην
1332 946 1746 1010 σφακελίσασαν
1787 939 1923 1011 ταχὺ

249 1024 577 1091 διαφθερεῖν
609 1019 670 1075 τὸ
707 1024 921 1091 σπέρμα
953 1020 1103 1084 ἐντὸς
1135 1017 1319 1091 αὐτῆς,
1359 1019 1448 1075 διὰ
1480 1028 1652 1076 ταῦτα
1682 1020 1829 1078 οὕτω
1855 1021 1918 1077 τὸ

246 1106 362 1155 τῶν
378 1101 598 1172 νεύρων
621 1103 712 1157 καὶ
738 1100 799 1157 τὸ
821 1107 916 1172 τῆς
946 1102 1150 1172 σαρκὸς
1179 1102 1338 1171 γένος
1359 1105 1682 1173 ἐμηχανᾶτο,
1719 1106 1811 1158 ἵνα
1847 1109 1926 1176 τῷ

248 1185 349 1252 μὲν
370 1182 587 1238 ἅπαντα
605 1182 670 1238 τὰ
687 1185 820 1254 μέλη
842 1184 1113 1253 ξυνδήσας
1131 1185 1513 1256 ἐπιτεινομένω
1534 1185 1622 1238 καὶ
1655 1181 1923 1258 ἀνιεμένω

248 1267 369 1335 περὶ
388 1264 518 1329 τοῦς
537 1263 873 1335 στρόφιγγας
890 1265 1276 1335 καμπτόμενον
1302 1263 1361 1318 τό
1395 1270 1552 1334 σῶμα
1572 1265 1663 1319 καὶ
1681 1267 1923 1320 ἐκτεινό-

247 1366 419 1415 μενον
444 1348 685 1415 παρέχοι,
724 1343 828 1415 τὴν
860 1349 919 1400 δὲ
950 1346 1129 1415 σάρκα
1159 1344 1442 1415 προβολὴν
1471 1344 1572 1414 μὲν
1604 1345 1919 1415 καυμάτων,

245 1424 535 1496 πρόβλημα
556 1429 613 1481 δὲ
632 1425 936 1496 χειμώνων,
959 1431 1036 1480 ἔτι
1055 1426 1113 1480 δὲ
1134 1425 1442 1495 πτωμάτων
1462 1420 1600 1493 οἷον,
1631 1424 1698 1479 τὰ
1725 1420 1920 1496 πιλητά

188 1521 220 1562 C
247 1510 472 1562 ἔσεσθαι
491 1506 762 1576 κτήματα,
797 1507 1010 1576 σώμασι
1044 1512 1299 1576 μαλακῶς
1330 1507 1419 1560 καὶ
1445 1506 1635 1575 πράως
1671 1503 1923 1562 ὑπείκου-

247 1603 370 1658 σαν,
390 1586 609 1658 θερμὴν
634 1586 692 1642 δὲ
711 1591 900 1642 νοτίδα
930 1585 1082 1652 ἐντὸς
1102 1588 1295 1657 ἑαυτῆς
1324 1591 1560 1656 ἔχουσαν
1586 1589 1792 1657 θέρους
1821 1588 1924 1658 μὲν

247 1668 572 1725 άνιδίουσαν
591 1670 682 1724 καὶ
708 1670 1062 1740 νοτιζομένην
1090 1670 1300 1735 ἔξωθεν
1331 1675 1503 1738 ψῦχος
1535 1668 1671 1724 κατὰ
1712 1676 1824 1724 πᾶν
1859 1669 1920 1724 τὸ

248 1757 403 1820 σῶμα
423 1752 678 1822 παρέξειν
698 1755 929 1820 οἰκεῖον,
962 1749 1051 1804 διὰ
1077 1756 1343 1821 χειμῶνος
1373 1751 1432 1805 δὲ
1452 1748 1619 1805 πάλιν
1639 1744 1713 1805 αὖ
1741 1753 1920 1824 τούτῳ

245 1842 323 1907 τῷ
348 1836 482 1903 πυρὶ
516 1832 614 1889 τὸν
642 1835 1100 1905 προσφερόμενον
1132 1840 1340 1900 ἔξωθεν
1376 1834 1467 1888 καὶ
1504 1830 1924 1903 περιιστάμενον

244 1916 427 1986 πάγον
461 1913 795 1985 ἀμυνεῖσθαι
833 1921 1078 1986 μετρίως.
1129 1923 1300 1970 ταῦτα
1345 1912 1503 1985 ἡμῶν
1541 1913 1855 1982 διανοηθεὶς
1891 1907 1920 1966 ὁ

243 1998 652 2068 κηροπλάστης,
692 1995 853 2051 ὕδατι
891 1996 991 2067 μὲν
1027 1998 1117 2052 καὶ
1154 1998 1286 2066 πυρὶ
1314 1999 1406 2052 καὶ
1444 2003 1516 2069 γῇ
1545 1996 1802 2064 ξυμμίξας
1831 1994 1921 2047 καὶ

174 2094 209 2135 D
241 2077 604 2148 ξυναρμόσας,
626 2079 679 2143 ἐξ
702 2077 851 2142 ὀξέος
869 2080 959 2132 καὶ
979 2074 1233 2147 ἁλμυροῦ
1261 2077 1482 2142 ξυνθεὶς
1519 2074 1745 2144 ζύμωμα
1778 2070 1919 2127 ὑπο-

245 2165 399 2230 μίξας
417 2160 620 2229 αὐτοῖς,
643 2159 818 2227 σάρκα
840 2162 1078 2229 ἔγχυμον
1096 2161 1186 2214 καὶ
1205 2155 1459 2229 μαλακὴν
1479 2159 1770 2226 ξυνέστησε
1786 2176 1798 2188 ·
1818 2153 1921 2225 τὴν

246 2242 304 2294 δὲ
324 2244 438 2294 τῶν
457 2239 674 2305 νεύρων
696 2239 872 2308 φύσιν
890 2240 943 2303 ἐξ
975 2236 1141 2294 ὀστοῦ
1173 2240 1263 2293 καὶ
1301 2238 1505 2309 σαρκὸς
1542 2234 1751 2307 άξύμου
1781 2236 1922 2306 κρά-

245 2337 381 2385 σεως
399 2325 530 2390 μίαν
548 2321 601 2385 ἐξ
619 2318 828 2390 ἀμφοῖν
842 2320 1016 2391 μέσην
1037 2319 1270 2391 δυνάμει
1287 2320 1704 2389 ξυνεκεράσατο,
1727 2322 1920 2390 ξανθῷ

243 2402 487 2473 χρώματι
522 2401 962 2471 προσχρώμενος.
1021 2400 1162 2457 ὅθεν
1212 2403 1632 2470 συντονωτέραν
1681 2400 1783 2471 μὲν
1827 2402 1919 2454 καὶ

242 2486 632 2555 γλισχροτέραν
652 2489 892 2552 σαρκών,
914 2486 1308 2553 μαλακωτέραν
1327 2484 1386 2537 δὲ
1407 2482 1586 2537 ὀστῶν
1614 2479 1921 2551 ὑγροτέραν

242 2587 300 2621 τε
337 2564 600 2634 ἐκτήσατο
639 2563 877 2635 δύναμιν
914 2571 1111 2633 νεῦρα·
1158 2559 1238 2628 οἷς
1275 2563 1695 2635 ξυμπεριλαβεὸν
1732 2561 1760 2619 ὁ
1787 2561 1920 2625 θεὸς
1961 2631 1962 2635 ¹

244 2644 378 2700 ὀστᾶ
397 2647 489 2700 καὶ
516 2645 742 2716 μυελόν,
765 2646 934 2718 δήσας
955 2646 1092 2716 πρὸς
1111 2644 1318 2717 ἄλληλα
1335 2646 1571 2714 νεύροις,
1593 2642 1725 2715 μετὰ
1747 2648 1917 2724 ταῦτα
1960 2664 1962 2704 i

187 2737 218 2777 E
249 2730 404 2796 σαρξὶ
440 2727 621 2783 πάντα
658 2725 797 2783 αὐτὰ
833 2734 1187 2783 κατεσκίασεν
1233 2728 1474 2783 ἄνωθεν.
1533 2725 1637 2781 ὅσα
1671 2725 1770 2795 μὲν
1812 2725 1917 2778 οὐν

242 2808 587 2878 ἐμψυχότατα
606 2816 718 2864 τών
738 2806 916 2865 ὀστῶν
936 2804 1024 2876 ἦν,
1041 2808 1333 2881 ὀλιγίσταις
1350 2810 1688 2877 συνέφραττε
1705 2810 1915 2873 σαρξίν,
