1962 3236
561 181 1047 230 ΠΟΛΙΤΕΙΑΣ
1080 171 1148 225 θ’.
1597 173 1701 227 273

15 326 73 374 εἰ
103 340 185 383 τις
222 317 491 388 κάμνοντι
526 315 737 385 στόματι
771 316 860 369 καὶ
898 311 1168 384 ἀκράτορι
1203 312 1406 367 ἑαυτοῦ
1440 308 1514 382 μὴ
1549 313 1703 366 ἰδιω-

17 400 199 454 τεύων
217 397 338 454 ἀλλ’
364 396 764 468 ἀγωνιζόμενος
783 397 921 463 πρὸς
950 393 1089 451 ἄλλα
1107 393 1331 464 στόματα
1351 394 1438 448 καὶ
1461 392 1704 464 μαχόμε-
1726 411 1760 451 D

19 502 115 545 νος
153 479 515 550 ἀναγκάζοιτο
552 478 763 547 διάγειν
798 474 898 531 τὸν
934 482 1075 547 βίον.
1143 474 1534 546 Παντάπασιν,
1576 479 1703 545 ἔφη,

17 560 317 632 ὁμοιότατά
339 582 396 615 τε
414 560 504 615 καὶ
525 556 872 629 ἀληθέστατα
892 560 1083 628 λε’γεις,
1115 550 1161 612 ὦ
1190 556 1502 626 Σώκρατες.
1551 553 1706 611 Οὐκ-

20 649 142 711 οῦν,
175 637 250 713 ἦν
286 641 335 697 δ’
374 641 500 711 ἐγώ,
533 633 577 695 ὦ
606 644 730 710 φίλε
768 640 1062 708 Γλαύκων,
1103 644 1384 703 παντελῶς
1419 636 1481 694 τὸ
1521 636 1707 702 πάθος

20 722 237 791 ἄθλιον,
261 725 351 778 καὶ
369 729 471 778 τοῦ
491 719 597 776 ὑπὸ
624 727 729 776 σοῦ
748 723 1040 790 κριθέντος
1058 719 1411 791 χαλεπώτατα
1431 724 1528 792 ζῇν
1555 725 1707 790 χαλε-

20 805 269 874 πώτερον
290 809 366 859 ἔτι
385 809 447 876 ζῇ
473 801 501 859 ὁ
525 810 846 873 τυραννῶνς
883 806 1102 873 Κομιδῇ
1128 800 1205 871 γ’,
1231 805 1353 872 ἔφη.
1380 801 1569 856 ’Ἑστιν
1599 801 1708 872 ἄρα

18 893 85 958 τῇ
109 884 362 958 ἀληθείᾳ,
393 881 502 941 κάν
534 889 584 940 εἰ
610 883 684 955 μή
711 906 787 957 τφ
814 887 980 953 δοκεῖ,
1013 881 1042 938 ὁ
1075 889 1152 955 τῷ
1181 881 1299 938 ὄντι
1325 882 1600 953 τύραννος
1630 887 1706 951 τῷ

20 965 142 1021 ὅντι
160 969 361 1030 δοῦλος
379 964 476 1029 τάς
499 971 755 1035 μεγίστας
775 970 1022 1029 θωπείας
1040 964 1131 1018 καὶ
1152 966 1403 1027 δουλείας
1429 963 1522 1017 καὶ
1539 961 1709 1027 κόλαξ

21 1054 133 1102 τῶν
175 1047 594 1118 πονηροτάτων·
643 1049 734 1102 καὶ
770 1046 868 1110 τὰς
904 1048 1199 1115 ἐπιθυμίας
1230 1041 1356 1098 οὐδ’
1389 1040 1706 1099 ὁπωστιοῦν
1737 1058 1769 1098 Ε

22 1128 393 1199 ἀποπιμπλάς,
432 1126 571 1183 ἀλλά
603 1132 875 1182 πλείστων
911 1129 1286 1190 ἐπιδεέστατος
1321 1126 1409 1179 καὶ
1443 1129 1610 1197 πένης
1638 1130 1709 1197 τῇ

22 1208 257 1280 ἀληθείᾳ
279 1214 551 1279 φαίνεται,
584 1207 682 1261 ε’άν
709 1229 789 1271 τις
819 1205 957 1276 ὅλην
976 1206 1160 1277 ψυχὴν
1190 1209 1467 1276 ἐπίστηται
1495 1205 1710 1262 θεάσα-

27 1300 174 1358 σθαι,
196 1293 287 1346 καὶ
308 1290 495 1362 φόβου
516 1291 699 1359 γέμων
720 1286 808 1343 διά
828 1287 1035 1352 παντὸς
1053 1293 1154 1342 τοῦ
1186 1293 1331 1358 βίου,
1364 1291 1712 1360 σφαδασμῶν

21 1395 79 1428 τε
103 1375 193 1428 καὶ
213 1370 437 1427 ὀδυνῶν
463 1370 691 1441 πλήρης,
726 1377 877 1438 εἰπερ
904 1375 973 1439 τῇ
1005 1375 1105 1438 τῆς
1136 1367 1350 1434 πόλεως
1372 1370 1619 1425 διαθέσει
1648 1361 1711 1440 ἧς

23 1453 178 1524 ἄρχει
198 1457 391 1507 ἔοικεν.
438 1456 579 1507 ἔοικε
607 1452 693 1506 δέ·
730 1444 766 1521 ἦ
800 1448 936 1519 γάρς
974 1451 1083 1505 Καὶ
1111 1451 1276 1520 μάλα,
1311 1455 1431 1522 ἔφη.
1479 1450 1710 1507 Οὐκοῦν
1737 1458 1825 1504 580

22 1538 113 1590 καὶ
135 1534 274 1603 πρὸς
292 1534 509 1597 τούτοις
527 1536 603 1586 ἔτι
624 1529 986 1602 ἀποδώσομεν
1014 1538 1093 1605 τῷ
1112 1530 1275 1601 ἀνδρὶ
1304 1535 1395 1587 καὶ
1416 1530 1452 1588 ἂ
1477 1531 1538 1588 τὸ
1569 1532 1711 1603 πρό-

23 1637 184 1684 τερον
205 1624 447 1685 εἴπομεν,
469 1612 553 1669 ὅτι
574 1611 787 1683 ἀνάγκη
807 1614 898 1668 καὶ
918 1611 1058 1667 εἶναι
1084 1615 1175 1669 καὶ
1194 1618 1271 1669 ἔτι
1290 1620 1504 1685 μᾶλλον
1523 1621 1709 1686 γίγνε-

26 1706 158 1753 σθαι
177 1694 327 1766 αὐτῷ
355 1693 391 1767 ἢ
412 1695 686 1765 πρότερον
705 1695 794 1749 διὰ
824 1694 927 1766 τὴν
957 1691 1134 1765 ἀρχὴν
1165 1703 1450 1772 φθονερῷ,
1481 1695 1709 1768 ἀπίστῳ,

25 1778 213 1852 ἀδίκῳ,
235 1777 434 1850 ἀφίλῳ,
456 1775 681 1850 ἀνοσίῳ,
703 1777 792 1831 καὶ
820 1776 998 1846 πάσης
1018 1782 1210 1842 κακίας
1240 1782 1512 1835 πανδοκεῖ
1534 1802 1592 1835 τε
1621 1780 1712 1834 καὶ

24 1873 235 1932 τροφεῖ,
263 1862 353 1916 καὶ
373 1863 426 1926 ἐξ
462 1857 726 1914 ἁπάντων
763 1858 979 1913 τούτων
999 1859 1232 1928 μάλιστα
1263 1861 1364 1931 μὲν
1393 1859 1546 1935 αὐτῷ
1582 1865 1716 1926 δυς-

23 1954 177 2014 τυχεῑ
207 1940 363 2011 εἶναι,
397 1945 581 1996 ἔπειτα
611 1939 670 1996 δὲ
707 1942 796 1995 καὶ
824 1939 955 2005 τοὺς
986 1946 1221 2012 πλησίον
1250 1940 1402 2016 αὐτῷ
1427 1943 1716 2009 τοιούτους

24 2024 444 2095 ἀπεργάζεσθαι.
489 2021 688 2087 Οὐδείς
708 2039 813 2092 σοι,
837 2028 961 2095 ἔφη,
995 2031 1108 2080 τῶν
1128 2033 1269 2081 νοῦν
1290 2027 1533 2098 ἐχόντων
1552 2026 1716 2083 ἀντε-

24 2118 122 2178 ρεῖ.
144 2106 257 2162 Ἴθι
277 2106 346 2177 δή
364 2127 474 2177 μοι,
494 2109 636 2177 ἔφην
657 2107 784 2176 ἐγώ,
804 2114 913 2162 νῦν
941 2106 1067 2179 ἤδη,
1098 2107 1284 2178 ὥσπερ
1306 2106 1335 2165 ὁ
1364 2107 1454 2165 διὰ
1487 2109 1716 2166 πάντων
1738 2123 1771 2165 Β

24 2187 211 2259 κριτὴς
230 2186 611 2258 ἀποφαίνεται,
625 2190 716 2244 καὶ
736 2187 808 2243 σύ
820 2188 1076 2259 οὕτω,τίς
1095 2196 1312 2261 πρῶτος
1331 2191 1469 2247 κατὰ
1490 2190 1593 2263 τὴν
1609 2189 1716 2264 σὴν

28 2269 195 2334 δόξαν
216 2267 540 2342 εὐδαιμονίᾳ
559 2271 650 2325 καὶ
668 2276 749 2335 τίς
778 2270 1049 2341 δεύτερος,
1083 2275 1175 2328 καὶ
1204 2271 1336 2338 τούς
1365 2271 1568 2339 ἄλλους
1597 2273 1718 2346 ἑξῆς

27 2353 188 2406 πέντε
208 2347 371 2415 ὄντας
388 2362 558 2419 κρῖνε,
578 2352 888 2422 βασιλικόν,
910 2354 1318 2426 τιμοκρατικόν,
1340 2352 1715 2426 ὀλιγαρχικόν,

29 2432 452 2502 δημοκρατικόν,
482 2434 835 2502 τυραννικόν.
898 2433 1060 2491 Ἀλλὰ
1093 2439 1274 2510 ῥᾳδία,
1304 2441 1428 2508 ἔφη,
1457 2434 1492 2509 ἡ
1521 2442 1714 2509 κρίσις.

29 2514 287 2582 καθάπερ
305 2512 414 2583 γάρ
428 2517 712 2584 εἰσῆλθον,
727 2521 897 2586 ἔγωγε
921 2516 1107 2588 ὥσπερ
1125 2517 1327 2590 χοροὺς
1356 2523 1530 2589 κρίνω
1549 2516 1719 2590 ἀρετῇ

28 2595 118 2649 καὶ
161 2600 326 2667 κακίᾳ
363 2596 454 2650 καὶ
492 2593 819 2669 εὐδαιμονίᾳ
857 2599 947 2653 καὶ
987 2605 1065 2672 τῷ
1101 2602 1348 2673 ἐναντίῳ.
1389 2599 1720 2655 Μισθωσῶ-

28 2681 175 2746 μεθα
196 2668 303 2731 οὖν
327 2676 563 2747 κήρυκα,
590 2671 664 2749 ἦν
683 2675 739 2733 δ’
763 2678 889 2750 ἐγώ,
910 2675 945 2750 ἢ
964 2678 1132 2744 αὐτὸς
1152 2677 1377 2752 ἀνείπω,
1402 2680 1486 2737 ὅτι
1506 2680 1534 2738 ὁ
1571 2679 1720 2754 Ἀρί-

28 2771 237 2821 στωνος
266 2754 388 2821 υίὸς
416 2757 515 2813 τὸν
543 2757 772 2828 ἄριστόν
805 2781 861 2815 τε
889 2761 982 2816 καὶ
1016 2760 1364 2819 δικαιότατον
1393 2760 1720 2835 εὐδαιμονε-
1750 2778 1782 2822 C

0 2868 1 2871 =
30 2852 231 2960 στατιὲν
250 2841 447 2962 ἐκριῐιεε,
471 2847 671 2897 τοῦτον
699 2838 751 2897 δ’
773 2840 912 2898 εἶναι
931 2840 1030 2899 τὸν
1047 2844 1484 2917 βασιλικώτατον
1504 2847 1595 2902 καὶ
1614 2851 1720 2918 βα·-

209 2928 325 2961 ιΛτο
424 2951 434 2961 .
1408 2927 1461 2972 18
