1962 3236
0 532 7 569 ⁷*
0 370 12 520 -s-vv'v
0 321 10 342 'a

79 178 108 219 5
746 163 1140 211 ΤΙΜΑΙΟΣ.
1664 161 1770 215 323

78 297 343 370 ὑμετέρας
361 300 523 365 ἕξεως
548 302 726 369 γένος,
759 294 872 367 ἅμα
901 293 1234 367 ἀμφοτέρων
1268 295 1437 368 φύσει
1464 299 1554 353 καὶ
1584 303 1768 369 τροφῇ
1794 308 1854 354 20

78 384 321 451 μετέχον.
360 379 580 452 Τίμαιός
599 400 655 434 τε
673 376 783 448 γὰρ
803 375 917 448 ὅδε,
940 377 1326 449 εὐνομωτάτης
1347 374 1428 434 ὢν
1444 378 1658 444 πόλεως
1675 385 1772 449 τῆς

81 461 354 534 ένἸταλία
371 465 660 531 Λοκρίδος,
686 457 850 530 οὐσίᾳ
878 460 968 513 καὶ
999 462 1147 528 γένει
1176 459 1408 526 οὐδενὸς
1436 458 1667 531 ὕστερος
1690 456 1772 516 ὧν

0 570 6 601 ,ι
80 550 192 598 τῶν
213 546 339 613 ἐκεῖ,
364 542 462 608 τὰς
479 548 735 613 μεγίστας
752 542 854 611 μὲν
881 537 1051 610 ἀρχάς
1078 562 1135 596 τε
1166 543 1257 596 καὶ
1285 541 1445 613 τιμὰς
1474 549 1587 598 τῶν
1614 545 1677 598 ἐν
1702 549 1772 615 τῇ

80 625 240 679 πόλει
259 629 738 694 μετακεχείρισται,
762 626 1094 692 φιλοσοφίας
1119 619 1170 677 δ’
1192 617 1266 677 αὐ
1294 622 1416 679 κατ’
1442 623 1582 696 ἐμὴν
1601 622 1772 690 δόξαν

79 703 167 761 ἐπ’
194 705 371 776 ἄκρον
407 703 623 775 ἁπάσης
653 703 917 774 ἐλήλυθε·
966 709 1201 772 Κριτίαν
1239 707 1303 760 δέ
1338 726 1449 763 που
1481 707 1686 772 πάντες
1718 709 1776 761 οἰ

80 786 202 859 τῇδ’
224 795 382 858 ἴσμεν
401 783 633 851 οὐδενὸς
652 786 879 856 ἰδιώτην
898 783 1034 840 ὄντα
1055 778 1136 840 ὦν
1154 788 1388 858 λέγομεν
1401 810 1413 821 ·
1450 795 1548 860 τῆς
1569 788 1628 844 δὲ
1648 785 1772 857 Ἑρ-

81 869 396 940 μοκράτους
433 861 508 922 αὐ
547 870 672 935 περὶ
709 866 932 937 φύσεως
962 868 1059 941 ,καὶ
1093 874 1333 940 τροφῆς,
1371 868 1513 939 πρὸς
1551 868 1772 925 ἅπαντα

80 950 235 1006 ταῦτ’
278 950 419 1006 εἶναι
465 951 666 1020 ἱκανὴν
705 955 928 1005 πολλῶν
974 950 1413 1022 μαρτυρούντων
1450 954 1772 1008 πιστευτέον
1800 963 1834 1004 Β

83 1033 165 1104 δή.
200 1032 233 1087 ὂ
258 1035 347 1087 καὶ
365 1034 496 1102 χθὲς
517 1029 625 1102 ε’γω
647 1031 1043 1102 διανοούμενος
1062 1028 1222 1102 ὑμῶν
1244 1035 1525 1104 δεομένων
1548 1031 1617 1089 τὰ
1647 1034 1773 1103 περὶ

82 1122 178 1185 τῆς
196 1119 470 1177 πολιτείας
488 1117 734 1169 διελθεῖν
754 1113 1065 1183 προθύμως
1094 1114 1439 1186 ἐχαριζόμην,
1475 1115 1650 1186 εἰδώς,
1683 1112 1772 1170 ὅτι

82 1195 181 1250 τὸν
197 1196 316 1265 ἑξῆς
335 1195 507 1263 λόγον
537 1191 761 1256 οὐδένες
782 1189 854 1247 ἄν
888 1190 1051 1263 ὐμῶν
1081 1196 1398 1251 ἐθελόντων
1430 1197 1773 1268 ἱκανώτερον

81 1275 344 1331 ἀποδοῖεν
358 1297 369 1307 ·
407 1280 483 1339 είς
510 1273 617 1345 γὰρ
636 1274 883 1344 πόλεμον
911 1276 1194 1345 πρέποντα
1212 1279 1652 1349 καταστήσαντες
1669 1277 1773 1351 τὴν

84 1360 250 1416 πόλιν
268 1356 472 1412 ἅπαντ’
496 1356 635 1428 αὐτῇ
654 1357 720 1411 τὰ
740 1355 1093 1426 προσήκοντα
1114 1355 1363 1415 ἀποδοῐτ’
1386 1357 1459 1416 σ’ἰν
1477 1362 1641 1432 μόνοι
1658 1367 1773 1416 ταῖν

85 1448 207 1497 νῦν.
248 1440 419 1496 εἰπών
438 1438 505 1511 δὴ
525 1438 931 1509 τάπιταχθέντα
951 1437 1285 1507 ἆντεπέταξα
1316 1439 1450 1513 ὑμῖν
1481 1441 1519 1498 δι’
1541 1445 1634 1499 καὶ
1662 1449 1772 1498 νῦν

84 1527 237 1593 λέγω.
278 1520 762 1594 ξυνωμολογήσατ’
795 1515 901 1577 οὖν
919 1528 1080 1595 κοινῇ
1106 1523 1447 1593 σκεψάμενοι
1474 1523 1612 1594 πρὸς
1631 1521 1774 1594 ὑμᾶς

85 1604 293 1671 αὐτοὺς
329 1611 404 1670 εἰς
433 1612 542 1661 νῦν
579 1603 994 1660 ἀνταποδώσειν
1021 1626 1114 1675 μοι
1145 1603 1210 1659 τὰ
1240 1611 1353 1660 τῶν
1389 1605 1574 1675 λόγων
1602 1608 1771 1677 ξένια,
1804 1619 1837 1662 G

84 1689 314 1758 πάρειμί
334 1710 406 1761 ,τε
443 1681 549 1743 οὐν
582 1686 649 1759 δὴ
687 1692 1094 1758 κεκοσμημένος
1128 1684 1213 1741 ἐπ’
1258 1684 1398 1743 αὐτὰ
1428 1689 1521 1743 καὶ
1546 1686 1774 1743 πάντων

86 1771 430 1843 ἑτοιμότατος
456 1766 537 1826 ὦν
568 1773 841 1841 δέχεσθαι.

233 1859 335 1908 ΕΡ.
375 1854 482 1907 Καὶ
502 1853 605 1923 μὲν
630 1852 718 1923 δή,
740 1852 997 1921 καθάπερ
1019 1850 1133 1907 εἷπε
1159 1857 1386 1922 Τίμαιος
1414 1849 1527 1920 ὅδε,
1563 1845 1608 1907 ὦ
1641 1851 1774 1907 Στό-

86 1958 297 2006 κρατες,
321 1934 448 1991 οὔτε
468 1938 789 2006 ἐλλείψομεν
807 1940 1124 2004 προθυμίας
1144 1933 1311 1989 οὐδὲν
1340 1932 1470 1989 οὔτε
1498 1937 1647 1989 ἔστιν
1673 1931 1775 1988 οὐ·-

89 2022 247 2089 δεμία
266 2012 544 2087 πρόφασις
558 2016 691 2087 ἡμῖν
720 2023 821 2071 τοῦ
851 2014 925 2087 μὴ
944 2020 1088 2088 δρᾷν
1114 2022 1316 2070 ταῦτα·
1353 2014 1492 2070 ὥστε
1523 2016 1615 2071 καὶ
1642 2017 1775 2085 χθὲς

87 2099 263 2165 εὐθὺς
291 2103 541 2168 ἐνθένδε,
571 2101 757 2169 ἐπειδὴ
797 2096 947 2165 παρὰ
978 2104 1211 2167 Κριτίαν
1240 2099 1378 2167 πρὸς
1404 2095 1504 2152 τὸν
1543 2100 1773 2164 ξενῶνα,
1836 2118 1842 2122 ·

89 2177 159 2239 οὐ
187 2185 277 2239 καὶ
310 2182 676 2253 καταλύομεν,
715 2179 1056 2251 ἀφικόμεθα,
1097 2183 1188 2236 καὶ
1224 2185 1302 2235 ἔτι
1330 2178 1605 2248 πρότερον
1634 2176 1769 2234 καθ’

88 2264 225 2323 ὁδὸν
251 2262 391 2321 αὐτὰ
410 2262 566 2319 ταῦτ’
599 2267 960 2334 ἐσκοποῦμεν.
998 2261 1027 2319 ὁ
1062 2262 1117 2318 δ’
1144 2256 1248 2319 οὐν
1266 2259 1398 2333 ἡμῖν
1422 2260 1595 2331 λόγον
1623 2265 1776 2331 εἰση-
1812 2280 1849 2322 1)

89 2347 296 2418 γήσατο
315 2349 373 2401 ἐκ
393 2351 628 2410 παλαιᾶς
647 2343 830 2415 ἀκοῆς·
851 2343 918 2400 ὃν
936 2348 1027 2400 καὶ
1045 2352 1154 2401 νῦν
1173 2349 1313 2415 λέγε,
1330 2336 1375 2399 ὦ
1387 2347 1603 2414 Κριτία,
1615 2345 1775 2413 τῷδε,

87 2431 181 2483 ἵνα
218 2426 593 2497 ξυνδοκιμάσῃ
623 2425 761 2497 πρὸς
788 2424 891 2496 τὴν
919 2430 1162 2492 ἐπίταξιν
1192 2426 1292 2482 εἴτ’
1332 2424 1636 2495 ἐπιτήδειος
1673 2419 1772 2478 εἴτ’

92 2507 466 2577 α’νεπιτήδειός
492 2509 654 2562 ἐστιν.

234 2596 342 2645 ΚΡ.
388 2595 574 2644 Ταῦτα
596 2590 697 2660 χρὴ
730 2594 890 2663 δρᾷν,
922 2594 972 2644 εἰ
998 2591 1186 2661 καὶτῷ
1213 2594 1378 2661 τρίτςο
1398 2593 1655 2659 κοινωνῷ
1679 2592 1775 2643 Τι-

92 2680 234 2747 μαίῳ
266 2676 532 2738 ξυνδοκεῖ.

243 2759 331 2810 ΤῙ.
374 2753 691 2824 Δοκεῖμήν.

235 2841 344 2892 ΚΡ.
381 2835 582 2891 '‘Auove
604 2835 688 2907 δή,
716 2828 760 2890 ὦ
792 2833 1102 2905 Σώκρατες,
1134 2841 1306 2903 λογον
1337 2831 1481 2934 μάλα
1512 2832 1614 2903 μὲν
1644 2828 1778 2887 ἆτό-

1342 2916 1395 2958 21
