1962 3236
234 133 339 188 376
856 144 1328 193 ΠΛΑΤΩΝΟΣ
1608 142 1610 145 ’
1853 157 1912 202 58

233 271 439 344 ἀκοήν·
477 272 580 344 οση
602 272 653 329 δ’
676 272 847 344 αὐτῆς
872 285 1084 345 ταχεῖα,
1124 274 1322 347 όξεῖαν,
1361 275 1464 349 όση
1495 279 1554 334 δὲ·
1580 284 1907 352 βραδυτέρα,

231 357 568 426 βαρυτέραν·
605 352 710 425 τὴν
734 353 793 410 δε
821 351 1023 426 ὁμοίαν
1059 356 1275 428 ὁμαλήν
1309 380 1368 414 τε
1397 362 1490 415 καὶ
1507 367 1676 433 λείαν,
1717 361 1819 434 τὴν
1851 367 1910 420 δε·

161 445 193 487 C
231 438 489 492 ἐναντίαν
506 447 784 535 τραχεῖαν·
822 438 1067 509 μεγάλην
1084 438 1142 495 δὲ
1161 437 1265 510 τὴν
1283 441 1513 513 πολλήν,
1544 441 1646 515 ὅση
1668 444 1774 500 δε’
1747 467 1912 501 εναν-

231 522 338 589 τία,
359 517 616 588 σμικράν.
651 516 719 573 τά
742 521 802 575 δὲ
821 521 944 618 περὶ
965 523 1285 590 ξυμφωνίας
1304 521 1491 579 αυτῶν
1520 527 1581 579 ἐν
1608 538 1719 591 τοῖς
1748 525 1909 583 ὕστε-

233 620 336 671 ρον
356 602 785 670 λεχθησομένοις
802 599 1016 672 ἀνάγκη
1036 604 1293 672 ῥηθῆναι.

371 684 522 735 ΧΧΧ.
553 683 827 750 Τέταρτον
842 680 907 751 δὴ
928 683 1170 737 λοιπόν”
1142 704 1218 738 ετι
1237 688 1397 753 γένος
1414 682 1544 756 ἡμῖν
1562 687 1912 758 αἰσθητικόν,

230 757 261 815 δ
281 761 561 816 διελέσθαι
587 764 674 816 δεῖ
697 760 872 831 συχνὰ
909 764 972 817 ἐν
997 763 1170 836 ἑαυτῷ
1200 770 1526 835 ποικίλματα
1555 770 1912 838 κεκτημένον,

234 839 270 897 δι’
290 842 578 913 ξύμπαντα
600 845 702 914 μὲν
721 843 890 914 χρόας
909 846 1257 915 ἐκαλέσαμεν,
1289 846 1470 916 φλόγα
1498 853 1612 901 τῶν
1640 848 1912 919 σωμάτων

232 923 483 979 ἑκάστων
526 921 939 992 ἀπορρέουσαν,
995 923 1119 990 ὄψει
1160 924 1438 995 ξύμμετρα
1473 926 1640 996 μόρια
1677 933 1911 998 ἔχουσαν

231 1003 374 1074 πρὸς
414 1013 705 1076 αἴσθησιν·
746 1005 924 1071 ὅψεως
954 1002 1008 1059 δ’
1047 1008 1110 1060 ἐν
1140 1017 1252 1070 τοῖς
1278 1007 1532 1074 πρόσθεν
1562 1006 1750 1064 αὐτῶν
1789 1013 1913 1080 περὶ

158 1105 195 1147 D
230 1092 345 1142 τῶν
376 1091 566 1142 αἰτίων
594 1093 689 1158 τῆς
719 1089 985 1156 γενέσεως
1021 1084 1178 1156 ὀλίγα
1214 1090 1441 1159 ἐρρήθη.
1498 1087 1623 1160 τῇδ’
1663 1082 1768 1144 οὖν
1799 1095 1916 1145 τῶν

231 1168 536 1239 χρωμάτων
567 1170 691 1239 πέρι
721 1168 954 1239 μάλιστα
985 1167 1129 1232 εἰκὸς
1158 1171 1356 1238 πρέποι
1382 1167 1433 1223 τ’
1472 1167 1545 1224 ὅίν
1574 1169 1674 1226 τὸν
1703 1173 1912 1242 ἐπιεικῆ

231 1249 377 1322 λόγῳ
428 1253 752 1319 διεξελθεῖν,
810 1247 876 1305 τὰ
907 1250 1187 1320 φερόμενα
1224 1248 1330 1304 ἀπὸ
1369 1257 1483 1306 τῶν
1523 1250 1708 1306 ἄλλων
1744 1253 1907 1322 μόρια

231 1332 566 1402 ἐμπίπτοντά
584 1352 642 1386 τε
664 1336 739 1396 είς
757 1330 858 1401 τὴν
888 1330 1022 1398 ὅφιν
1042 1331 1106 1387 τὰ
1139 1332 1241 1402 μὲν
1269 1332 1501 1400 ἐλάττω,
1539 1332 1605 1387 τὰ
1637 1332 1696 1387 δὲ
1729 1338 1914 1404 μείζω,

231 1410 298 1467 τὰ
320 1410 374 1467 δ’
395 1419 486 1467 ἴσα
505 1423 615 1476 τοῖς
638 1410 807 1483 αὐτῆς
825 1419 920 1483 τῆς
940 1412 1119 1479 ὅψεως
1148 1415 1372 1482 μέρεσιν
1392 1411 1554 1467 εἶναι·
1576 1410 1643 1467 τὰ
1672 1412 1773 1483 μὲν
1805 1407 1914 1468 οὖν

231 1500 324 1549 ἴσα
353 1491 691 1563 ἀναίσθητα,
732 1490 767 1547 ἃ
799 1492 864 1564 δὴ
893 1495 982 1549 καὶ
1013 1497 1256 1564 διαφανῆ
1277 1497 1526 1564 λέγομεν,
1566 1492 1632 1548 τὰ
1665 1496 1725 1549 δὲ
1751 1498 1915 1565 μείζω

229 1575 321 1630 καὶ
341 1573 563 1643 ἐλάττω,
584 1572 651 1629 τὰ
664 1575 766 1645 μὲν
780 1580 1168 1645 συγκρίνοντα,
1189 1573 1255 1630 τὰ
1269 1574 1327 1631 δὲ
1340 1578 1695 1645 διακρίνοντα
1714 1574 1911 1646 αὐτήν,

229 1658 485 1724 τοῖςπερὶ
517 1654 621 1727 τὴν
651 1656 830 1727 σάρκα
868 1665 1099 1727 θερμοῖς
1123 1659 1213 1712 καὶ
1246 1668 1475 1727 ψυχροῖς
1509 1658 1601 1711 καὶ
1636 1666 1748 1720 τοῖς
1786 1657 1911 1726 περὶ

170 1751 203 1792 Ε
233 1739 335 1809 τὴν
353 1744 603 1808 γλῶτταν
623 1751 924 1809 στρυφνοῖς
942 1742 1032 1795 καὶ
1057 1737 1161 1794 ὅσα
1180 1737 1523 1809 θερμαντικὰ
1553 1736 1687 1794 ὅντα
1720 1740 1912 1808 δριμέα

229 1821 564 1889 ἐκαλέσαμεν
583 1817 796 1890 ἀδελφοὶ
815 1819 970 1891 εἶναι,
991 1821 1057 1876 τά
1069 1841 1127 1876 τε
1146 1818 1314 1875 λευκοὶ
1334 1821 1423 1875 καὶ
1440 1818 1506 1874 τοὶ
1521 1821 1747 1890 μέλανα,
1770 1821 1911 1874 ἐκεί-

230 1923 349 1958 νων
368 1902 671 1973 παθήματα
689 1901 956 1973 γεγονότα
985 1906 1046 1959 ἐν
1069 1903 1216 1958 ἄλλω
1240 1905 1387 1973 γένει
1404 1899 1471 1956 τὰ
1503 1898 1671 1971 αὐτά,
1693 1920 1910 1969 φαντα-

229 1984 430 2056 ζόμενα
467 1985 527 2039 δὲ
556 1983 695 2039 άλλα
727 1988 817 2041 δια
846 1985 1049 2050 ταύτας
1075 1984 1173 2049 τὰς
1202 1989 1385 2048 αἰτίας.
1427 1982 1603 2046 οὕτως
1633 1975 1738 2036 οὖν
1766 1978 1908 2035 αὐτοὶ

231 2066 683 2136 προσρητέον,τὸ
700 2066 803 2136 μὲν
821 2064 1158 2135 διακριτικόν
1177 2072 1272 2135 τῆς
1299 2065 1478 2130 ὅψεως
1500 2061 1720 2128 λευκόν,
1754 2058 1815 2116 τό
1850 2060 1903 2115 δ’

231 2147 486 2202 ἐναντίον
503 2145 679 2201 αὐτοῦ
695 2150 883 2216 μέλαν,
904 2147 1004 2216 τὴν
1023 2146 1083 2200 δὲ
1104 2143 1370 2211 ὀξυτέραν
1389 2142 1575 2215 φορὰν
1594 2146 1683 2198 καὶ
1711 2144 1909 2212 γένους

230 2224 410 2296 πυρὸς
429 2227 619 2295 ἐτέρου
639 2230 1096 2294 προσπίπτουσαν
1119 2227 1208 2280 καὶ
1235 2228 1633 2292 διακρίνουσαν
1651 2220 1753 2294 τὴν
1777 2220 1909 2288 ὄψιν

230 2309 385 2376 μέχρι
407 2328 523 2362 των
542 2305 822 2377 ὀμμάτων,
861 2303 1032 2393 αυτάς
1048 2327 1106 2360 τε
1134 2327 1246 2360 των
1276 2304 1589 2376 ὀφθαλμων
1616 2304 1715 2369 τὰς
1735 2301 1910 2368 διεξό-

139 2399 198 2445 68
231 2391 363 2453 δους
398 2393 492 2462 βία
540 2392 865 2444 διωθοῦσαν
909 2390 1002 2443 καὶ
1038 2388 1345 2459 τήκουσαν,
1394 2394 1508 2455 πῦρ
1554 2408 1654 2457 μεν
1694 2384 1912 2452 ἀθρόον

229 2472 320 2526 καὶ
337 2467 551 2540 ὕδωρ,
532 2492 561 2525 ο
583 2471 832 2537 δάκρυον
852 2476 1145 2539 καλοῦμεν,
1163 2470 1382 2523 ἐκεῖθεν
1400 2470 1713 2537 ἐκχέουσαν,
1734 2461 1910 2533 αὐτὴν

230 2552 289 2608 δε
318 2545 496 2607 οὖσαν
525 2557 639 2621 πῦρ
676 2553 731 2617 ἐξ
768 2554 1018 2615 ἐναντίας
1045 2549 1396 2618 ἀπαντωσαν,
1438 2550 1528 2604 καὶ
1559 2554 1661 2603 τοῦ
1692 2546 1793 2618 μὲν
1819 2546 1914 2599 ἐκ-

229 2636 515 2704 πηδῶντος
533 2630 712 2700 πυρὸς
731 2628 851 2688 οἷον
867 2631 968 2687 ἀπ’
990 2629 1284 2702 ἀστραπῆς,
1318 2637 1421 2685 τοῦ
1449 2630 1503 2685 δ’
1525 2628 1790 2690 εἰσιόντος
1817 2627 1911 2679 καὶ

229 2717 353 2783 περὶ
374 2713 435 2769 τό
457 2714 687 2783 νοτερὸν
707 2715 1243 2784 κατασβεννυμένου,
1259 2715 1627 2767 παντοδαπῶν
1644 2711 1703 2762 ἐν
1719 2713 1786 2777 τῇ
1807 2726 1912 2760 κυ-

229 2793 384 2863 κήσει
402 2795 573 2865 ταύτῃ
603 2796 947 2863 γιγνομένων
973 2794 1293 2863 χρωμάτων,
1320 2786 1686 2862 ,μαρμαρυγὰς
1715 2786 1815 2857 μὲν
1847 2784 1911 2840 τό
