1962 3236
44 164 106 209 61
728 154 980 204 TIMAI
995 154 1107 202 ΟΣ.
1624 150 1729 202 379

52 295 454 357 κατοικίζουσιν
476 294 553 354 εἰς
579 288 754 360 ἄλλην
771 293 873 344 τοῦ
891 287 1142 358 σώματος
1172 294 1388 359 οἴκησιν
1414 284 1474 341 τὸ
1495 285 1726 356 θνητόν,
1755 304 1788 343 Ε

56 370 264 441 ἰσθμὸν
296 373 386 427 καὶ
423 371 560 439 ὅρον
590 370 1105 440 διοικοδομήσαντες
1138 375 1233 439 τῆς
1267 389 1326 423 τε
1361 372 1605 436 κεφαλῆς
1641 367 1732 420 καὶ

53 459 156 507 τοῦ
174 454 435 523 στήθους,
474 449 678 522 αὐχένα
705 449 908 521 μεταξὺ
927 451 1190 519 τιθέντες,
1219 453 1311 506 ἵνα
1332 457 1415 520 εἴη
1444 453 1622 519 χωρίς.
1671 450 1732 500 έν

56 533 125 603 δὴ
145 545 258 597 τοῖς
278 535 509 604 στήθεσι
528 536 618 588 καὶ
647 539 723 605 τῶ
745 535 1068 604 καλουμένῳ
1088 531 1307 601 θώρακι
1343 529 1405 587 τὸ
1434 535 1530 600 τῆς
1557 534 1735 598 ψυχῆς

56 614 271 684 θνητὸν
300 617 459 685 γένος
478 618 722 683 ένέδουν,
757 614 846 668 καὶ
864 611 1050 684 ἐπειδὴ
1079 609 1140 668 τὸ
1168 635 1269 683 μεν
1288 612 1519 683 ἄμεινον
1546 606 1732 679 αὐτῆς,

55 692 118 750 τὸ
142 696 201 751 δὲ
218 708 403 765 χεῖρον
419 694 700 765 ἐπεφύκει,
721 696 1132 763 διοικοδομοῦσι
1156 692 1217 748 τό
1250 698 1350 748 τοῦ
1369 692 1632 762 θωρακος
1660 684 1735 746 αὖ

51 776 247 843 κύτος,
294 779 620 844 διορίζοντες
655 771 775 831 οἷον
808 782 1111 845 γυναικῶν,
1147 772 1250 845 τὴν
1286 774 1345 829 δὲ
1382 772 1607 843 ἀνδρῶν
1624 793 1731 843 χω-
1763 784 1822 830 70

59 858 143 925 ρὶς
160 863 394 927 οἴκησιν,
432 854 531 923 τὰς
555 859 762 927 φρένας
796 856 1117 926 διάφραγμα
1152 861 1227 920 εἰς
1261 854 1321 910 τὸ
1344 856 1514 925 μέσον
1550 852 1737 908 αὐτῶν

57 939 320 1001 τιθέντες.
353 935 414 994 τὸ
408 940 661 1035 μετέχον
678 933 786 994 οὖν
804 943 900 1008 τῆς
919 943 1094 1008 ψυχῆς
1112 935 1368 1005 ἀνδρείας
1400 936 1492 991 καὶ
1522 939 1734 1004 θυμοῦ,

57 1018 432 1088 φιλόνεικον”
400 1041 484 1086 ον,
507 1019 822 1075 κατοίκισαν
840 1022 1112 1089 ἐγγυτέρω
1139 1025 1236 1089 τῆς
1264 1023 1507 1087 κεφαλῆς
1532 1014 1735 1087 μεταξὺ

55 1107 170 1155 τῶν
186 1108 415 1171 φρενῶν
433 1122 491 1156 τε
521 1102 612 1157 καὶ
631 1098 887 1171 αὐχένος,
915 1104 1007 1155 ἵνα
1036 1105 1140 1155 τοῦ
1168 1098 1340 1170 λόγου
1366 1098 1643 1169 κατήκοον
1663 1117 1734 1152 ον

56 1187 219 1252 κοινῇ
236 1202 335 1250 μετ
343 1179 596 1237 ’ἐκείνου
614 1187 709 1253 βία
736 1180 797 1237 τὸ
829 1188 943 1236 τῶν
970 1185 1286 1251 ἐπιθυμιῶν
1312 1183 1527 1250 κατέχοι
1556 1180 1734 1248 γένος,

55 1260 196 1318 ὁπότ
204 1261 303 1319 ’ἐκ
334 1270 429 1334 τῆς
456 1261 810 1332 ἀκροπόλεως
843 1267 922 1336 τῷ
961 1262 1281 1332 ἐπιταγματι
1317 1263 1407 1315 καὶ
1445 1260 1594 1332 λόγῳ
1630 1280 1738 1329 μη-

58 1347 204 1414 δαμῇ
237 1349 535 1400 πείθεσθαι
571 1342 701 1399 έκόν
736 1346 944 1400 ἐθέλοι·
981 1343 1083 1413 τὴν
1118 1344 1178 1398 δὲ
1207 1340 1274 1412 δὴ
1314 1344 1547 1407 καρδίαν
1583 1339 1737 1410 ἅμμα

58 1431 172 1479 τῶν
207 1430 434 1495 φλεβῶν
462 1427 554 1481 καὶ
582 1424 764 1495 πηγὴν
789 1430 889 1481 τοῦ
918 1425 1360 1494 περιφερομένου
1390 1423 1527 1478 κατὰ
1558 1421 1738 1477 πάντα
1772 1427 1802 1467 Β

58 1503 126 1559 τὰ
146 1509 281 1575 μέλη
314 1509 573 1575 σφοδρῶς
599 1509 823 1576 αἵματος
854 1510 930 1570 εἰς
966 1506 1069 1575 τὴν
1104 1502 1485 1574 δορυφορικὴν
1519 1510 1736 1573 οἴκησιν

58 1589 416 1657 κατέστησαν,
462 1591 584 1657 ἵνα,
632 1586 722 1643 ὅτε
751 1590 916 1655 ζέσειε
956 1588 1022 1659 τό,
1044 1593 1147 1643 τοῦ
1175 1591 1369 1657 θυμοῦ
1396 1588 1586 1656 μένος,
1633 1589 1736 1640 τοῦ

58 1669 234 1738 λόγου
258 1674 741 1740 παραγγείλαντος,
774 1669 847 1734 ὥς
866 1692 946 1735 τις
971 1669 1160 1734 ἄδικος
1183 1670 1307 1734 περὶ
1327 1665 1467 1723 αὐτὰ
1488 1671 1735 1738 γίγνεται

62 1754 256 1816 πρᾶξις
283 1754 493 1816 ἔξωθεν
528 1747 564 1822 ἢ
598 1757 696 1807 καί
724 1773 803 1816 τις
838 1750 945 1806 ἀπὸ
984 1758 1098 1806 τῶν
1132 1754 1368 1806 ἔνδοθεν
1403 1752 1733 1818 ἐπιθυμιῶν,

60 1828 226 1896 ὀξέως
248 1830 341 1887 διὰ
371 1833 598 1888 πάντων
628 1839 741 1889 τῶν
769 1840 1068 1888 στενωπῶν
1097 1837 1211 1887 πᾶν
1240 1829 1379 1887 ὅσον
1406 1827 1735 1900 αἰσθητικὸν

57 1915 119 1967 ἐν
138 1919 214 1984 τῷ
236 1911 445 1982 σώματι
463 1921 575 1970 τῶν
592 1935 650 1971 τε
670 1915 1127 1982 παρακελεύσεων
1154 1916 1244 1970 καὶ
1262 1911 1505 1969 ἀπειλῶν
1534 1915 1737 1967 αἰσθα-

58 1993 300 2063 νόμενον
316 2000 560 2065 γίγνοιτο
579 1997 819 2067 ἐπήκοον
838 1998 927 2052 καὶ
946 1998 1131 2053 ἕποιτο
1152 1996 1349 2066 πάντη,
1370 1996 1460 2050 καὶ
1477 1992 1539 2049 τὸ
1558 1994 1739 2065 βέλτι-

61 2091 194 2131 στον
241 2073 420 2142 οὕτως
454 2079 517 2133 ἐν
551 2077 738 2142 αὐτοῖς
775 2085 946 2135 πᾶσιν
990 2077 1280 2149 ἡγεμονεῐν
1325 2079 1411 2150 έῷ.
1467 2080 1533 2147 τῇ
1572 2072 1631 2130 δὲ
1668 2072 1735 2143 δὴ
1765 2083 1796 2125 G

60 2156 292 2228 πηδήσει
310 2164 405 2228 τῆς
428 2163 655 2227 καρδίας
675 2162 735 2215 ἐν
753 2168 820 2232 τῇ
847 2166 961 2216 τῶν
986 2164 1187 2216 δεινῶν
1215 2162 1520 2229 προσδοκίᾳ
1550 2156 1643 2211 καὶ
1669 2160 1740 2225 τῇ

60 2242 166 2292 τοῦ
185 2243 378 2307 θυμοῦ
398 2242 622 2309 ἐγέρσει,
643 2242 1152 2311 προγιγνώσκοντες
1170 2238 1253 2296 ὅτι
1266 2237 1355 2295 διὰ
1376 2235 1553 2307 πυρὸς
1570 2233 1604 2307 ἡ
1623 2255 1740 2291 τοι-

65 2318 205 2388 αὐτη
228 2325 375 2373 πᾶσα
395 2325 620 2390 ἔμελλεν
646 2326 855 2392 οἰδησις
881 2329 1171 2394 γίγνεσθαι
1200 2328 1313 2377 τῶν
1339 2321 1736 2391 θυμουμένων,

62 2402 384 2468 ἐπικουρίαν
405 2398 546 2473 αὐτῇ
572 2404 954 2474 μηχανώμενοι
983 2404 1086 2474 τὴν
1111 2410 1211 2459 τοῦ
1241 2402 1552 2472 πλεύμονος
1584 2400 1739 2455 ἰδέαν

60 2480 457 2548 ένεφύτευσαν,
480 2488 702 2553 πρῶτον
724 2486 826 2554 μὲν
842 2484 1098 2555 μαλακὴν
1117 2486 1207 2540 καὶ
1226 2483 1482 2553 ἄναιμον,
1504 2480 1617 2538 εἶτα
1637 2481 1741 2550 σή-

60 2582 269 2631 ραγγας
286 2563 440 2629 ἐντὸς
460 2568 694 2635 ἔχουσαν
714 2560 835 2620 οἷον
862 2565 1112 2635 σπόγγου
1132 2567 1615 2635 κατατετρημένας,
1649 2566 1741 2618 ἵνα

60 2643 123 2699 τό
143 2666 198 2699 τε
221 2653 438 2716 πνεῦμα
462 2649 554 2703 καὶ
571 2645 633 2703 τό
657 2647 803 2719 πόμα
833 2651 1113 2718 δεχομένη,
1145 2648 1416 2717 ψύχουσα,
1448 2642 1741 2716 ἀναπνοὴν

60 2727 150 2782 καὶ
166 2728 459 2799 ὁᾳστῶνην
475 2732 536 2786 ἐν
549 2734 628 2803 τῷ
646 2731 883 2801 καύματι
904 2734 1153 2800 παρέχοι·
1175 2727 1259 2784 διὰ
1280 2728 1347 2800 δὴ
1367 2735 1463 2800 τῆς
1482 2725 1743 2798 ἀρτηρίας
1768 2738 1804 2781 D

63 2804 287 2877 ὀχετοὺς
314 2814 401 2866 ἐπὶ
431 2811 528 2866 τὸν
558 2812 842 2883 πλεύμονα
873 2817 1084 2883 ἔτεμον,
1116 2813 1208 2867 καὶ
1236 2811 1360 2881 περὶ
1388 2809 1490 2880 τὴν
1508 2812 1744 2879 καρδίαν
