1962 3236
727 196 1120 242 PRAEFATIO.
1742 207 1818 237 xxi

21 315 56 358 B
86 307 180 356 α’νὰ
204 307 348 355 τόνον
379 326 455 355 cur
483 311 551 354 vel
583 312 714 352 invito
741 310 839 351 Par.
874 320 971 350 cum
1000 306 1216 361 Stephano
1245 306 1507 356 retinuerim,
1539 307 1584 347 iu
1606 305 1815 350 Gesamm.

25 373 162 415 abiah.
187 385 233 427 p.
261 372 338 414 181
374 372 534 412 dictum
562 375 642 410 est.
674 368 907 419 Antiquum
933 365 1131 407 mendum
1162 376 1256 405 esse
1286 364 1354 406 vel
1374 362 1589 406 Plutarchi
1620 371 1662 405 et
1681 365 1818 407 Procli

22 442 259 472 censemus
290 430 332 470 in
364 423 450 470 ἕνα
476 421 619 467 τόνον
646 424 853 467 ostendit:
883 423 1014 465 nihilo
1044 428 1187 464 tamen
1218 422 1357 476 magis
1388 421 1570 462 arbitror
1599 422 1816 464 Platonem

22 489 89 529 bis
122 489 322 541 deinceps
353 486 465 527 idem
499 483 641 525 dicere
679 482 891 531 voluisse,
929 481 1007 523 sed
1043 480 1126 521 hoc
1163 480 1309 533 potius
1347 480 1505 532 egisse,
1545 485 1589 520 ut
1627 480 1819 535 singulas

24 557 176 595 voces,
204 557 311 597 quas
338 542 509 584 Sirenes
533 542 727 589 ederent,
754 538 928 579 totidem
955 538 1068 580 tonis
1095 537 1389 591 distingueret,
1419 536 1534 589 quod
1562 538 1703 591 ipsum
1733 540 1819 580 dis-

24 602 229 644 tributiva
255 612 404 655 praep.
445 590 540 638 α’νὰ
577 598 644 638 vis
674 595 830 642 efficit;
869 596 979 636 adde
1009 594 1242 649 Wiegaud.
1272 595 1316 636 in
1347 593 1551 639 Zeitschr.
1582 595 1616 636 f.
1655 596 1699 640 d.
1730 597 1814 640 Αιῑ,

27 660 165 708 1842,
195 670 239 712 p.
273 656 374 700 598.
412 678 473 689 -—
510 655 558 696 P.
589 654 675 696 618
705 652 738 694 C
778 649 860 693 καὶ
889 659 987 694 ante
1018 646 1194 694 εἰδέναι
1226 665 1321 693 cum
1350 651 1448 693 Par.
1486 651 1670 705 aliisque
1701 654 1819 696 libris

20 716 218 772 plurimis
249 715 403 764 omisi,
432 726 516 766 quo
549 719 688 754 tamen
721 711 816 764 ipso
844 710 1003 751 factum
1033 717 1121 759 est,
1153 717 1199 750 ut
1232 710 1408 751 eandem
1437 710 1691 763 particulam
1722 719 1818 753 ante

21 765 407 825 ἀναλογιζόμενον
436 771 588 818 inseri,
619 776 717 823 post
741 762 952 822 ρηθέντα
984 767 1077 808 tolli
1105 779 1280 808 necesse
1311 774 1443 817 esset;
1479 775 1598 808 vetus
1626 768 1819 811 confusio

21 832 243 875 tudaciam
271 828 539 877 emendandi,
568 827 711 879 siqua
737 833 815 875 est,
850 825 1091 874 excusabit;
1124 825 1263 865 minor
1289 830 1402 866 certe
1431 825 1512 866 fuit
1538 838 1641 867 mox
1669 838 1713 880 p.
1733 826 1819 869 618
1888 872 1891 878 Κ

20 889 58 931 D
91 891 133 930 in
168 880 418 940 εὖμοὶθειαι
449 892 490 926 et
522 877 830 937 δυσμάθειαι,
868 885 1024 936 quibus
1055 882 1310 935 scripturam
1346 882 1448 923 alibi
1486 895 1654 935 quoque
1694 897 1719 924 a
1753 897 1817 926 me

24 947 243 1002 probatam
284 957 360 999 pro
393 941 527 983 -ιάι
554 942 747 990 reddidi3
781 941 837 987 cf.
866 941 921 982 ad
952 941 1118 983 Menon.
1155 952 1199 993 p.
1235 939 1292 982 88
1320 941 1381 994 A,
1425 941 1498 981 ubi
1532 953 1713 995 pravum
1751 955 1810 983 ac·

23 1012 188 1046 centum
219 1005 379 1057 peritos
410 1002 570 1042 dudum
600 1000 837 1041 correxisse
868 1011 1009 1052 spero.

140 1119 249 1159 Tim.
287 1130 328 1170 p.
370 1116 421 1157 17
451 1117 489 1155 A
519 1109 571 1155 δὲ
601 1127 678 1168 pro
711 1107 762 1153 δ’
786 1106 1064 1164 ἑστιατόρων
1104 1119 1144 1154 et
1183 1110 1430 1158 συνουσίας
1460 1124 1536 1165 pro
1568 1109 1818 1163 ξυνουσίας

27 1176 82 1224 P,
120 1186 244 1227 quem
276 1173 342 1214 his
382 1175 426 1213 iu
458 1173 584 1213 rebus
623 1172 779 1223 ubique
819 1184 913 1211 cum
952 1170 1215 1235 Schumeidero
1229 1176 1428 1234 ”secutus
1471 1182 1589 1219 sunu
1631 1171 1676 1211 id
1717 1184 1815 1213 vero

22 1233 154 1276 semel
183 1231 400 1273 monuisse
422 1230 622 1271 sufficiat.
647 1250 706 1259 -—-
731 1229 777 1269 P.
808 1229 856 1269 17
878 1229 910 1268 B
942 1224 1017 1279 εἴη
1048 1240 1108 1267 αν
1130 1227 1190 1280 Η,
1223 1238 1284 1266 αν
1307 1223 1381 1279 εἴη
1405 1225 1546 1268 VBST
1575 1234 1617 1268 et
1645 1226 1818 1270 Schnei-

22 1291 175 1339 derus;
218 1288 322 1330 mihi
351 1288 456 1329 illud
494 1288 672 1341 propius
701 1285 755 1326 ad
788 1287 883 1326 Par.
914 1286 1134 1326 lectionem
1169 1277 1292 1325 εἶναι
1323 1284 1525 1325 accedere
1560 1286 1701 1326 visum
1736 1293 1814 1329 est.

24 1349 128 1390 ibid.
160 1342 241 1388 καὶ
266 1339 362 1398 ἀφ’
390 1338 585 1387 ἑκάστου
607 1346 662 1394 Ρ,
688 1335 856 1397 ἑκάστῃ
888 1344 942 1391 V,
974 1339 1054 1383 καὶ
1078 1339 1192 1395 μιάν
1223 1334 1398 1397 ἑκάστῳ
1427 1339 1542 1390 BST,
1575 1339 1689 1394 μιάν
1714 1335 1818 1383 ἕκα-

23 1415 134 1446 στον
163 1403 459 1450 Βοὴοείἀετιιε,
491 1404 705 1454 iidemque
734 1414 834 1442 mox
863 1396 1047 1454 τέχνην,
1076 1401 1149 1442 ubi
1177 1402 1271 1441 Par.
1301 1397 1358 1455 τῇ
1389 1392 1552 1454 τέχνης
1583 1413 1662 1455 ego
1690 1400 1818 1441 lenis-

23 1465 131 1503 sima
163 1463 391 1503 mutatione
420 1453 510 1513 τὴν
543 1454 713 1513 τέχνην
749 1459 886 1508 edidi,
925 1466 1061 1500 totum
1093 1466 1233 1499 autem
1267 1459 1558 1507 enunciatum,
1592 1471 1699 1510 quae
1727 1459 1818 1511 jam

22 1520 227 1563 Boeckhii
267 1518 474 1560 sententia
515 1518 594 1558 suit
624 1520 666 1558 in
699 1516 824 1571 Speo.
859 1516 1130 1571 Heidelberg.
1164 1515 1300 1563 1807,
1336 1528 1379 1569 p.
1413 1514 1560 1564 XVII,
1592 1529 1671 1570 pro
1703 1516 1818 1570 glos-

23 1587 184 1620 semate
207 1577 542 1630 circumscripsi,
576 1576 825 1629 praesertim
852 1576 951 1627 quia
982 1587 1007 1615 a
1037 1573 1174 1615 Procli
1206 1573 1507 1615 commentario
1533 1575 1666 1622 abest,
1695 1575 1818 1628 cujus

24 1643 183 1689 quanta
211 1636 253 1675 in
281 1636 422 1688 priore
453 1634 583 1686 hujus
614 1633 773 1687 dialogi
802 1639 924 1685 parte
949 1632 1210 1673 recensenda
1241 1633 1468 1672 auctoritas
1500 1632 1579 1680 sit,
1611 1638 1723 1672 recte
1754 1634 1818 1672 iu·

24 1693 185 1734 tellexit
214 1693 263 1736 E.
281 1695 333 1733 Α.
359 1691 620 1733 Schmidtius
652 1691 694 1730 in
725 1703 799 1744 pro
858 1721 867 1730 .
888 1688 1111 1731 Sedinensi
1139 1690 1193 1731 de
1213 1690 1387 1731 Timaeo
1408 1688 1592 1731 Platonis
1619 1703 1642 1730 e
1671 1690 1816 1730 Proeto

24 1750 285 1792 restituendo
322 1750 446 1792 1842.
475 1772 535 1781 —
564 1750 610 1791 P.
643 1748 698 1789 17
732 1749 765 1789 D
820 1744 999 1788 νδοθεν
1030 1754 1070 1788 et
1101 1742 1182 1787 καὶ
1216 1740 1355 1799 φύσει
1383 1748 1415 1788 Ρ
1447 1754 1488 1787 et
1519 1746 1815 1796 Schneiderus,

23 1802 165 1849 ἔνδον
185 1817 225 1847 et
244 1797 326 1847 ὅτε
343 1799 479 1858 φύσει
501 1803 653 1853 VBST,
677 1813 899 1857 utrumque
923 1804 1146 1846 manifesto
1167 1805 1554 1858 interpretamento,
1576 1817 1815 1858 quanquam

24 1878 107 1907 non
141 1876 312 1914 recuso,
344 1875 399 1905 ne
429 1866 524 1916 quis
554 1859 633 1902 καὶ
664 1863 787 1903 solita
820 1862 1066 1905 confusione
1098 1875 1151 1903 ex
1181 1855 1243 1908 ὥς
1278 1868 1415 1903 ortum
1439 1857 1817 1914 putem-{weila

21 1932 165 1966 nutem
188 1921 418 1976 proleptice
448 1923 604 1962 dictum
635 1928 698 1960 est
726 1928 772 1961 ut
802 1934 837 1961 c.
858 1919 909 1962 31
934 1912 1028 1960 ἀπὸ
1048 1918 1140 1960 τῶν
1160 1913 1362 1960 ἔνδοθεν
1381 1910 1662 1972 ἐπιθυμιῶν,
1683 1920 1813 1964 Laeli.

22 1993 60 2025 e.
92 1982 119 2021 7
148 1972 240 2019 ὑπὸ
265 1977 359 2019 τῶν
385 1970 436 2018 ἐκ
460 1977 544 2029 τῆς
566 1971 769 2024 ὁλκάδος
799 1985 878 2019 etc.
908 2000 966 2008 —
993 1978 1039 2018 P.
1076 1977 1129 2018 18
1161 1977 1191 2018 C·
1216 1975 1266 2017 τί
1293 1972 1374 2017 δαὶ
1405 1970 1463 2029 δὴ
1499 1990 1575 2031 pro
1606 1976 1656 2017 τί
1679 1971 1730 2018 δὲ
1754 1971 1814 2028 δὴ

20 2037 55 2080 Ρ
85 2038 280 2090 idemque
312 2049 410 2078 mox
438 2048 532 2076 cum
566 2035 716 2076 ceteris
751 2035 838 2076 sere
869 2036 1063 2076 omnibus
1084 2029 1471 2087 μηχανωμένους,
1502 2036 1572 2076 cui
1605 2034 1762 2076 frustra
1785 2034 1817 2075 B

21 2107 77 2137 ex
107 2095 345 2136 Buttmanui
377 2095 486 2147 conj.
520 2088 896 2146 μηχανωμένοις,
938 2092 1003 2134 ST
1041 2106 1092 2134 ex
1125 2093 1327 2147 Stephani
1357 2087 1686 2145 μηχανώμενοι
1719 2094 1817 2134 sub·

22 2154 270 2198 stituerunt:
298 2165 365 2193 me
391 2160 435 2192 ut
466 2163 560 2192 cum
583 2149 842 2193 Schneidero
869 2150 988 2205 vulg.
1023 2153 1260 2204 retinerem,
1287 2150 1418 2191 movit
1443 2151 1653 2204 imprimis
1679 2150 1815 2205 Legg.

24 2210 95 2250 Vl.
129 2211 177 2251 7:
209 2202 386 2250 τούτων
415 2202 475 2261 δὴ
507 2201 698 2250 πάντων
728 2201 786 2249 τὰ
817 2202 901 2261 μὲν
925 2203 1086 2261 αἱρετὰ
1116 2202 1231 2278 χρή,
1262 2200 1318 2248 τὰ
1344 2202 1396 2248 δὲ
1424 2202 1639 2261 κληρωτὰ
1670 2207 1817 2261 γίγνε-

22 2265 166 2322 σθαι,
195 2261 446 2321 μιγνύντας
475 2279 517 2312 κ.
550 2279 590 2308 τ.
625 2266 665 2307 λ.
700 2289 757 2299 —·
788 2267 834 2309 P.
869 2266 924 2309 19
950 2270 985 2309 Α
1018 2260 1080 2313 ὡς
1106 2259 1479 2319 απολειπόμενον
1506 2268 1537 2308 P
1569 2273 1610 2307 et
1639 2266 1816 2307 Schnei-

22 2325 176 2374 derus,
206 2317 581 2377 ἀπολειπόμενον
613 2323 775 2371 VBST;
809 2331 853 2365 at
878 2324 932 2365 cf.
960 2324 1142 2370 Boeckh.
1172 2336 1216 2378 p.
1238 2323 1390 2366 XXVI.
1415 2346 1474 2354 —
1498 2324 1545 2368 P.
1576 2323 1631 2366 20
1657 2324 1689 2365 Β
1717 2318 1816 2364 ἵκα-

22 2376 116 2435 νὴν
140 2381 424 2425 Schneiderus
454 2395 491 2427 e.
526 2381 695 2431 Proclo,
738 2375 905 2435 ἱκανῆς
936 2382 1096 2430 VBST;
1140 2390 1183 2424 at
1214 2388 1403 2423 nostrum
1437 2395 1488 2423 ex
1521 2382 1616 2426 Par.
1649 2395 1817 2434 quoque

28 2439 193 2480 Bantius
214 2441 328 2494 apud
350 2439 500 2483 Stallb.
522 2441 731 2490 enotavit,
764 2452 840 2493 pro
868 2454 950 2491 quo
981 2452 1090 2480 nunc
1110 2447 1156 2480 ut
1183 2440 1282 2481 alibi
1302 2440 1516 2481 Bekkerus
1539 2441 1568 2480 F
1590 2441 1816 2493 scripsisse

25 2496 280 2538 videtur.—
298 2498 401 2539 lbid.
426 2491 694 2538 πιστευτέον
724 2493 788 2549 δή
806 2510 816 2520 ·
852 2489 878 2538 ὃ
909 2498 964 2543 Η,
997 2495 1284 2539 πιστευτέον·
1319 2491 1394 2538 διὸ
1426 2495 1564 2538 VBST
1585 2505 1624 2538 et
1644 2495 1816 2539 Schnei-

25 2553 174 2600 derus.
208 2567 313 2606 quos
345 2553 501 2596 nollem
531 2548 866 2606 διανοούμενος
898 2556 1064 2609 objecto
1095 2568 1240 2597 carere
1273 2567 1424 2609 passos
1458 2567 1564 2595 esse.
1595 2577 1655 2586 -—
1685 2554 1730 2598 P.
1760 2554 1817 2596 20

20 2609 56 2653 C
87 2604 206 2652 αὐτὰ
234 2610 379 2652 ταῦτα
419 2623 495 2665 pro
535 2600 597 2651 αὖ
634 2609 780 2651 ταῦτα
809 2605 1096 2666 ἐσκοποῦμεν
1129 2614 1159 2653 Ρ
1192 2620 1232 2655 et
1264 2612 1544 2654 Schneiderus
1576 2625 1614 2653 c.
1648 2612 1811 2656 Proclo.

21 2689 80 2701 —
113 2670 157 2710 P.
182 2669 240 2713 20
266 2670 296 2710 Β
326 2681 421 2710 που
450 2675 546 2723 post
566 2667 762 2719 Κριτίαν
794 2682 846 2711 ex
866 2672 956 2712 Par.
990 2671 1210 2724 supplevi,
1240 2671 1362 2723 cujus
1394 2670 1616 2713 omittendi
1674 2671 1817 2712 ronior

11 2730 150 2786 Quam
182 2727 366 2770 addendi
395 2727 578 2768 librariis
610 2727 776 2767 occasio
809 2735 921 2774 eratz
954 2739 1030 2769 nec
1055 2741 1097 2781 p.
1127 2731 1182 2770 ’22
1209 2728 1240 2768 E
1266 2725 1362 2768 πᾶν
1389 2734 1486 2782 post
1514 2721 1638 2768 κοίτω
1680 2739 1731 2768 εν
1764 2740 1815 2769 ex

8 2781 195 2833 ''odem.
227 2785 435 2837 quamvls,
463 2785 500 2824 si
530 2782 763 2825 Beltkemm
796 2786 1009 2834 audimus,
1042 2793 1243 2834 correcto,
1278 2784 1413 2827 Procli
1441 2787 1663 2828 accedente
1698 2785 1815 2827 testi-

14 2842 168 2883 smonio
200 2843 387 2896 recipere
412 2842 625 2891 dubitavi3
657 2848 798 2883 contra
824 2854 867 2896 p.
897 2844 953 2883 22
980 2842 1015 2883 D
1038 2836 1090 2883 οῖ
1105 2851 1201 2884 ante
1222 2838 1331 2884 θεοὶ
1363 2850 1403 2885 et
1435 2856 1476 2897 p.
1500 2843 1556 2887 23
1587 2843 1619 2884 Ε
1645 2854 1692 2884 τε
1720 2848 1814 2897 post
