<?xml version="1.0" encoding="UTF-8"?>
<!DOCTYPE html PUBLIC "-//W3C//DTD XHTML 1.0 Transitional//EN"
    "http://www.w3.org/TR/xhtml1/DTD/xhtml1-transitional.dtd">
<html xmlns="http://www.w3.org/1999/xhtml" xml:lang="en" lang="en">
 <head>
  <title>
</title>
<meta http-equiv="Content-Type" content="text/html;charset=utf-8" />
  <meta name='ocr-system' content='tesseract 3.04.00' />
  <meta name='ocr-capabilities' content='ocr_page ocr_carea ocr_par ocr_line ocrx_word'/>
</head>
<body>
  <div class='ocr_page' id='page_1' title='image "./dialogisecumdumt04platuoft_0346.png"; bbox 0 0 1962 3236; ppageno 0'>
   <div class='ocr_carea' id='block_1_1' title="bbox 172 159 1264 214">
    <p class='ocr_par' dir='ltr' id='par_1_1' title="bbox 172 159 1264 214">
     <span class='ocr_line' id='line_1_1' title="bbox 172 159 1264 214; baseline 0.002 -4"><span class='ocrx_word' id='word_1_1' title='bbox 172 159 277 210; x_wconf 85' lang='lat'><strong><em>310</em></strong></span> <span class='ocrx_word' id='word_1_2' title='bbox 786 164 1264 214; x_wconf 75' lang='grc' dir='ltr'><em>ΠΛΑΤῼΝΟΣ</em></span> 
     </span>
    </p>
   </div>
   <div class='ocr_carea' id='block_1_2' title="bbox 108 291 1851 1043">
    <p class='ocr_par' dir='ltr' id='par_1_2' title="bbox 108 291 1851 1020">
     <span class='ocr_line' id='line_1_2' title="bbox 172 291 1851 369; baseline 0.005 -21"><span class='ocrx_word' id='word_1_3' title='bbox 172 294 337 364; x_wconf 90' lang='grc' dir='ltr'><strong><em>μένει.</em></strong></span> <span class='ocrx_word' id='word_1_4' title='bbox 385 294 486 366; x_wconf 76' lang='grc' dir='ltr'><strong><em>χρὴ</em></strong></span> <span class='ocrx_word' id='word_1_5' title='bbox 520 292 573 349; x_wconf 86' lang='grc' dir='ltr'><strong><em>δ’</em></strong></span> <span class='ocrx_word' id='word_1_6' title='bbox 596 292 734 348; x_wconf 76' lang='grc' dir='ltr'><strong><em>αὐτὰ</em></strong></span> <span class='ocrx_word' id='word_1_7' title='bbox 758 291 1011 364; x_wconf 80' lang='grc' dir='ltr'><strong><em>ἀκοῦσαι,</em></strong></span> <span class='ocrx_word' id='word_1_8' title='bbox 1030 297 1122 350; x_wconf 82' lang='grc' dir='ltr'><strong><em>ἵνα</em></strong></span> <span class='ocrx_word' id='word_1_9' title='bbox 1152 300 1356 362; x_wconf 66' lang='grc' dir='ltr'><strong><em>τελέως,</em></strong></span> <span class='ocrx_word' id='word_1_10' title='bbox 1375 299 1629 369; x_wconf 76' lang='grc' dir='ltr'><strong><em>ἑκάτερος</em></strong></span> <span class='ocrx_word' id='word_1_11' title='bbox 1665 298 1851 356; x_wconf 78' lang='grc' dir='ltr'><strong><em>αὐτῶν</em></strong></span> 
     </span>
     <span class='ocr_line' id='line_1_3' title="bbox 171 371 1851 451; baseline 0.004 -21"><span class='ocrx_word' id='word_1_12' title='bbox 171 371 451 447; x_wconf 81' lang='grc' dir='ltr'><strong><em>ἀπειλήφῃ</em></strong></span> <span class='ocrx_word' id='word_1_13' title='bbox 472 375 537 431; x_wconf 79' lang='grc' dir='ltr'><strong><em>τὰ</em></strong></span> <span class='ocrx_word' id='word_1_14' title='bbox 558 372 666 430; x_wconf 82' lang='grc' dir='ltr'><strong><em>ὑπὸ</em></strong></span> <span class='ocrx_word' id='word_1_15' title='bbox 687 382 790 430; x_wconf 80' lang='grc' dir='ltr'><strong><em>τοῦ</em></strong></span> <span class='ocrx_word' id='word_1_16' title='bbox 818 376 990 445; x_wconf 81' lang='grc' dir='ltr'><strong><em>λόγου</em></strong></span> <span class='ocrx_word' id='word_1_17' title='bbox 1018 374 1350 448; x_wconf 88' lang='grc' dir='ltr'><strong><em>ὀφειλόμενα</em></strong></span> <span class='ocrx_word' id='word_1_18' title='bbox 1369 378 1619 436; x_wconf 85' lang='grc' dir='ltr'><strong><em>ἀκοῦσαι.</em></strong></span> <span class='ocrx_word' id='word_1_19' title='bbox 1657 383 1851 451; x_wconf 87' lang='grc' dir='ltr'><strong><em>Λέγοις</em></strong></span> 
     </span>
     <span class='ocr_line' id='line_1_4' title="bbox 108 454 1851 534; baseline 0.007 -30"><span class='ocrx_word' id='word_1_20' title='bbox 108 463 142 504; x_wconf 86' lang='grc' dir='ltr'><strong><em>Β</em></strong></span> <span class='ocrx_word' id='word_1_21' title='bbox 173 454 261 526; x_wconf 77' lang='grc' dir='ltr'><strong><em>ἄν,</em></strong></span> <span class='ocrx_word' id='word_1_22' title='bbox 283 460 404 527; x_wconf 84' lang='grc' dir='ltr'><strong><em>ἔφη,</em></strong></span> <span class='ocrx_word' id='word_1_23' title='bbox 430 478 501 521; x_wconf 89' lang='grc' dir='ltr'><strong><em>ως</em></strong></span> <span class='ocrx_word' id='word_1_24' title='bbox 521 455 590 510; x_wconf 80' lang='grc' dir='ltr'><strong><em>οὐ</em></strong></span> <span class='ocrx_word' id='word_1_25' title='bbox 610 454 786 512; x_wconf 77' lang='grc' dir='ltr'><strong><em>πολλὰ</em></strong></span> <span class='ocrx_word' id='word_1_26' title='bbox 808 455 931 512; x_wconf 74' lang='grc' dir='ltr'><strong><em>ἀλλ’</em></strong></span> <span class='ocrx_word' id='word_1_27' title='bbox 955 455 1166 528; x_wconf 79' lang='grc' dir='ltr'><strong><em>ἥδιον’</em></strong></span> <span class='ocrx_word' id='word_1_28' title='bbox 1135 459 1413 516; x_wconf 89' lang='grc' dir='ltr'><strong><em>ακούοντι.</em></strong></span> <span class='ocrx_word' id='word_1_29' title='bbox 1446 461 1587 518; x_wconf 85' lang='grc' dir='ltr'><strong><em>Ἀλλ’</em></strong></span> <span class='ocrx_word' id='word_1_30' title='bbox 1621 460 1690 517; x_wconf 82' lang='grc' dir='ltr'><strong><em>οὐ</em></strong></span> <span class='ocrx_word' id='word_1_31' title='bbox 1720 465 1851 534; x_wconf 87' lang='grc' dir='ltr'><strong><em>μέν-</em></strong></span> 
     </span>
     <span class='ocr_line' id='line_1_5' title="bbox 171 534 1851 614; baseline 0.004 -21"><span class='ocrx_word' id='word_1_32' title='bbox 171 559 256 594; x_wconf 94' lang='grc' dir='ltr'><strong><em>τοι</em></strong></span> <span class='ocrx_word' id='word_1_33' title='bbox 276 554 381 606; x_wconf 90' lang='grc' dir='ltr'><strong><em>σοι,</em></strong></span> <span class='ocrx_word' id='word_1_34' title='bbox 401 539 475 608; x_wconf 81' lang='grc' dir='ltr'><strong><em>ἠν</em></strong></span> <span class='ocrx_word' id='word_1_35' title='bbox 495 534 545 591; x_wconf 88' lang='grc' dir='ltr'><strong><em>δ’</em></strong></span> <span class='ocrx_word' id='word_1_36' title='bbox 567 538 692 608; x_wconf 77' lang='grc' dir='ltr'><strong><em>ἐγώ,</em></strong></span> <span class='ocrx_word' id='word_1_37' title='bbox 725 536 981 594; x_wconf 88' lang='grc' dir='ltr'><strong><em>Ἀλκίνου</em></strong></span> <span class='ocrx_word' id='word_1_38' title='bbox 1008 562 1070 610; x_wconf 87' lang='grc' dir='ltr'><strong><em>γε</em></strong></span> <span class='ocrx_word' id='word_1_39' title='bbox 1090 539 1372 612; x_wconf 73' lang='grc' dir='ltr'><strong><em>ἀπόλογον</em></strong></span> <span class='ocrx_word' id='word_1_40' title='bbox 1391 546 1517 614; x_wconf 78' lang='grc' dir='ltr'><strong><em>ἐρῶ,</em></strong></span> <span class='ocrx_word' id='word_1_41' title='bbox 1545 541 1668 599; x_wconf 85' lang='grc' dir='ltr'><strong><em>ἀλλ’</em></strong></span> <span class='ocrx_word' id='word_1_42' title='bbox 1696 541 1851 599; x_wconf 84' lang='grc' dir='ltr'><strong><em>ἀλκί-</em></strong></span> 
     </span>
     <span class='ocr_line' id='line_1_6' title="bbox 171 616 1851 695; baseline 0.003 -21"><span class='ocrx_word' id='word_1_43' title='bbox 171 642 281 690; x_wconf 91' lang='grc' dir='ltr'><strong><em>μου</em></strong></span> <span class='ocrx_word' id='word_1_44' title='bbox 309 641 412 689; x_wconf 90' lang='grc' dir='ltr'><strong><em>μεν</em></strong></span> <span class='ocrx_word' id='word_1_45' title='bbox 430 616 653 690; x_wconf 90' lang='grc' dir='ltr'><strong><em>ἀνδρός,</em></strong></span> <span class='ocrx_word' id='word_1_46' title='bbox 678 616 840 689; x_wconf 85' lang='grc' dir='ltr'><strong><em>Ἠρὸς</em></strong></span> <span class='ocrx_word' id='word_1_47' title='bbox 863 627 964 676; x_wconf 86' lang='grc' dir='ltr'><strong><em>τοῦ</em></strong></span> <span class='ocrx_word' id='word_1_48' title='bbox 991 619 1295 694; x_wconf 80' lang='grc' dir='ltr'><strong><em>Ἀρμενίου,</em></strong></span> <span class='ocrx_word' id='word_1_49' title='bbox 1327 622 1387 679; x_wconf 88' lang='grc' dir='ltr'>τὸ</span> <span class='ocrx_word' id='word_1_50' title='bbox 1419 626 1578 695; x_wconf 83' lang='grc' dir='ltr'><strong><em>γένος</em></strong></span> <span class='ocrx_word' id='word_1_51' title='bbox 1605 624 1851 695; x_wconf 88' lang='grc' dir='ltr'><strong><em>Παμφύ-</em></strong></span> 
     </span>
     <span class='ocr_line' id='line_1_7' title="bbox 171 700 1846 777; baseline 0.003 -21"><span class='ocrx_word' id='word_1_52' title='bbox 171 708 273 757; x_wconf 88' lang='grc' dir='ltr'><strong><em>λου</em></strong></span> <span class='ocrx_word' id='word_1_53' title='bbox 286 723 297 734; x_wconf 95' lang='grc'><em>·</em></span> <span class='ocrx_word' id='word_1_54' title='bbox 337 700 398 766; x_wconf 84' lang='grc' dir='ltr'><strong><em>ὅς</em></strong></span> <span class='ocrx_word' id='word_1_55' title='bbox 416 720 548 756; x_wconf 89' lang='grc' dir='ltr'><strong><em>ποτε</em></strong></span> <span class='ocrx_word' id='word_1_56' title='bbox 568 704 629 756; x_wconf 90' lang='grc' dir='ltr'><strong><em>ἐν</em></strong></span> <span class='ocrx_word' id='word_1_57' title='bbox 647 706 865 775; x_wconf 79' lang='grc' dir='ltr'><strong><em>πολέμῳ</em></strong></span> <span class='ocrx_word' id='word_1_58' title='bbox 886 706 1229 776; x_wconf 78' lang='grc' dir='ltr'><strong><em>τελευτήσας,</em></strong></span> <span class='ocrx_word' id='word_1_59' title='bbox 1251 704 1667 777; x_wconf 77' lang='grc' dir='ltr'><strong><em>ἀναιρεθέντων</em></strong></span> <span class='ocrx_word' id='word_1_60' title='bbox 1686 711 1846 762; x_wconf 80' lang='grc' dir='ltr'><strong><em>δεκα-</em></strong></span> 
     </span>
     <span class='ocr_line' id='line_1_8' title="bbox 169 783 1849 860; baseline 0.004 -23"><span class='ocrx_word' id='word_1_61' title='bbox 169 788 338 837; x_wconf 88' lang='grc' dir='ltr'><strong><em>ταίων</em></strong></span> <span class='ocrx_word' id='word_1_62' title='bbox 374 789 487 838; x_wconf 73' lang='grc' dir='ltr'><strong><em>τῶν</em></strong></span> <span class='ocrx_word' id='word_1_63' title='bbox 524 789 742 855; x_wconf 78' lang='grc' dir='ltr'><strong><em>νεκρῶν</em></strong></span> <span class='ocrx_word' id='word_1_64' title='bbox 779 783 884 855; x_wconf 83' lang='grc' dir='ltr'><strong><em>ἤδη</em></strong></span> <span class='ocrx_word' id='word_1_65' title='bbox 919 789 1363 859; x_wconf 78' lang='grc' dir='ltr'><strong><em>διεφθαρμένων,</em></strong></span> <span class='ocrx_word' id='word_1_66' title='bbox 1394 787 1552 860; x_wconf 84' lang='grc' dir='ltr'><strong><em>ὑγιὴς</em></strong></span> <span class='ocrx_word' id='word_1_67' title='bbox 1578 788 1680 859; x_wconf 76' lang='grc' dir='ltr'><strong><em>μὲν</em></strong></span> <span class='ocrx_word' id='word_1_68' title='bbox 1711 786 1849 859; x_wconf 82' lang='grc' dir='ltr'><strong><em>ἀνῃ-</em></strong></span> 
     </span>
     <span class='ocr_line' id='line_1_9' title="bbox 171 862 1849 936; baseline 0.002 -17"><span class='ocrx_word' id='word_1_69' title='bbox 171 867 328 936; x_wconf 88' lang='grc' dir='ltr'><strong><em>ρέθη,</em></strong></span> <span class='ocrx_word' id='word_1_70' title='bbox 343 867 629 935; x_wconf 88' lang='grc' dir='ltr'><strong><em>κομισθεὶς</em></strong></span> <span class='ocrx_word' id='word_1_71' title='bbox 643 862 689 920; x_wconf 84' lang='grc' dir='ltr'><strong><em>δ’</em></strong></span> <span class='ocrx_word' id='word_1_72' title='bbox 711 870 897 921; x_wconf 76' lang='grc' dir='ltr'><strong><em>οἴκαδε</em></strong></span> <span class='ocrx_word' id='word_1_73' title='bbox 915 870 1130 936; x_wconf 82' lang='grc' dir='ltr'><strong><em>μέλλων</em></strong></span> <span class='ocrx_word' id='word_1_74' title='bbox 1150 868 1467 925; x_wconf 81' lang='grc' dir='ltr'><strong><em>θάπτεσθαι</em></strong></span> <span class='ocrx_word' id='word_1_75' title='bbox 1488 874 1849 932; x_wconf 80' lang='grc' dir='ltr'><strong><em>δωδεκαταῖος</em></strong></span> 
     </span>
     <span class='ocr_line' id='line_1_10' title="bbox 168 944 1849 1043; baseline 0.002 -43"><span class='ocrx_word' id='word_1_76' title='bbox 168 947 256 1001; x_wconf 85' lang='grc' dir='ltr'><strong><em>ἐπὶ</em></strong></span> <span class='ocrx_word' id='word_1_77' title='bbox 275 952 340 1018; x_wconf 85' lang='grc' dir='ltr'><strong><em>τῇ</em></strong></span> <span class='ocrx_word' id='word_1_78' title='bbox 367 953 519 1019; x_wconf 76' lang='grc' dir='ltr'><strong><em>πυρᾷ</em></strong></span> <span class='ocrx_word' id='word_1_79' title='bbox 547 953 796 1016; x_wconf 83' lang='grc' dir='ltr'><strong><em>κείμενος</em></strong></span> <span class='ocrx_word' id='word_1_80' title='bbox 826 944 1047 1017; x_wconf 83' lang='grc' dir='ltr'><strong><em>ἀνεβίω,</em></strong></span> <span class='ocrx_word' id='word_1_81' title='bbox 1079 947 1346 1043; x_wconf 82' lang='grc' dir='ltr'><strong><em>ἀναβιους</em></strong></span> <span class='ocrx_word' id='word_1_82' title='bbox 1376 949 1428 1005; x_wconf 86' lang='grc' dir='ltr'><strong><em>δ’</em></strong></span> <span class='ocrx_word' id='word_1_83' title='bbox 1469 948 1699 1020; x_wconf 82' lang='grc' dir='ltr'><strong><em>ἔλεγεν</em></strong></span> <span class='ocrx_word' id='word_1_84' title='bbox 1676 973 1710 1004; x_wconf 91' lang='grc' dir='ltr'><strong><em>α</em></strong></span> <span class='ocrx_word' id='word_1_85' title='bbox 1740 953 1849 1004; x_wconf 84' lang='grc' dir='ltr'><strong><em>ἐκεῖ</em></strong></span> 
     </span>
    </p>
   </div>
   <div class='ocr_carea' id='block_1_3' title="bbox 168 1019 1880 1102">
    <p class='ocr_par' dir='ltr' id='par_1_3' title="bbox 168 1019 1880 1102">
     <span class='ocr_line' id='line_1_11' title="bbox 168 1019 1880 1102; baseline 0.001 -20"><span class='ocrx_word' id='word_1_86' title='bbox 168 1030 290 1082; x_wconf 88' lang='grc' dir='ltr'><strong><em>ἱ’.δοι</em></strong></span> <span class='ocrx_word' id='word_1_87' title='bbox 333 1031 438 1097; x_wconf 85' lang='grc' dir='ltr'><strong><em>ἔφη</em></strong></span> <span class='ocrx_word' id='word_1_88' title='bbox 469 1029 546 1095; x_wconf 88' lang='grc' dir='ltr'><strong><em>δέ,</em></strong></span> <span class='ocrx_word' id='word_1_89' title='bbox 578 1025 762 1097; x_wconf 87' lang='grc' dir='ltr'><strong><em>ἐπειδὴ</em></strong></span> <span class='ocrx_word' id='word_1_90' title='bbox 794 1019 863 1082; x_wconf 83' lang='grc' dir='ltr'><strong><em>οὗ</em></strong></span> <span class='ocrx_word' id='word_1_91' title='bbox 892 1029 1117 1098; x_wconf 83' lang='grc' dir='ltr'><strong><em>ἐκβῆναι</em></strong></span> <span class='ocrx_word' id='word_1_92' title='bbox 1143 1029 1246 1100; x_wconf 83' lang='grc' dir='ltr'><strong><em>τὴν</em></strong></span> <span class='ocrx_word' id='word_1_93' title='bbox 1275 1030 1475 1102; x_wconf 84' lang='grc' dir='ltr'><strong><em>ψυχήν,</em></strong></span> <span class='ocrx_word' id='word_1_94' title='bbox 1507 1031 1844 1101; x_wconf 81' lang='grc' dir='ltr'><strong><em>πορεύεσθαι</em></strong></span> <span class='ocrx_word' id='word_1_95' title='bbox 1876 1047 1880 1049; x_wconf 91' lang='grc'><strong><em>·</em></strong></span> 
     </span>
    </p>
   </div>
   <div class='ocr_carea' id='block_1_4' title="bbox 92 1106 1846 2896">
    <p class='ocr_par' dir='ltr' id='par_1_4' title="bbox 109 1106 1846 1755">
     <span class='ocr_line' id='line_1_12' title="bbox 109 1106 1844 1181; baseline 0.002 -18"><span class='ocrx_word' id='word_1_96' title='bbox 109 1125 142 1168; x_wconf 87' lang='lat' dir='ltr'><strong>c</strong></span> <span class='ocrx_word' id='word_1_97' title='bbox 166 1130 300 1178; x_wconf 89' lang='grc' dir='ltr'><strong><em>μετα</em></strong></span> <span class='ocrx_word' id='word_1_98' title='bbox 321 1115 562 1178; x_wconf 76' lang='grc' dir='ltr'><strong><em>πολλῶν,</em></strong></span> <span class='ocrx_word' id='word_1_99' title='bbox 583 1110 675 1164; x_wconf 85' lang='grc' dir='ltr'><strong><em>καὶ</em></strong></span> <span class='ocrx_word' id='word_1_100' title='bbox 696 1106 1057 1179; x_wconf 81' lang='grc' dir='ltr'><strong><em>ἀφικνεῖσθαι</em></strong></span> <span class='ocrx_word' id='word_1_101' title='bbox 1087 1118 1232 1181; x_wconf 73' lang='grc' dir='ltr'><strong><em>σφοῖς</em></strong></span> <span class='ocrx_word' id='word_1_102' title='bbox 1264 1116 1339 1177; x_wconf 88' lang='grc' dir='ltr'><strong><em>εἰς</em></strong></span> <span class='ocrx_word' id='word_1_103' title='bbox 1366 1113 1543 1168; x_wconf 84' lang='grc' dir='ltr'><strong><em>τόπον</em></strong></span> <span class='ocrx_word' id='word_1_104' title='bbox 1572 1134 1695 1167; x_wconf 90' lang='grc' dir='ltr'><strong><em>τινα</em></strong></span> <span class='ocrx_word' id='word_1_105' title='bbox 1726 1115 1844 1167; x_wconf 83' lang='grc' dir='ltr'><strong><em>δαι-</em></strong></span> 
     </span>
     <span class='ocr_line' id='line_1_13' title="bbox 165 1184 1842 1265; baseline 0.001 -19"><span class='ocrx_word' id='word_1_106' title='bbox 165 1192 381 1263; x_wconf 89' lang='grc' dir='ltr'><strong><em>μόνιον,</em></strong></span> <span class='ocrx_word' id='word_1_107' title='bbox 411 1194 472 1247; x_wconf 86' lang='grc' dir='ltr'><strong><em>ἐν</em></strong></span> <span class='ocrx_word' id='word_1_108' title='bbox 493 1184 540 1265; x_wconf 77' lang='grc' dir='ltr'><em>ᾦ</em></span> <span class='ocrx_word' id='word_1_109' title='bbox 559 1197 656 1262; x_wconf 84' lang='grc' dir='ltr'><strong><em>τῆς</em></strong></span> <span class='ocrx_word' id='word_1_110' title='bbox 674 1213 735 1246; x_wconf 94' lang='grc' dir='ltr'><strong><em>τε</em></strong></span> <span class='ocrx_word' id='word_1_111' title='bbox 749 1196 851 1263; x_wconf 84' lang='grc' dir='ltr'><strong><em>γῆς</em></strong></span> <span class='ocrx_word' id='word_1_112' title='bbox 872 1191 965 1246; x_wconf 88' lang='grc' dir='ltr'><strong><em>δύ’</em></strong></span> <span class='ocrx_word' id='word_1_113' title='bbox 989 1192 1129 1248; x_wconf 83' lang='grc' dir='ltr'><strong><em>εἶναι</em></strong></span> <span class='ocrx_word' id='word_1_114' title='bbox 1145 1193 1395 1264; x_wconf 77' lang='grc' dir='ltr'><strong><em>χάσματα</em></strong></span> <span class='ocrx_word' id='word_1_115' title='bbox 1415 1196 1655 1265; x_wconf 84' lang='grc' dir='ltr'><strong><em>ἐχομένω</em></strong></span> <span class='ocrx_word' id='word_1_116' title='bbox 1675 1191 1842 1264; x_wconf 83' lang='grc' dir='ltr'><strong><em>ἀλλή-</em></strong></span> 
     </span>
     <span class='ocr_line' id='line_1_14' title="bbox 165 1267 1842 1345; baseline 0 -16"><span class='ocrx_word' id='word_1_117' title='bbox 165 1283 286 1329; x_wconf 89' lang='grc' dir='ltr'><strong><em>λοιν</em></strong></span> <span class='ocrx_word' id='word_1_118' title='bbox 321 1277 412 1329; x_wconf 86' lang='grc' dir='ltr'><strong><em>καὶ</em></strong></span> <span class='ocrx_word' id='word_1_119' title='bbox 446 1279 550 1328; x_wconf 81' lang='grc' dir='ltr'><strong><em>τοῦ</em></strong></span> <span class='ocrx_word' id='word_1_120' title='bbox 587 1272 838 1342; x_wconf 80' lang='grc' dir='ltr'><strong><em>οὐρανοῦ</em></strong></span> <span class='ocrx_word' id='word_1_121' title='bbox 874 1267 947 1327; x_wconf 75' lang='grc' dir='ltr'><strong><em>αὖ</em></strong></span> <span class='ocrx_word' id='word_1_122' title='bbox 978 1277 1039 1329; x_wconf 88' lang='grc' dir='ltr'><strong><em>ἐν</em></strong></span> <span class='ocrx_word' id='word_1_123' title='bbox 1069 1281 1144 1345; x_wconf 78' lang='grc' dir='ltr'><strong><em>τῷ</em></strong></span> <span class='ocrx_word' id='word_1_124' title='bbox 1167 1274 1283 1330; x_wconf 79' lang='grc' dir='ltr'><strong><em>ἄνω</em></strong></span> <span class='ocrx_word' id='word_1_125' title='bbox 1312 1273 1451 1331; x_wconf 75' lang='grc' dir='ltr'><strong><em>ἄλλα</em></strong></span> <span class='ocrx_word' id='word_1_126' title='bbox 1480 1275 1842 1343; x_wconf 85' lang='grc' dir='ltr'><strong><em>καταντικρύ·</em></strong></span> 
     </span>
     <span class='ocr_line' id='line_1_15' title="bbox 166 1353 1833 1427; baseline 0 -17"><span class='ocrx_word' id='word_1_127' title='bbox 166 1355 423 1420; x_wconf 81' lang='grc' dir='ltr'><strong><em>δικαστὰς</em></strong></span> <span class='ocrx_word' id='word_1_128' title='bbox 444 1354 503 1410; x_wconf 87' lang='grc' dir='ltr'><strong><em>δε</em></strong></span> <span class='ocrx_word' id='word_1_129' title='bbox 521 1353 720 1425; x_wconf 80' lang='grc' dir='ltr'><strong><em>μεταξύ</em></strong></span> <span class='ocrx_word' id='word_1_130' title='bbox 742 1355 957 1410; x_wconf 87' lang='grc' dir='ltr'><strong><em>τούτων</em></strong></span> <span class='ocrx_word' id='word_1_131' title='bbox 978 1362 1283 1427; x_wconf 81' lang='grc' dir='ltr'><strong><em>καθῆσθαι,</em></strong></span> <span class='ocrx_word' id='word_1_132' title='bbox 1316 1356 1433 1426; x_wconf 81' lang='grc' dir='ltr'><strong><em>οὕς,</em></strong></span> <span class='ocrx_word' id='word_1_133' title='bbox 1455 1354 1638 1427; x_wconf 83' lang='grc' dir='ltr'><strong><em>ἐπειδὴ</em></strong></span> <span class='ocrx_word' id='word_1_134' title='bbox 1665 1360 1833 1411; x_wconf 86' lang='grc' dir='ltr'><strong><em>διαδι-</em></strong></span> 
     </span>
     <span class='ocr_line' id='line_1_16' title="bbox 164 1434 1846 1508; baseline 0 -17"><span class='ocrx_word' id='word_1_135' title='bbox 164 1437 411 1506; x_wconf 77' lang='grc' dir='ltr'><strong><em>κάσειαν,</em></strong></span> <span class='ocrx_word' id='word_1_136' title='bbox 432 1436 561 1501; x_wconf 85' lang='grc' dir='ltr'><strong><em>τοὺς</em></strong></span> <span class='ocrx_word' id='word_1_137' title='bbox 592 1439 694 1507; x_wconf 79' lang='grc' dir='ltr'><strong><em>μὲν</em></strong></span> <span class='ocrx_word' id='word_1_138' title='bbox 723 1441 968 1501; x_wconf 85' lang='grc' dir='ltr'><strong><em>δικαίους</em></strong></span> <span class='ocrx_word' id='word_1_139' title='bbox 998 1437 1245 1492; x_wconf 85' lang='grc' dir='ltr'><strong><em>κελεύειν</em></strong></span> <span class='ocrx_word' id='word_1_140' title='bbox 1274 1438 1615 1508; x_wconf 88' lang='grc' dir='ltr'><strong><em>πορεύεσθαι</em></strong></span> <span class='ocrx_word' id='word_1_141' title='bbox 1638 1434 1740 1508; x_wconf 82' lang='grc' dir='ltr'><strong><em>τὴν</em></strong></span> <span class='ocrx_word' id='word_1_142' title='bbox 1773 1443 1846 1500; x_wconf 84' lang='grc' dir='ltr'><strong><em>εἰς</em></strong></span> 
     </span>
     <span class='ocr_line' id='line_1_17' title="bbox 164 1517 1843 1589; baseline -0.001 -15"><span class='ocrx_word' id='word_1_143' title='bbox 164 1519 350 1585; x_wconf 83' lang='grc' dir='ltr'><strong><em>δεξιάν</em></strong></span> <span class='ocrx_word' id='word_1_144' title='bbox 371 1541 426 1573; x_wconf 85' lang='grc' dir='ltr'><strong><em>τε</em></strong></span> <span class='ocrx_word' id='word_1_145' title='bbox 446 1521 536 1575; x_wconf 88' lang='grc' dir='ltr'><strong><em>καὶ</em></strong></span> <span class='ocrx_word' id='word_1_146' title='bbox 559 1518 677 1574; x_wconf 76' lang='grc' dir='ltr'><strong><em>ἅνω</em></strong></span> <span class='ocrx_word' id='word_1_147' title='bbox 698 1518 788 1573; x_wconf 77' lang='grc' dir='ltr'><strong><em>διοὶ</em></strong></span> <span class='ocrx_word' id='word_1_148' title='bbox 808 1525 910 1573; x_wconf 85' lang='grc' dir='ltr'><strong><em>τοῦ</em></strong></span> <span class='ocrx_word' id='word_1_149' title='bbox 941 1517 1211 1587; x_wconf 78' lang='grc' dir='ltr'><strong><em>ούρανοῦ,</em></strong></span> <span class='ocrx_word' id='word_1_150' title='bbox 1243 1531 1437 1589; x_wconf 86' lang='grc' dir='ltr'><strong><em>σημεῖα</em></strong></span> <span class='ocrx_word' id='word_1_151' title='bbox 1469 1520 1843 1589; x_wconf 77' lang='grc' dir='ltr'><strong><em>περιάψαντας</em></strong></span> 
     </span>
     <span class='ocr_line' id='line_1_18' title="bbox 161 1598 1841 1673; baseline -0.001 -17"><span class='ocrx_word' id='word_1_152' title='bbox 161 1608 275 1656; x_wconf 73' lang='grc' dir='ltr'><strong><em>τῶν</em></strong></span> <span class='ocrx_word' id='word_1_153' title='bbox 295 1603 706 1671; x_wconf 84' lang='grc' dir='ltr'><strong><em>δεδικασμένων</em></strong></span> <span class='ocrx_word' id='word_1_154' title='bbox 737 1603 797 1655; x_wconf 86' lang='grc' dir='ltr'><strong><em>ἐν</em></strong></span> <span class='ocrx_word' id='word_1_155' title='bbox 826 1607 905 1673; x_wconf 74' lang='grc' dir='ltr'><strong><em>τῷ</em></strong></span> <span class='ocrx_word' id='word_1_156' title='bbox 935 1600 1207 1669; x_wconf 79' lang='grc' dir='ltr'><strong><em>πρόσθεν,</em></strong></span> <span class='ocrx_word' id='word_1_157' title='bbox 1240 1598 1370 1664; x_wconf 77' lang='grc' dir='ltr'><strong><em>τοὺς</em></strong></span> <span class='ocrx_word' id='word_1_158' title='bbox 1400 1604 1458 1656; x_wconf 83' lang='grc' dir='ltr'><strong><em>δὲ</em></strong></span> <span class='ocrx_word' id='word_1_159' title='bbox 1484 1598 1710 1665; x_wconf 88' lang='grc' dir='ltr'><strong><em>ἀδίκους</em></strong></span> <span class='ocrx_word' id='word_1_160' title='bbox 1740 1600 1841 1671; x_wconf 79' lang='grc' dir='ltr'><strong><em>τὴν</em></strong></span> 
     </span>
     <span class='ocr_line' id='line_1_19' title="bbox 162 1680 1842 1755; baseline -0.002 -17"><span class='ocrx_word' id='word_1_161' title='bbox 162 1687 238 1749; x_wconf 79' lang='grc' dir='ltr'><strong><em>εἰς</em></strong></span> <span class='ocrx_word' id='word_1_162' title='bbox 257 1680 553 1755; x_wconf 80' lang='grc' dir='ltr'><strong><em>ἀριστεράν</em></strong></span> <span class='ocrx_word' id='word_1_163' title='bbox 571 1704 629 1739; x_wconf 92' lang='grc' dir='ltr'><strong><em>τε</em></strong></span> <span class='ocrx_word' id='word_1_164' title='bbox 647 1684 738 1737; x_wconf 83' lang='grc' dir='ltr'><strong><em>καὶ</em></strong></span> <span class='ocrx_word' id='word_1_165' title='bbox 758 1682 924 1750; x_wconf 82' lang='grc' dir='ltr'><strong><em>κάτω,</em></strong></span> <span class='ocrx_word' id='word_1_166' title='bbox 943 1687 1162 1752; x_wconf 82' lang='grc' dir='ltr'><strong><em>ἔχοντας</em></strong></span> <span class='ocrx_word' id='word_1_167' title='bbox 1181 1685 1272 1739; x_wconf 83' lang='grc' dir='ltr'><strong><em>καὶ</em></strong></span> <span class='ocrx_word' id='word_1_168' title='bbox 1293 1682 1524 1748; x_wconf 84' lang='grc' dir='ltr'><strong><em>τούτους</em></strong></span> <span class='ocrx_word' id='word_1_169' title='bbox 1543 1686 1603 1739; x_wconf 86' lang='grc' dir='ltr'><strong><em>ἐν</em></strong></span> <span class='ocrx_word' id='word_1_170' title='bbox 1622 1690 1699 1755; x_wconf 75' lang='grc' dir='ltr'><strong><em>τῷ</em></strong></span> <span class='ocrx_word' id='word_1_171' title='bbox 1718 1680 1842 1738; x_wconf 78' lang='grc' dir='ltr'><strong><em>ὄπι-</em></strong></span> 
     </span>
    </p>

    <p class='ocr_par' dir='ltr' id='par_1_5' title="bbox 95 1757 1843 2407">
     <span class='ocr_line' id='line_1_20' title="bbox 95 1757 1843 1836; baseline -0.001 -16"><span class='ocrx_word' id='word_1_172' title='bbox 95 1779 130 1820; x_wconf 91' lang='lat' dir='ltr'>D</span> <span class='ocrx_word' id='word_1_173' title='bbox 163 1773 306 1820; x_wconf 88' lang='grc' dir='ltr'><strong><em>σθεν</em></strong></span> <span class='ocrx_word' id='word_1_174' title='bbox 324 1777 518 1836; x_wconf 90' lang='grc' dir='ltr'><strong><em>σημεῖα</em></strong></span> <span class='ocrx_word' id='word_1_175' title='bbox 539 1765 766 1820; x_wconf 82' lang='grc' dir='ltr'><strong><em>πάντων</em></strong></span> <span class='ocrx_word' id='word_1_176' title='bbox 787 1757 868 1820; x_wconf 73' lang='grc' dir='ltr'><strong><em>ὦν</em></strong></span> <span class='ocrx_word' id='word_1_177' title='bbox 888 1769 1142 1835; x_wconf 84' lang='grc' dir='ltr'><strong><em>ἔπραξαν.</em></strong></span> <span class='ocrx_word' id='word_1_178' title='bbox 1181 1765 1382 1820; x_wconf 81' lang='grc' dir='ltr'><strong><em>ἑαυτοῦ</em></strong></span> <span class='ocrx_word' id='word_1_179' title='bbox 1405 1765 1463 1819; x_wconf 75' lang='grc' dir='ltr'><strong><em>δὲ</em></strong></span> <span class='ocrx_word' id='word_1_180' title='bbox 1492 1763 1843 1835; x_wconf 80' lang='grc' dir='ltr'><strong><em>προσελθόν-</em></strong></span> 
     </span>
     <span class='ocr_line' id='line_1_21' title="bbox 160 1843 1842 1918; baseline -0.001 -17"><span class='ocrx_word' id='word_1_181' title='bbox 160 1868 251 1911; x_wconf 85' lang='grc' dir='ltr'><strong><em>τος</em></strong></span> <span class='ocrx_word' id='word_1_182' title='bbox 282 1851 470 1917; x_wconf 83' lang='grc' dir='ltr'><strong><em>εἰπεῖν,</em></strong></span> <span class='ocrx_word' id='word_1_183' title='bbox 506 1846 588 1902; x_wconf 79' lang='grc' dir='ltr'><strong><em>ὅτι</em></strong></span> <span class='ocrx_word' id='word_1_184' title='bbox 618 1849 731 1902; x_wconf 85' lang='grc' dir='ltr'><strong><em>δέοι</em></strong></span> <span class='ocrx_word' id='word_1_185' title='bbox 760 1843 935 1902; x_wconf 77' lang='grc' dir='ltr'><strong><em>αὐτὸν</em></strong></span> <span class='ocrx_word' id='word_1_186' title='bbox 964 1845 1199 1917; x_wconf 76' lang='grc' dir='ltr'><strong><em>ἄγγελον</em></strong></span> <span class='ocrx_word' id='word_1_187' title='bbox 1228 1845 1552 1918; x_wconf 78' lang='grc' dir='ltr'><strong><em>ἀνθρώποις</em></strong></span> <span class='ocrx_word' id='word_1_188' title='bbox 1579 1849 1842 1917; x_wconf 86' lang='grc' dir='ltr'><strong><em>γενέσθαι</em></strong></span> 
     </span>
     <span class='ocr_line' id='line_1_22' title="bbox 159 1929 1841 1986; baseline -0.002 -2"><span class='ocrx_word' id='word_1_189' title='bbox 159 1952 273 1986; x_wconf 86' lang='grc' dir='ltr'><strong><em>των</em></strong></span> <span class='ocrx_word' id='word_1_190' title='bbox 309 1933 425 1986; x_wconf 87' lang='grc' dir='ltr'><strong><em>ἐκεῖ</em></strong></span> <span class='ocrx_word' id='word_1_191' title='bbox 452 1932 543 1985; x_wconf 84' lang='grc' dir='ltr'><strong><em>καὶ</em></strong></span> <span class='ocrx_word' id='word_1_192' title='bbox 582 1929 988 1985; x_wconf 85' lang='grc' dir='ltr'><strong><em>διακελεύοιντό</em></strong></span> <span class='ocrx_word' id='word_1_193' title='bbox 1026 1934 1084 1985; x_wconf 77' lang='lat'><strong><em>015</em></strong></span> <span class='ocrx_word' id='word_1_194' title='bbox 1117 1929 1345 1984; x_wconf 83' lang='grc' dir='ltr'><strong><em>ἀκούειν</em></strong></span> <span class='ocrx_word' id='word_1_195' title='bbox 1383 1950 1440 1984; x_wconf 90' lang='grc' dir='ltr'><strong><em>τε</em></strong></span> <span class='ocrx_word' id='word_1_196' title='bbox 1475 1931 1567 1984; x_wconf 83' lang='grc' dir='ltr'><strong><em>καὶ</em></strong></span> <span class='ocrx_word' id='word_1_197' title='bbox 1594 1933 1841 1983; x_wconf 75' lang='grc' dir='ltr'><strong><em>θεᾶσθαι</em></strong></span> 
     </span>
     <span class='ocr_line' id='line_1_23' title="bbox 159 2008 1838 2108; baseline -0.002 -42"><span class='ocrx_word' id='word_1_198' title='bbox 159 2011 340 2067; x_wconf 80' lang='grc' dir='ltr'><strong><em>πάντα</em></strong></span> <span class='ocrx_word' id='word_1_199' title='bbox 358 2011 423 2066; x_wconf 79' lang='grc' dir='ltr'><strong><em>τὰ</em></strong></span> <span class='ocrx_word' id='word_1_200' title='bbox 446 2015 506 2066; x_wconf 87' lang='grc' dir='ltr'><strong><em>ἐν</em></strong></span> <span class='ocrx_word' id='word_1_201' title='bbox 526 2033 601 2067; x_wconf 89' lang='grc' dir='ltr'><strong><em>τω</em></strong></span> <span class='ocrx_word' id='word_1_202' title='bbox 623 2012 787 2085; x_wconf 76' lang='grc' dir='ltr'><strong><em>τόπῳ.</em></strong></span> <span class='ocrx_word' id='word_1_203' title='bbox 839 2010 979 2084; x_wconf 80' lang='grc' dir='ltr'><strong><em>ὁρᾷν</em></strong></span> <span class='ocrx_word' id='word_1_204' title='bbox 1014 2010 1080 2082; x_wconf 87' lang='grc' dir='ltr'><strong><em>δὴ</em></strong></span> <span class='ocrx_word' id='word_1_205' title='bbox 1102 2012 1272 2108; x_wconf 83' lang='grc' dir='ltr'><strong><em>ταύτῃ</em></strong></span> <span class='ocrx_word' id='word_1_206' title='bbox 1293 2033 1393 2081; x_wconf 91' lang='grc' dir='ltr'><strong><em>μεν</em></strong></span> <span class='ocrx_word' id='word_1_207' title='bbox 1414 2009 1548 2065; x_wconf 86' lang='grc' dir='ltr'><strong><em>καθ’</em></strong></span> <span class='ocrx_word' id='word_1_208' title='bbox 1579 2008 1838 2078; x_wconf 84' lang='grc' dir='ltr'><strong><em>ἐκάτερον</em></strong></span> 
     </span>
     <span class='ocr_line' id='line_1_24' title="bbox 158 2087 1835 2164; baseline -0.002 -17"><span class='ocrx_word' id='word_1_209' title='bbox 158 2091 218 2148; x_wconf 85' lang='grc' dir='ltr'><strong><em>τὸ</em></strong></span> <span class='ocrx_word' id='word_1_210' title='bbox 239 2092 422 2164; x_wconf 79' lang='grc' dir='ltr'><strong><em>χάσμα</em></strong></span> <span class='ocrx_word' id='word_1_211' title='bbox 440 2100 543 2148; x_wconf 83' lang='grc' dir='ltr'><strong><em>τοῦ</em></strong></span> <span class='ocrx_word' id='word_1_212' title='bbox 561 2091 812 2164; x_wconf 82' lang='grc' dir='ltr'><strong><em>οὐρανοῦ</em></strong></span> <span class='ocrx_word' id='word_1_213' title='bbox 829 2114 887 2147; x_wconf 89' lang='grc' dir='ltr'><strong><em>τε</em></strong></span> <span class='ocrx_word' id='word_1_214' title='bbox 907 2094 998 2148; x_wconf 86' lang='grc' dir='ltr'><strong><em>καὶ</em></strong></span> <span class='ocrx_word' id='word_1_215' title='bbox 1017 2100 1113 2162; x_wconf 82' lang='grc' dir='ltr'><strong><em>τῆς</em></strong></span> <span class='ocrx_word' id='word_1_216' title='bbox 1125 2114 1226 2162; x_wconf 85' lang='grc' dir='ltr'><strong><em>γης</em></strong></span> <span class='ocrx_word' id='word_1_217' title='bbox 1237 2090 1506 2155; x_wconf 87' lang='grc' dir='ltr'><strong><em>απιουσας</em></strong></span> <span class='ocrx_word' id='word_1_218' title='bbox 1525 2087 1621 2153; x_wconf 74' lang='grc' dir='ltr'><strong><em>τὰς</em></strong></span> <span class='ocrx_word' id='word_1_219' title='bbox 1641 2090 1835 2160; x_wconf 76' lang='grc' dir='ltr'><strong><em>ψυχάς,</em></strong></span> 
     </span>
     <span class='ocr_line' id='line_1_25' title="bbox 155 2173 1836 2245; baseline -0.003 -16"><span class='ocrx_word' id='word_1_220' title='bbox 155 2175 339 2245; x_wconf 85' lang='grc' dir='ltr'><strong><em>ἐπειδὴ</em></strong></span> <span class='ocrx_word' id='word_1_221' title='bbox 382 2173 572 2239; x_wconf 85' lang='grc' dir='ltr'><strong><em>αὐταῖς</em></strong></span> <span class='ocrx_word' id='word_1_222' title='bbox 610 2179 918 2244; x_wconf 83' lang='grc' dir='ltr'><strong><em>δικασθείη,</em></strong></span> <span class='ocrx_word' id='word_1_223' title='bbox 949 2195 1087 2229; x_wconf 89' lang='grc' dir='ltr'><strong><em>κατα</em></strong></span> <span class='ocrx_word' id='word_1_224' title='bbox 1126 2174 1185 2228; x_wconf 78' lang='grc' dir='ltr'><strong><em>δὲ</em></strong></span> <span class='ocrx_word' id='word_1_225' title='bbox 1211 2195 1285 2227; x_wconf 88' lang='grc' dir='ltr'><strong><em>τω</em></strong></span> <span class='ocrx_word' id='word_1_226' title='bbox 1317 2174 1480 2240; x_wconf 83' lang='grc' dir='ltr'><strong><em>ἑτέρω</em></strong></span> <span class='ocrx_word' id='word_1_227' title='bbox 1512 2174 1569 2226; x_wconf 88' lang='grc' dir='ltr'><strong><em>ἐκ</em></strong></span> <span class='ocrx_word' id='word_1_228' title='bbox 1600 2193 1701 2241; x_wconf 90' lang='grc' dir='ltr'><strong><em>μεν</em></strong></span> <span class='ocrx_word' id='word_1_229' title='bbox 1737 2178 1836 2225; x_wconf 80' lang='grc' dir='ltr'><strong><em>τοῦ</em></strong></span> 
     </span>
     <span class='ocr_line' id='line_1_26' title="bbox 155 2252 1836 2325; baseline -0.002 -15"><span class='ocrx_word' id='word_1_230' title='bbox 155 2254 370 2310; x_wconf 86' lang='grc' dir='ltr'><strong><em>ἀνιέναι</em></strong></span> <span class='ocrx_word' id='word_1_231' title='bbox 404 2257 464 2310; x_wconf 90' lang='grc' dir='ltr'><strong><em>ἐκ</em></strong></span> <span class='ocrx_word' id='word_1_232' title='bbox 498 2262 595 2325; x_wconf 82' lang='grc' dir='ltr'><strong><em>τῆς</em></strong></span> <span class='ocrx_word' id='word_1_233' title='bbox 620 2262 720 2325; x_wconf 81' lang='grc' dir='ltr'><strong><em>γῆς</em></strong></span> <span class='ocrx_word' id='word_1_234' title='bbox 748 2253 947 2324; x_wconf 82' lang='grc' dir='ltr'><strong><em>μεστὰς</em></strong></span> <span class='ocrx_word' id='word_1_235' title='bbox 984 2252 1201 2325; x_wconf 80' lang='grc' dir='ltr'><strong><em>αὐχμοῦ</em></strong></span> <span class='ocrx_word' id='word_1_236' title='bbox 1225 2275 1281 2309; x_wconf 87' lang='grc' dir='ltr'><strong><em>τε</em></strong></span> <span class='ocrx_word' id='word_1_237' title='bbox 1309 2257 1399 2309; x_wconf 80' lang='grc' dir='ltr'><strong><em>καὶ</em></strong></span> <span class='ocrx_word' id='word_1_238' title='bbox 1436 2253 1663 2322; x_wconf 85' lang='grc' dir='ltr'><strong><em>κόνεως,</em></strong></span> <span class='ocrx_word' id='word_1_239' title='bbox 1685 2255 1745 2308; x_wconf 91' lang='grc' dir='ltr'><strong><em>ἐκ</em></strong></span> <span class='ocrx_word' id='word_1_240' title='bbox 1779 2252 1836 2307; x_wconf 75' lang='grc' dir='ltr'><strong><em>δὲ</em></strong></span> 
     </span>
     <span class='ocr_line' id='line_1_27' title="bbox 154 2333 1832 2434; baseline -0.002 -43"><span class='ocrx_word' id='word_1_241' title='bbox 154 2343 256 2392; x_wconf 85' lang='grc' dir='ltr'><strong><em>τοῦ</em></strong></span> <span class='ocrx_word' id='word_1_242' title='bbox 275 2337 464 2407; x_wconf 82' lang='grc' dir='ltr'><strong><em>ἑτέρου</em></strong></span> <span class='ocrx_word' id='word_1_243' title='bbox 484 2342 836 2407; x_wconf 87' lang='grc' dir='ltr'><strong><em>καταβαίνειν</em></strong></span> <span class='ocrx_word' id='word_1_244' title='bbox 857 2337 1039 2434; x_wconf 76' lang='grc' dir='ltr'><strong><em>ἑτέρας</em></strong></span> <span class='ocrx_word' id='word_1_245' title='bbox 1059 2339 1117 2391; x_wconf 89' lang='grc' dir='ltr'><strong><em>ἐκ</em></strong></span> <span class='ocrx_word' id='word_1_246' title='bbox 1149 2341 1253 2391; x_wconf 82' lang='grc' dir='ltr'><strong><em>τοῦ</em></strong></span> <span class='ocrx_word' id='word_1_247' title='bbox 1286 2333 1534 2404; x_wconf 81' lang='grc' dir='ltr'><strong><em>οὐρανοῦ</em></strong></span> <span class='ocrx_word' id='word_1_248' title='bbox 1557 2334 1832 2402; x_wconf 69' lang='grc' dir='ltr'><strong><em>καθαράς</em></strong></span> 
     </span>
    </p>

    <p class='ocr_par' dir='ltr' id='par_1_6' title="bbox 92 2415 1837 2896">
     <span class='ocr_line' id='line_1_28' title="bbox 92 2415 1822 2515; baseline -0.003 -42"><span class='ocrx_word' id='word_1_249' title='bbox 92 2438 127 2478; x_wconf 81' lang='grc' dir='ltr'><strong>Ε</strong></span> <span class='ocrx_word' id='word_1_250' title='bbox 156 2419 247 2474; x_wconf 88' lang='grc' dir='ltr'><strong><em>καὶ</em></strong></span> <span class='ocrx_word' id='word_1_251' title='bbox 270 2439 366 2483; x_wconf 89' lang='grc' dir='ltr'><strong><em>τας</em></strong></span> <span class='ocrx_word' id='word_1_252' title='bbox 385 2418 467 2473; x_wconf 83' lang='grc' dir='ltr'><strong><em>ἀεὶ</em></strong></span> <span class='ocrx_word' id='word_1_253' title='bbox 487 2416 900 2488; x_wconf 87' lang='grc' dir='ltr'><strong><em>ἀφικνουμένας</em></strong></span> <span class='ocrx_word' id='word_1_254' title='bbox 923 2415 1106 2515; x_wconf 80' lang='grc' dir='ltr'><strong><em>ω’σπερ</em></strong></span> <span class='ocrx_word' id='word_1_255' title='bbox 1127 2420 1187 2473; x_wconf 90' lang='grc' dir='ltr'><strong><em>ἐκ</em></strong></span> <span class='ocrx_word' id='word_1_256' title='bbox 1216 2419 1422 2488; x_wconf 80' lang='grc' dir='ltr'><strong><em>πολλῆς</em></strong></span> <span class='ocrx_word' id='word_1_257' title='bbox 1451 2421 1674 2486; x_wconf 86' lang='grc' dir='ltr'><strong><em>πορείας</em></strong></span> <span class='ocrx_word' id='word_1_258' title='bbox 1704 2420 1822 2485; x_wconf 88' lang='grc' dir='ltr'><strong><em>φαί-</em></strong></span> 
     </span>
     <span class='ocr_line' id='line_1_29' title="bbox 155 2492 1836 2572; baseline -0.004 -16"><span class='ocrx_word' id='word_1_259' title='bbox 155 2508 356 2556; x_wconf 90' lang='grc' dir='ltr'><strong><em>νεσθαι</em></strong></span> <span class='ocrx_word' id='word_1_260' title='bbox 373 2498 548 2572; x_wconf 82' lang='grc' dir='ltr'><strong><em>ἥκειν,</em></strong></span> <span class='ocrx_word' id='word_1_261' title='bbox 579 2501 670 2555; x_wconf 84' lang='grc' dir='ltr'><strong><em>καὶ</em></strong></span> <span class='ocrx_word' id='word_1_262' title='bbox 694 2498 934 2569; x_wconf 88' lang='grc' dir='ltr'><strong><em>ἀσμένας</em></strong></span> <span class='ocrx_word' id='word_1_263' title='bbox 953 2504 1028 2564; x_wconf 81' lang='grc' dir='ltr'><strong><em>εἰς</em></strong></span> <span class='ocrx_word' id='word_1_264' title='bbox 1046 2497 1145 2554; x_wconf 85' lang='grc' dir='ltr'><strong><em>τὸν</em></strong></span> <span class='ocrx_word' id='word_1_265' title='bbox 1167 2505 1406 2569; x_wconf 79' lang='grc' dir='ltr'><strong><em>λειμῶνα</em></strong></span> <span class='ocrx_word' id='word_1_266' title='bbox 1427 2496 1698 2561; x_wconf 86' lang='grc' dir='ltr'><strong><em>ἀπιούσας</em></strong></span> <span class='ocrx_word' id='word_1_267' title='bbox 1718 2492 1836 2551; x_wconf 82' lang='grc' dir='ltr'><strong><em>οἷον</em></strong></span> 
     </span>
     <span class='ocr_line' id='line_1_30' title="bbox 157 2576 1837 2651; baseline -0.002 -17"><span class='ocrx_word' id='word_1_268' title='bbox 157 2584 217 2636; x_wconf 85' lang='grc' dir='ltr'><strong><em>ἐν</em></strong></span> <span class='ocrx_word' id='word_1_269' title='bbox 246 2580 553 2651; x_wconf 78' lang='grc' dir='ltr'><strong><em>πανηγύρει</em></strong></span> <span class='ocrx_word' id='word_1_270' title='bbox 581 2586 1054 2651; x_wconf 83' lang='grc' dir='ltr'><strong><em>κατασκηνᾶσθαι,</em></strong></span> <span class='ocrx_word' id='word_1_271' title='bbox 1086 2583 1177 2635; x_wconf 86' lang='grc' dir='ltr'><strong><em>καὶ</em></strong></span> <span class='ocrx_word' id='word_1_272' title='bbox 1209 2578 1559 2645; x_wconf 79' lang='grc' dir='ltr'><strong><em>ἀσπάζεσθαί</em></strong></span> <span class='ocrx_word' id='word_1_273' title='bbox 1581 2599 1638 2633; x_wconf 90' lang='grc' dir='ltr'><strong><em>τε</em></strong></span> <span class='ocrx_word' id='word_1_274' title='bbox 1668 2576 1837 2645; x_wconf 78' lang='grc' dir='ltr'><strong><em>ἀλλή-</em></strong></span> 
     </span>
     <span class='ocr_line' id='line_1_31' title="bbox 157 2660 1835 2733; baseline -0.002 -17"><span class='ocrx_word' id='word_1_275' title='bbox 157 2668 254 2725; x_wconf 88' lang='grc' dir='ltr'><strong><em>λας</em></strong></span> <span class='ocrx_word' id='word_1_276' title='bbox 285 2661 412 2717; x_wconf 83' lang='grc' dir='ltr'><strong><em>ὅσαι</em></strong></span> <span class='ocrx_word' id='word_1_277' title='bbox 445 2662 737 2733; x_wconf 78' lang='grc' dir='ltr'><strong><em>γνώριμαι,</em></strong></span> <span class='ocrx_word' id='word_1_278' title='bbox 776 2663 867 2717; x_wconf 85' lang='grc' dir='ltr'><strong><em>καὶ</em></strong></span> <span class='ocrx_word' id='word_1_279' title='bbox 903 2661 1302 2716; x_wconf 82' lang='grc' dir='ltr'><strong><em>πυνθάνεσθαι</em></strong></span> <span class='ocrx_word' id='word_1_280' title='bbox 1326 2660 1424 2725; x_wconf 85' lang='grc' dir='ltr'><strong><em>τάς</em></strong></span> <span class='ocrx_word' id='word_1_281' title='bbox 1450 2681 1508 2714; x_wconf 86' lang='grc' dir='ltr'><strong><em>τε</em></strong></span> <span class='ocrx_word' id='word_1_282' title='bbox 1535 2661 1594 2713; x_wconf 88' lang='grc' dir='ltr'><strong><em>ἐκ</em></strong></span> <span class='ocrx_word' id='word_1_283' title='bbox 1623 2663 1717 2727; x_wconf 82' lang='grc' dir='ltr'><strong><em>τῆς</em></strong></span> <span class='ocrx_word' id='word_1_284' title='bbox 1735 2662 1835 2726; x_wconf 82' lang='grc' dir='ltr'><strong><em>γῆς</em></strong></span> 
     </span>
     <span class='ocr_line' id='line_1_32' title="bbox 154 2735 1833 2814; baseline -0.004 -17"><span class='ocrx_word' id='word_1_285' title='bbox 154 2741 397 2813; x_wconf 74' lang='grc' dir='ltr'><strong><em>’ἡκούσας</em></strong></span> <span class='ocrx_word' id='word_1_286' title='bbox 415 2743 564 2814; x_wconf 80' lang='grc' dir='ltr'><strong><em>παρὰ</em></strong></span> <span class='ocrx_word' id='word_1_287' title='bbox 583 2751 696 2801; x_wconf 77' lang='grc' dir='ltr'><strong><em>τῶν</em></strong></span> <span class='ocrx_word' id='word_1_288' title='bbox 723 2746 924 2813; x_wconf 83' lang='grc' dir='ltr'><strong><em>ἑτέρων</em></strong></span> <span class='ocrx_word' id='word_1_289' title='bbox 946 2743 1011 2799; x_wconf 76' lang='grc' dir='ltr'><strong><em>τὰ</em></strong></span> <span class='ocrx_word' id='word_1_290' title='bbox 1032 2747 1147 2800; x_wconf 86' lang='grc' dir='ltr'><strong><em>ἐκεῖ</em></strong></span> <span class='ocrx_word' id='word_1_291' title='bbox 1160 2746 1250 2799; x_wconf 87' lang='grc' dir='ltr'><strong><em>καὶ</em></strong></span> <span class='ocrx_word' id='word_1_292' title='bbox 1267 2743 1364 2807; x_wconf 81' lang='grc' dir='ltr'><strong><em>τὰς</em></strong></span> <span class='ocrx_word' id='word_1_293' title='bbox 1383 2744 1444 2797; x_wconf 86' lang='grc' dir='ltr'><strong><em>ἐκ</em></strong></span> <span class='ocrx_word' id='word_1_294' title='bbox 1461 2746 1565 2795; x_wconf 84' lang='grc' dir='ltr'><strong><em>τοῦ</em></strong></span> <span class='ocrx_word' id='word_1_295' title='bbox 1583 2735 1833 2805; x_wconf 81' lang='grc' dir='ltr'><strong><em>ούρανοῦ</em></strong></span> 
     </span>
     <span class='ocr_line' id='line_1_33' title="bbox 153 2816 1831 2896; baseline -0.001 -19"><span class='ocrx_word' id='word_1_296' title='bbox 153 2822 219 2877; x_wconf 70' lang='grc' dir='ltr'><strong><em>τοὶ</em></strong></span> <span class='ocrx_word' id='word_1_297' title='bbox 255 2823 383 2891; x_wconf 87' lang='grc' dir='ltr'><strong><em>παρ’</em></strong></span> <span class='ocrx_word' id='word_1_298' title='bbox 433 2827 682 2896; x_wconf 86' lang='grc' dir='ltr'><strong><em>ἐκείναις,</em></strong></span> <span class='ocrx_word' id='word_1_299' title='bbox 720 2830 1031 2896; x_wconf 82' lang='grc' dir='ltr'><strong><em>διηγεῖσθαι</em></strong></span> <span class='ocrx_word' id='word_1_300' title='bbox 1061 2826 1120 2880; x_wconf 75' lang='grc' dir='ltr'><strong><em>δὲ</em></strong></span> <span class='ocrx_word' id='word_1_301' title='bbox 1151 2823 1412 2893; x_wconf 83' lang='grc' dir='ltr'><strong><em>ἀλλήλαις</em></strong></span> <span class='ocrx_word' id='word_1_302' title='bbox 1439 2819 1536 2885; x_wconf 79' lang='grc' dir='ltr'><strong><em>τὰς</em></strong></span> <span class='ocrx_word' id='word_1_303' title='bbox 1564 2821 1665 2891; x_wconf 77' lang='grc' dir='ltr'><strong><em>μὲν</em></strong></span> <span class='ocrx_word' id='word_1_304' title='bbox 1700 2816 1831 2875; x_wconf 81' lang='grc' dir='ltr'><strong><em>ὀδυ-</em></strong></span> 
     </span>
    </p>
   </div>
  </div>
 </body>
</html>
