1962 3236
201 156 303 208 418
745 157 1059 204 ΤΙΜΑΙΩ
1095 156 1374 205 ΛΟΚΡῼ
1803 170 1888 213 100

202 294 539 362 διαδιδῶται,
569 290 804 345 θνάσκει
841 285 901 343 τὸ
935 292 1088 353 ζῶον.
1122 291 1319 344 πολλαὶ
1350 290 1407 345 δὲ
1435 297 1598 362 κᾶρες
1627 297 1764 359 ζωᾶς
1795 298 1885 351 καὶ

199 372 456 428 θανάτου
482 376 664 440 αἰτίαι,
689 373 750 424 ἓν
771 367 821 424 δ’
848 361 926 423 οἷν
944 371 1102 437 γένος
1127 369 1291 433 νόσος
1311 368 1681 442 ὀνυμαίνεται.
1703 375 1888 432 νόσων

200 453 252 510 δ’
289 452 450 525 ἀρχαὶ
479 455 580 523 μὲν
608 455 668 507 αἱ
695 458 798 506 τοῖν
835 450 1062 521 πράτων
1094 454 1381 521 δυναμίων
1411 450 1789 527 άσυμμετρίαι,
1832 466 1895 514 αἴ

136 545 168 586 C
200 559 270 592 κα
290 535 642 600 πλεονάζοιεν
670 532 705 603 ἢ
733 535 1034 588 ἐλλείποιεν
1053 533 1140 587 ταὶ
1169 530 1342 589 ἁπλαῖ
1365 535 1644 608 δυνάμιες,
1675 539 1888 611 θερμό-

199 641 294 683 τας
312 615 347 688 ἢ
368 616 647 688 ψυχρότας
666 613 702 686 ἢ
733 612 969 685 ὑγρότας
991 610 1027 684 ἢ
1059 615 1313 685 ξηρότας·
1350 615 1484 687 μετὰ
1517 621 1576 673 δὲ
1603 619 1804 684 ταύτας
1834 624 1895 675 αἱ

200 723 275 755 τω
307 702 533 767 αίματος
570 699 769 769 τροπαὶ
798 698 888 753 καὶ
918 694 1239 762 άλλοιοόσιες
1267 700 1327 754 ἐκ
1362 703 1676 772 διαφθορᾶς
1713 704 1803 757 καὶ
1835 706 1895 757 αἱ

200 789 297 846 τοῖς
317 777 523 851 σαρκὸς
550 781 854 851 τακομένας
877 779 1162 850 κακώσιες,
1185 784 1243 835 αἰ
1262 780 1461 847 καττάς
1477 783 1782 855 μεταβολὰς
1802 785 1888 840 ἐπὶ

199 865 260 924 τὸ
282 867 382 933 ὀξὺ
400 862 438 938 ἢ
459 864 711 937 ἁλμυρὸν
729 862 767 935 ἢ
787 862 952 935 δριμὺ
972 866 1170 933 τροπαὶ
1200 867 1424 935 αἵματος
1443 862 1479 936 ἦ
1500 864 1703 935 σαρκὸς
1727 888 1889 922 τακε-

202 951 362 1015 δόνες
391 951 658 1021 γένοιντο.
709 953 874 1018 χολᾶς
910 943 1018 1017 γὰρ
1059 947 1145 1000 ταὶ
1187 949 1426 1015 γενέσιες
1463 949 1555 1003 καὶ
1583 954 1890 1019 φλέγματος

200 1035 453 1101 ἐνθένδε,
470 1032 633 1102 χυμοὶ
652 1027 922 1092 νοσώδεες
943 1029 1036 1083 καὶ
1054 1025 1246 1098 ὑγρῶν
1274 1028 1485 1098 σάψιες,
1517 1029 1767 1101 οἳφαυραὶ
1786 1030 1888 1100 μὲν

140 1124 175 1166 D
203 1117 263 1169 αἱ
278 1113 351 1185 μὴ
374 1116 434 1168 ἐν
452 1112 639 1184 βάθει,
662 1111 891 1182 χαλεπαὶ
911 1109 964 1165 δ’
985 1102 1066 1165 ὦν
1084 1108 1242 1183 α’ρχαὶ
1259 1117 1568 1180 γεννῶνται
1588 1114 1642 1177 ἐξ
1662 1111 1889 1181 ὀστέων,

203 1195 427 1267 ἄνιαραὶ
457 1195 516 1250 δὲ
554 1198 611 1250 ἐκ
639 1198 852 1264 μυελοῦ
879 1191 1254 1262 ἐξαπτόμεναι.
1301 1197 1584 1248 τελευταία
1615 1194 1675 1247 δὲ
1702 1192 1885 1247 νόσων

205 1283 319 1337 ε’ντὶ
339 1285 575 1350 πνεῦμα,
603 1278 756 1348 χολά,
780 1281 996 1380 φλέγμα
1021 1275 1296 1347 αὐξόμενα
1313 1279 1404 1332 καὶ
1425 1279 1620 1348 ῥέοντα
1640 1281 1693 1343 ές
1709 1278 1890 1348 χώρας

204 1362 496 1432 αλλοτρίας
515 1357 552 1431 ἢ
571 1360 752 1424 τόπως
771 1362 1098 1429 ἐπικαιρίως.
1131 1359 1266 1413 τόκα
1286 1359 1391 1428 γάρ
1413 1357 1892 1429 άντικαταλαμβά-

203 1467 375 1502 νοντα
393 1466 498 1499 ταν
514 1449 627 1499 τῶν
646 1441 942 1513 καρρόνων
968 1440 1158 1511 χώραν
1181 1442 1271 1496 καὶ
1294 1438 1646 1496 άπελάσαντα
1667 1462 1732 1496 τα
1753 1457 1892 1510 συγ-

202 1529 385 1598 γενέα,
408 1524 657 1595 ἱδρύεται
684 1528 965 1579 κακοῦντα
989 1520 1055 1576 τὰ
1088 1523 1313 1592 σώματα
1345 1523 1437 1578 καὶ
1466 1525 1519 1587 ἐς
1548 1519 1689 1577 αὐτὰ
1719 1528 1890 1576 ταῦτα

204 1607 535 1664 ἀναλύοντα.

343 1694 447 1744 XV.
495 1690 605 1744 Καὶ
648 1685 899 1758 σώματος
946 1687 1046 1756 μὲν
1084 1685 1270 1741 πάθεα
1305 1686 1453 1757 τάδε,
1493 1686 1585 1741 καὶ
1623 1687 1681 1741 ἐκ
1716 1688 1892 1740 τῶνδε

206 1774 387 1840 ψυχᾶς
404 1767 562 1824 νόσοι
583 1769 693 1823 ἐντὶ
712 1771 926 1836 πολλαί,
954 1765 1115 1822 ἄλλαι
1142 1765 1196 1822 δ’
1230 1766 1416 1822 ἄλλων
1446 1769 1731 1836 δυναμίων
1761 1767 1889 1835 ἐντί,

140 1869 175 1910 E
209 1856 535 1923 αἰσθητικᾶς
553 1853 654 1921 μὲν
676 1853 1067 1920 δυσαισθησία,
1089 1855 1434 1920 μναμονικοῖς
1453 1847 1512 1904 δὲ
1529 1846 1700 1916 λάθα,
1718 1843 1893 1919 ὁρμη-

206 1940 358 1998 τικᾶς
379 1934 437 1988 δὲ
458 1931 712 2003 άνορεξία
732 1934 823 1987 καὶ
842 1929 1163 2002 άπροπετία,
1186 1935 1497 2002 παθητικάς
1516 1932 1576 1985 δὲ
1595 1928 1761 2000 ἄγρια
1782 1926 1891 1982 πά-

206 2014 314 2070 θεά
331 2036 389 2069 τε
409 2015 500 2069 καὶ
520 2013 721 2069 λύσσαι
741 2013 1078 2084 οἰστρώδεες,
1100 2018 1324 2082 λογικᾶς
1354 2011 1414 2067 δὲ
1440 2009 1652 2080 άμαθία
1680 2011 1770 2063 καὶ
1799 2010 1891 2062 ε’κ-

208 2097 484 2168 φροσύνα.
523 2094 684 2167 άρχαὶ
705 2095 764 2151 δὲ
792 2101 985 2160 κακίας
1002 2094 1198 2150 ἁδοναὶ
1215 2095 1306 2149 καὶ
1326 2099 1495 2148 λῦπαι
1523 2094 1813 2162 ἐπιθυμίαι
1831 2111 1890 2144 τε

205 2182 297 2234 καὶ
318 2176 504 2248 φόβοι,
527 2179 820 2247 ἐξαμμέναι
850 2178 951 2247 μὲν
979 2178 1039 2231 ἐκ
1066 2175 1330 2246 σώματος,
1359 2171 1801 2244 ἀνακεκραμέναι
1831 2170 1889 2226 δὲ

205 2265 273 2333 τᾷ
303 2265 472 2331 ψυχᾷ,
494 2260 584 2313 καὶ
616 2258 1070 2328 ἐξαγγελλόμεναι
1102 2254 1337 2327 ὀνόμασι
1365 2259 1656 2319 ποικίλοις·
1696 2257 1891 2325 ἔρωτες

205 2339 314 2412 γάρ
339 2342 430 2396 καὶ
467 2338 639 2395 πόθοι
675 2342 858 2410 ἵμεροί
886 2361 943 2394 τε
981 2343 1198 2395 ἔκλυτοι
1233 2336 1399 2409 ὀργαί
1421 2358 1479 2392 τε
1510 2337 1772 2392 σύντονοι
1800 2336 1891 2391 καὶ

91 2436 177 2482 103
205 2423 384 2492 θυμοὶ
415 2427 600 2492 βαρεῖς
639 2423 927 2491 ἐπιθυμίαι
953 2442 1010 2475 τε
1047 2426 1287 2476 ποικίλαι
1317 2421 1408 2474 καὶ
1438 2416 1633 2474 ἁδοναὶ
1670 2417 1894 2489 ἄμετροι

210 2508 336 2562 ἐντί.
379 2501 568 2568 ἁπλῶς
587 2506 646 2559 δὲ
663 2500 876 2567 άτόνως
900 2505 1020 2573 ἔχεν
1044 2504 1166 2558 ποτὶ
1194 2500 1260 2557 τοὶ
1286 2502 1474 2557 πάθεα
1504 2502 1596 2556 καὶ
1623 2500 1895 2571 ἄρχεσθαι

210 2588 379 2657 πέρας
400 2583 596 2655 άρετοῖς
615 2585 706 2640 καὶ
731 2590 924 2648 κακίας
943 2587 1079 2639 ε’στί·
1115 2583 1175 2640 τὸ
1205 2584 1314 2655 γὰρ
1341 2582 1638 2649 πλεονάζεν
1668 2584 1730 2638 ἐν
1756 2580 1893 2637 ταύ-
1954 2642 1955 2645 ¹

209 2690 326 2733 ταις
353 2663 388 2738 ἢ
416 2667 666 2738 κάρρονα
699 2665 874 2722 αὐτοῖν
899 2664 1047 2736 εἶμεν
1083 2660 1148 2720 εὖ
1184 2662 1219 2736 ἢ
1256 2672 1439 2730 κακῶς
1468 2663 1570 2737 άμὲ
1604 2669 1888 2732 διατίθητι.

212 2753 335 2806 ποτὶ
357 2751 414 2805 δὲ
432 2751 635 2815 ταύτας
659 2748 755 2815 τὰς
775 2747 947 2820 ὁρμάς
967 2749 1176 2819 μεγάλα
1204 2748 1304 2819 μὲν
1325 2755 1604 2819 συνεργῆν
1626 2747 1890 2801 δύνανται
1952 2771 1953 2775 ’

212 2834 271 2885 αἱ
298 2838 409 2885 τῶν
441 2830 710 2902 σωμάτων
739 2831 975 2902 κράσιες,
1008 2829 1176 2895 ὀξεῖαι
1202 2826 1239 2901 ἢ
1272 2831 1474 2900 θερμαὶ
1503 2825 1539 2897 ἦ
1570 2826 1757 2882 ἄλλοτ’
1793 2823 1859 2880 άλ
