1962 3236
643 131 1204 193 ΠοΛΙΤΕῑΑΣοί.
1719 111 1751 187 ’7

68 277 398 336 ἆποδιδόναι
417 274 636 332 δίκαιόν
657 276 795 330 ἐστι’
816 278 982 329 τοῦτο
998 274 1176 341 λέγων
1193 272 1349 324 δοκεῖ
1365 272 1549 340 ἔμοιγε
1569 277 1752 336 καλῶς

68 364 262 429 λέγειν.
309 355 469 412 Ἀλλᾶ
489 358 706 427 μέντοι,
735 348 808 426 ἦν
827 352 880 409 δ’
914 352 1048 423 ἐγώ,
1079 353 1367 420 Σιμωνίδῃ
1384 371 1449 420 γε
1465 348 1534 405 οὐ
1553 350 1751 423 ῥᾴδιον

69 440 342 496 άπιστεῖν·
382 437 556 507 σοφὸς
584 437 691 506 γὰρ
721 438 810 490 καὶ
841 444 996 499 θεῖος
1023 431 1196 504 ἀνήρ·
1233 437 1398 486 τοῦτο
1429 433 1616 502 μέντοι
1647 430 1681 487 ὅ
1699 437 1756 488 τί

69 544 200 578 ποτε
222 525 394 590 λέγει,
414 519 486 573 σύ
504 524 633 588 μέν,
665 511 1068 586 ὦΠολέμαρχε,
1100 524 1230 578 ἴσως
1259 514 1611 584 γιγνώσκεις,
1642 516 1747 584 ἐγω

71 604 129 659 δὲ
151 602 348 672 ἀγνοῶ.
392 604 564 669 δῆλον
593 597 699 668 γὰρ
721 596 807 651 ὅτι
834 596 903 651 οὐ
922 603 1086 651 τοῦτο
1117 598 1288 665 λέγει,
1319 594 1457 662 ὅπερ
1488 593 1612 662 ἄρτι
1632 597 1751 650 ἐλέ-

69 705 270 753 γομεν,
300 681 364 735 τό
393 701 542 744 τινος
571 679 1107 748 παρακαταθεμένου
1124 700 1174 731 τι
1193 673 1409 749 ὁτῳοῦν
1426 675 1499 746 μὴ
1521 674 1750 745 σωφρό-

68 786 179 828 νως
202 761 527 816 ἀπαιτοῦντι
555 759 908 815 ἀποδιδόναι·
947 765 1124 813 καίτοι
1151 780 1213 827 γε
1242 757 1610 828 ὀφειλόμενόν
1634 756 1747 812 πού
1778 775 1864 820 332

68 848 183 900 ἐστι
201 850 392 910 τοῦτο,
423 838 453 896 ὃ
473 845 910 910 παρακατέθετο·
941 834 1128 910 ἦγάρς
1159 844 1288 894 Ναί.
1342 837 1668 894 Ἀποδοτέον
1688 841 1751 893 δέ

66 947 129 995 γε
161 924 285 979 οὐδ’
321 923 637 979 ὁπωστιοῦν
658 924 811 992 τότε,
843 920 1011 978 ὁπότε
1035 943 1115 985 τις
1143 920 1216 991 μὴ
1246 921 1555 990 σωφρόνως
1579 918 1747 975 άπαι-

67 1020 176 1070 τοῖς
208 1005 441 1076 Ἀληθῆ,
470 999 504 1075 ἦ
527 1002 578 1059 δ’
604 1004 679 1069 ὅς.
706 1003 871 1059 ”Ano
892 1004 962 1073 δή
981 1026 1031 1058 τι
1050 999 1084 1074 ἢ
1103 1001 1162 1058 τὸ
1184 1008 1467 1072 τοιοῦτον,
1490 999 1560 1066 ὡς
1582 1005 1744 1072 ἔοικε,

67 1092 211 1158 λέγει
240 1091 556 1157 Σιμωνίδης
587 1085 649 1141 τὸ
681 1085 748 1140 τά
779 1084 1110 1156 ὀφειλόμενα
1141 1088 1356 1139 δίκαιον
1388 1082 1527 1140 εἶναι
1547 1083 1747 1140 ἀποδι-

68 1173 242 1227 δόναι.
283 1170 445 1224 ’Άλλο
474 1173 661 1239 μέντοι
690 1169 759 1239 νὴ
781 1169 909 1238 Δί’,
947 1175 1079 1239 ἔφη·
1117 1181 1228 1232 τοῖς
1247 1166 1356 1237 γὰρ
1378 1174 1558 1238 φίλοις
1577 1177 1748 1225 οἴεται

0 1304 1 1309 ,
66 1250 312 1321 ὀφείλειν
342 1249 474 1314 τούς
506 1257 703 1321 φίλους
731 1250 954 1320 ἀγαθὸν
982 1254 1086 1321 μέν
1103 1273 1154 1305 τι
1172 1253 1339 1322 δρᾷν,
1370 1251 1545 1305 κακὸν
1564 1251 1623 1306 δὲ
1641 1273 1748 1322 μη-

67 1338 176 1390 δέν.
217 1334 547 1402 Μανθάνω,
579 1327 650 1404 ἦν
670 1332 721 1388 δ’
746 1334 852 1403 ἐγώ
868 1354 878 1364 ·
901 1330 984 1387 ὅτι
1005 1330 1074 1387 οὐ
1094 1329 1160 1386 τὰ
1189 1330 1521 1401 ὀφειλόμενα
1547 1330 1748 1387 άποδί-

69 1420 270 1486 δωσιν,
295 1413 356 1479 ὃς
386 1416 458 1470 ἄν
475 1438 550 1489 τῳ
570 1422 800 1486 χρυσίον
828 1413 1019 1485 ἀποδῷ
1045 1416 1586 1489 παρακαταθεμένῳ,
1618 1414 1749 1470 έάν-
1771 1423 1803 1463 Β

22 1551 28 1554 ,
64 1518 169 1566 περ
199 1495 520 1567 ἡάπόδοσις
548 1499 637 1552 καὶ
671 1494 701 1568 ἡ
732 1503 894 1566 λῆψις
925 1493 1169 1567 βλαβεροὶ
1198 1501 1478 1566 γίγνηται,
1509 1501 1662 1566 φίλοι
1688 1495 1748 1551 δὲ·

66 1573 202 1635 ὦσιν
229 1578 262 1633 ὅ
291 1602 348 1634 τε
377 1578 792 1650 ἀπολαμβάνων
824 1580 914 1634 καὶ
942 1577 971 1634 ὁ
1006 1576 1333 1641 ἀποδιδούς·
1368 1576 1470 1647 οὐχ
1489 1576 1635 1632 οὕτω
1656 1580 1748 1633 λέ-

65 1682 187 1731 γειν
216 1661 325 1732 φῂς
353 1660 454 1716 τὸν
471 1666 823 1732 Σιμωνίδην;
855 1660 1020 1715 Πάνυ
1041 1662 1142 1729 μὲν
1161 1652 1279 1713 οὖν.
1325 1664 1396 1714 Τί
1410 1662 1471 1714 δέ
1481 1683 1493 1723 ;
1526 1670 1638 1723 τοῖς
1658 1659 1748 1729 ἑχ-

64 1750 228 1809 θροῖς
251 1740 582 1812 ἀποδοτέον,
613 1741 645 1796 ὅ
664 1765 715 1797 τι
747 1739 820 1796 ἂν
838 1742 977 1813 τύχῃ
996 1739 1387 1810 ὀφειλόμενον;
1416 1741 1748 1795 Παντάπασι

67 1826 171 1894 μὲν
199 1817 332 1892 οὖν,
377 1828 511 1894 ἔφη,
549 1823 581 1878 δ’
609 1845 670 1893 γε
703 1821 979 1894 ὀφείλεται
1013 1821 1223 1886 αὐτοῖς·
1264 1820 1540 1892 ὀφείλεται
1579 1824 1644 1877 δέ
1665 1843 1747 1893 γε,

68 1904 217 1975 οἶμαι
231 1947 246 1972 ,
267 1905 418 1972 παρά
435 1927 498 1975 γε
519 1912 621 1960 τοῦ
640 1907 851 1975 ἐχθροῦ
869 1911 947 1979 τῷ
966 1907 1175 1977 ἐχθρῷ,
1191 1902 1328 1973 ὅπερ
1350 1906 1442 1959 καὶ
1461 1903 1747 1975 προσήκει,

62 2008 239 2042 κακον
257 2008 320 2040 τι.

207 2070 311 2121 vu,
346 2064 616 2133 Ἠινίξατο
637 2067 773 2137 ἄρα,
800 2060 872 2138 ἦν
894 2065 947 2122 δ’
971 2067 1077 2137 ἐγώ
1093 2109 1107 2136 ,
1128 2064 1200 2131 ὡς
1219 2070 1427 2135 ἔοικεν,
1449 2064 1478 2122 ὁ
1498 2073 1749 2136 Σιμωνί-
1773 2081 1804 2123 C

64 2151 163 2218 δης
191 2155 485 2219 ποιητικῶς
513 2148 574 2204 τὸ
606 2153 821 2204 δίκαιον
852 2147 883 2203 ὃ
915 2156 1013 2219 εἴη.
1063 2152 1326 2204 διενοεῖτο
1354 2148 1456 2219 μὲν
1496 2148 1635 2218 γάρ,
1680 2145 1752 2212 ὡς

64 2236 344 2300 φαίνεται,
382 2230 467 2286 ὅτι
502 2229 656 2285 τοῦτ’
702 2239 784 2306 εἴη
821 2235 1063 2301 δίκαιον,
1105 2229 1167 2285 τὰ
1201 2236 1488 2302 προσῆκον
1536 2230 1747 2303 ἑκάστῳ

64 2308 424 2377 ἀποδιδόναι,
454 2318 619 2367 τοῦτο
653 2312 712 2368 δὲ
745 2310 1035 2383 ὠνόμασεν
1068 2310 1452 2382 ὀφειλόμενον.
1505 2308 1667 2367 Ἀλλὰ
1698 2314 1755 2365 τί

67 2399 194 2455 οἷεις
231 2397 351 2463 ἔφη.
406 2386 473 2447 Ὠ
505 2392 643 2460 πρὸς
677 2393 842 2464 Διός,
887 2389 960 2465 ἦν
988 2394 1041 2449 δ’
1078 2394 1214 2464 ἐγώ,
1252 2399 1302 2450 εἰ
1329 2386 1436 2448 οὖν
1463 2415 1545 2459 τις
1575 2390 1750 2448 αὐτὸν

63 2470 252 2542 ἤρετο·
289 2465 331 2527 ὦ
360 2479 671 2545 Σιμωνίδη,
702 2474 736 2546 ἡ
768 2482 912 2531 τίσιν
940 2469 1046 2531 οὖν
1075 2483 1130 2531 τί
1155 2474 1501 2531 ἀποδιδοῦσα
1522 2473 1751 2546 ὀφειλό-

65 2574 239 2623 μενον
282 2555 371 2608 καὶ
410 2561 694 2625 προσῆκον
728 2557 887 2627 τέχνη
923 2555 1135 2629 ἰατρικὴ
1170 2564 1439 2621 καλεῖται;
1478 2561 1534 2611 τί
1550 2552 1623 2610 ἂν
1647 2562 1750 2611 οἴει

64 2630 199 2703 ἡμῖν
234 2631 406 2689 αὐτὸν
440 2633 878 2704 άποκρίνασθαι;
919 2644 1110 2708 Δῆλον
1139 2638 1251 2706 ὅτι,
1296 2644 1433 2709 ἔφη,
1470 2635 1506 2709 ἡ
1534 2636 1750 2707 στόμασι

65 2714 334 2785 φάρμακά
363 2737 418 2770 τε
449 2717 538 2771 καὶ
564 2724 704 2772 σιτία
725 2721 813 2773 καὶ
845 2719 1000 2773 ποτά.
1040 2716 1110 2773 Ἡ
1127 2722 1186 2775 δὲ
1203 2725 1309 2775 τίσι
1334 2725 1391 2775 τί
1403 2717 1748 2775 ἀποδιδοῦσα

64 2792 434 2868 ὀφειλόμενον
456 2802 545 2854 καὶ
574 2806 864 2871 προσῆκον
884 2804 1043 2873 τέχνη
1066 2801 1357 2874 μαγειρικὴ
1380 2809 1650 2867 καλεῖται;
1685 2800 1751 2857 Ἡ
