1962 3236
87 0 298 32 -³·-.·-···
364 0 619 33 ’τ’-’.κω
699 0 801 14 συ*-

617 130 1104 180 ΠΟΛΙΤΕΙΑΣ
1135 122 1184 175 ε’.
1645 124 1748 177 163

67 293 188 342 μαι·
229 267 472 337 δύναμαι
499 264 558 320 δὲ
588 260 779 334 εὐνοίᾳ
810 283 868 316 τε
898 261 989 316 καὶ
1017 267 1095 333 τῷ
1124 261 1621 332 παρακελεύεσθαι,
1656 268 1748 317 καὶ

68 359 198 415 ἴσως
215 371 287 404 αν
305 347 481 403 ἄλλου
506 366 607 400 του
636 342 1032 414 ἐμμελέστερόν
1059 360 1146 396 σοι
1165 340 1584 414 ἀποκρινοίμην.
1624 339 1748 396 ἀλλ’
1775 355 1809 396 Β

68 455 142 496 ως
159 437 299 502 ἔχων
316 435 570 484 τοιοῦτον
586 422 807 495 βοηθὸν
827 430 1000 492 πειρῶ
1017 435 1128 489 τοῖς
1158 422 1485 479 ἀπιστοῦσιν
1505 425 1748 488 ἐνδείξα-

71 522 226 581 σθαι,
246 510 331 566 ὅτι
359 513 465 579 ἔχει
494 500 530 579 ᾗ
547 503 619 560 σύ
640 509 825 573 λέγεις.
867 506 1188 576 Πειρατέον,
1218 499 1289 576 ἦν
1321 503 1371 560 δ’
1403 505 1529 576 ε’γῶ,
1559 503 1748 573 ἐπειδὴ

67 597 158 650 καὶ
177 591 249 649 σύ
269 589 416 647 οὕτω
435 589 685 660 μεγάλην
704 590 1011 657 ξυμμαχίαν
1038 590 1274 658 παρέχει.
1315 587 1623 659 ἀναγκαῖον
1643 609 1752 644 ουν

65 697 157 746 μοι
178 678 344 741 δοκεῖ,
376 675 425 725 εί
443 670 713 739 μέλλομέν
735 688 812 739 πῃ
842 667 1208 736 ἐκφεύξεσθαι
1229 667 1327 734 οὓς
1354 672 1544 739 λέγεις,
1577 674 1751 739 διορί-

65 763 273 810 σασθαι
285 749 423 820 πρὸς
441 747 665 818 αὐτούς,
685 746 815 812 τοὺς
828 748 1175 818 φιλοσόφους
1193 757 1344 814 τίνας
1358 752 1607 820 λέγοντες
1625 757 1753 805 τολ-

64 844 253 909 μῶμεν
273 834 446 904 φάναι
466 835 583 887 δεῖν
600 829 804 901 ἄρχειν,
826 833 917 884 ἵνα
939 830 1216 902 διαδήλων
1235 835 1552 902 γενομένων
1572 833 1752 903 δυ’νη-

65 924 159 972 ταί
176 938 258 981 τις
285 912 602 984 ἀμύνεσθαι
629 912 1066 983 ἐνδεικνύμενος,
1097 911 1182 967 ὅτι
1211 925 1322 977 τοῖς
1350 913 1452 984 μὲν
1481 915 1751 985 προσήκει

69 1000 236 1068 φύσει
266 995 544 1052 ἅπτεσθαί
566 1016 623 1049 τε
653 1000 985 1064 φιλοσοφίας
1011 992 1372 1065 ἡγεμονεύειν
1400 993 1450 1050 τ’
1482 998 1543 1050 έν
1572 994 1746 1063 πόλει,
1781 1005 1812 1046 G

66 1091 178 1144 τοῖς
198 1077 249 1133 δ’
274 1077 457 1141 ἄλλοις
468 1077 601 1146 μήτε
620 1073 892 1130 ἅπτεσθαι
911 1073 1247 1131 α’κολουθεῖν
1265 1098 1323 1131 τε
1342 1083 1420 1149 τῷ
1438 1073 1744 1150 ἡγουμένῳ.

52 1158 195 1226 “aaa
224 1155 297 1213 ἄν
328 1165 428 1227 εἴη,
461 1160 586 1225 ἔφη,
618 1152 913 1224 ὁρίζεσθαι.
969 1154 1078 1211 Ἴθι
1109 1155 1196 1226 δή,
1235 1152 1631 1228 α’κολούθησόν
1659 1178 1754 1227 μοι

65 1243 211 1311 τῇδε,
224 1236 324 1295 ἐὰν
345 1237 479 1293 αὐτὸ
498 1234 612 1308 ἁμῇ
631 1240 699 1306 γέ
714 1257 790 1308 πῃ
812 1240 1015 1301 ἱκανῶς
1037 1237 1447 1308 ἐξηγησόμεθα.
1464 1237 1613 1310 ’Ἀγε,
1630 1245 1751 1311 ἔφη.

63 1319 522 1390 Ἀναμιμνήσκειν
542 1311 649 1373 οὖν
673 1335 751 1387 σε,
776 1311 849 1388 ἦν
871 1313 924 1373 δ’
945 1318 1072 1389 ἐγώ,
1094 1318 1296 1390 δεήσει,
1316 1316 1354 1390 ἦ
1372 1322 1646 1391 μέμνησαι
1666 1318 1752 1376 ὅτι

66 1400 134 1458 ὃν
154 1398 225 1455 ἇν
253 1407 446 1471 φῶμεν
476 1406 659 1470 φιλεῖν
687 1421 756 1468 τι,
795 1403 880 1454 δεῖ
908 1405 1155 1471 φανῆναι
1194 1397 1387 1470 αὐτόν,
1424 1398 1524 1456 ἐὰν
1560 1398 1752 1470 ὀρθῶς

68 1488 303 1554 λέγηται,
325 1481 393 1537 οὐ
419 1480 480 1536 τὸ
501 1481 602 1551 μὲν
631 1487 900 1550 φιλοῦντα
926 1484 1157 1550 ἐκείνου,
1177 1481 1238 1536 τὸ
1273 1481 1331 1537 δὲ
1351 1481 1444 1554 μή,
1477 1479 1616 1538 ἀλλὰ
1638 1489 1753 1538 πᾶν

68 1568 394 1634 στέργοντας

209 1651 336 1701 ΧΙΧ.
387 1643 864 1715 Ἀναμιμνήσκειν,
902 1647 1026 1716 ἔφη,
1064 1642 1136 1710 ὡς
1171 1649 1343 1716 ἔοικε,
1381 1651 1488 1702 δεῖ·
1529 1644 1599 1702 οὐ
1641 1646 1749 1718 γὰρ

67 1729 218 1783 πάνυ
236 1749 298 1797 γε
317 1730 507 1782 ἐννοῶ.
540 1723 738 1799 Ἄλλῳ,
772 1724 944 1796 εἷπον,
976 1729 1229 1797 ἔπρεπεν,
1262 1719 1308 1782 ῶ
1334 1728 1629 1800 Γλαύκων,
1660 1732 1751 1786 λέ-
1781 1737 1818 1778 D

66 1832 187 1880 γειν
210 1808 246 1864 ἃ
273 1811 469 1877 λέγεις·
517 1805 678 1875 ἀνδρὶ
709 1805 758 1861 δ’
792 1810 1035 1880 ἐρωτικῷ
1067 1806 1135 1862 οὐ
1163 1810 1357 1879 πρέπει
1387 1807 1746 1882 ἀμνημονεῖν,

68 1890 152 1946 ὅτι
177 1891 376 1953 πάντες
394 1892 450 1944 οἱ
464 1891 526 1944 ἐν
548 1887 666 1962 ὥρᾳ
685 1890 784 1943 τὸν
803 1888 1101 1958 φιλόπαιδα
1133 1892 1230 1947 καὶ
1252 1889 1517 1960 ἐρωτικὸν
1542 1888 1655 1963 ἁμῇ
1686 1896 1754 1964 γέ

66 1993 142 2044 πῃ
164 1972 437 2027 δάκνουσί
450 1992 506 2025 τε
536 1973 627 2024 καὶ
657 1977 892 2034 κινοῦσι,
917 1974 1212 2035 δοκοῦντες
1232 1969 1374 2037 ἄξιοι
1394 1971 1534 2027 εἶναι
1563 1975 1751 2045 ἐπιμε-

66 2061 214 2118 λείας
233 2074 290 2108 τε
321 2053 411 2107 καὶ
447 2058 547 2107 τοῦ
584 2049 941 2117 ἀσπάζεσθαι.
978 2049 1013 2122 ἢ
1051 2050 1150 2121 οὐχ
1189 2050 1335 2107 οὕτω
1374 2064 1574 2109 ποιεῖτε
1611 2054 1750 2127 πρὸς

67 2134 196 2198 τοὺς
215 2132 449 2199 καλούς;
487 2130 517 2188 ὁ
536 2136 655 2204 μέν,
689 2132 772 2188 ὅτι
802 2133 977 2203 σιμός,
1005 2134 1246 2204 ἐπίχαρις
1273 2138 1501 2206 κληθεὶς
1527 2139 1750 2194 ἐπαινε-

68 2215 299 2284 θήσεται
314 2210 417 2287 ῥφ’
439 2210 617 2283 ὑμῶν,
631 2220 734 2269 τοῦ
750 2214 806 2269 δὲ
819 2214 877 2268 τὸ
894 2214 1416 2286 γρυπὸνβασιλικόν
1436 2239 1574 2287 φατε
1588 2219 1744 2291 εἶναι,

68 2294 166 2349 τὸν
187 2294 245 2349 δὲ
274 2291 341 2363 δὴ
363 2292 451 2348 διὰ
477 2298 648 2364 μέσον
677 2295 891 2350 τούτων
924 2297 1292 2367 ἐμμετρότατα
1318 2301 1478 2370 ἔχειν,
1506 2303 1744 2370 μέλανας
1776 2317 1809 2357 Ε

0 2437 3 2459 ι
69 2378 123 2431 δὲ
146 2372 444 2442 ἀνδρικοὺς
471 2379 624 2444 ἰδεῖν,
650 2374 884 2441 λευκούς
905 2378 962 2433 δὲ
988 2385 1143 2433 θεῶν
1162 2379 1357 2443 παῖδας
1386 2379 1551 2436 εἶναι·
1590 2391 1745 2452 μελι-

0 2476 7 2521 1
68 2455 310 2527 χλωρους
339 2457 394 2510 δὲ
418 2458 506 2510 καὶ
536 2455 780 2526 τοῦνομα
802 2465 902 2513 οἴει
925 2458 1073 2523 τινὸς
1104 2458 1279 2515 ἄλλον
1306 2466 1511 2531 ποίημα
1541 2461 1679 2518 εἶναι
1708 2460 1745 2534 ἢ

0 2528 4 2550 ¹
65 2540 298 2634 ἐραστοῦ
338 2534 805 2606 ὑποκοριζομένου
841 2560 894 2593 τε
934 2541 1021 2593 καὶ
1065 2538 1298 2610 εὐχερῶς
1337 2545 1605 2612 φέροντος
1641 2543 1744 2616 τὴν

0 2661 3 2684 ζ
66 2616 361 2687 ὠχρότητα,
388 2618 485 2671 &dv
505 2621 589 2672 ἐπι
619 2639 734 2689 ωρᾳ
756 2613 818 2690 ᾗ;
856 2622 943 2674 καὶ
963 2621 1040 2675 ἑνὶ
1061 2621 1207 2694 λόγω
1230 2623 1407 2687 πάσας
1437 2644 1742 2695 προφασεις

64 2702 476 2768 προφασίζεσθέ
493 2721 545 2753 τε
581 2702 670 2754 καὶ
703 2701 878 2764 πιέσας
909 2702 1099 2770 φωνὰς
1129 2700 1332 2773 αφίετε,
1365 2723 1502 2761 ωστε
1531 2711 1743 2779 μηδένα
1770 2733 1858 2779 475

4 2815 6 2826 ι
64 2780 398 2850 ἀποβάλλειν
418 2788 528 2834 τῶι
552 2805 621 2835 αι
613 2782 887 2836 θούντων
908 2782 1019 2837 ἐν
986 2782 1117 2856 ω’ρᾳ.
1158 2790 1227 2840 Ee
1252 2786 1461 2859 βούλει,
1498 2792 1620 2861 ἔφη,
1653 2792 1742 2854 ἐπ’

1307 2860 1395 2911 ll*
