1962 3236
199 0 952 49 {W'Gfflffvffivzcwfffss
1088 0 1194 21 ³²2·
1240 5 1246 10 ·

132 48 140 53 Ἀ
194 31 214 48 '2
263 46 270 49 ι
327 31 331 34 ”
403 39 407 44 ·
679 46 682 50 ,
753 47 781 54 ,,
823 31 826 34 ’

688 205 1250 271 ΠΟΛΙΤΕΙΑΣξ.
1685 205 1790 258 229

249 352 399 405 XVII.
439 350 803 418 Μαντεύομαι
834 352 1043 415 τοίνυν,
1073 345 1245 415 εἷπον,
1266 351 1476 416 μᾶλλον
1508 343 1683 400 αὐτὸν
1710 365 1792 397 τι·

109 437 223 504 μᾷν
241 427 313 485 ἄν
331 430 432 486 τὸν
450 433 655 500 πατέρα
677 430 766 484 καὶ
789 427 891 499 τὴν
907 429 1113 498 μητέρα
1142 428 1233 482 καὶ
1251 424 1381 489 τούς
1398 425 1602 499 α’λλους
1613 428 1790 522 Ἱοίκεί-
1821 425 1853 466 Β

109 532 208 576 ους
226 507 583 577 δοκοῦντας’“
545 534 580 583 η
600 509 730 574 τούς
743 509 1168 608 κολακεύοντας,
1190 501 1334 563 καὶ
1297 527 1463 578 ηττον
1481 508 1583 578 μὲν
1601 502 1674 560 ἂν
1691 522 1791 560 πε-

110 596 304 661 ριιδεῖν
323 597 523 658 ἐνδεεῖς
540 592 706 661 τινός,
728 584 895 660 ἧττον
914 589 972 644 δὲ
990 589 1322 688 παράνομόν
1340 610 1391 643 τι
1421 591 1619 658 δρᾶσαι
1647 582 1684 656 ἢ
1714 590 1791 641 ει-

112 687 236 730 πεῐν
254 681 331 740 εἰς
350 673 573 742 αὐτούς,
600 666 769 743 ἦττον
802 675 861 726 δὲ
891 671 1147 726 ἀπειθεῖν
1168 672 1233 725 τὰ
1261 671 1470 741 μεγάλα
1499 671 1729 732 ἐκείνοις
1757 663 1791 739 ἢ

108 768 220 820 τοῖς
241 756 484 823 κόλαξιν,
506 747 629 809 ἐν
585 776 627 827 ῳ
647 753 830 827 χρόνω
850 754 911 807 τὸ
932 751 1136 849 ἄληθες
1154 751 1227 823 μὴ
1254 756 1435 823 εἰδειᾝη
1462 751 1647 820 Εἰκός,
1667 753 1789 821 ἔφη.

109 836 468 906 Αίσθόμενον
499 840 693 891 τοίνυν
723 834 783 890 τὸ
815 831 884 890 ὂν
916 835 1256 905 μαντεύομαι
1287 837 1359 887 αὐ
1391 835 1513 903 περὶ
1532 855 1634 903 μεν
1658 832 1795 887 τού-

108 939 238 982 τους
258 917 472 973 άνεῖναι
491 940 563 972 αν
581 916 642 972 τὸ
664 923 828 989 τιμᾷν
851 938 908 971 τε
931 917 1021 971 καὶ
1053 915 1401 985 σπουδάζειν,
1433 916 1557 983 περὶ
1587 914 1646 970 δὲ
1665 910 1796 976 τούς

17 1063 22 1067 ,
110 1000 349 1065 κόλακας
368 1003 644 1067 ἐπιτεῖναι,
666 1002 756 1055 καὶ
783 1003 1088 1054 πείθεσθαί
1113 1019 1170 1053 τε
1201 996 1385 1063 αὐτοῖς
1419 995 1796 1067 διαφερόντως

16 1150 20 1154 .
111 1078 146 1152 ἢ
166 1083 440 1150 πρότερον
465 1084 554 1136 καὶ
574 1086 670 1152 ζῇν
689 1078 760 1136 α”ν
779 1080 883 1151 ἤδη
907 1077 1029 1135 κατ’
1064 1082 1323 1150 ἐκείνους,
1346 1078 1585 1145 ξυνόντα
1610 1075 1797 1141 αὐτοῖς
1829 1083 1861 1125 G

18 1199 24 1202 -
111 1160 608 1231 ἀπαρακαλύπτως,
631 1160 838 1232 πατρὸς
858 1162 917 1217 δὲ
936 1165 1152 1217 ἐκείνου
1168 1164 1259 1217 καὶ
1277 1167 1392 1217 τῶν
1402 1161 1587 1216 ἄλλων
1597 1179 1797 1216 ποιου-

110 1249 296 1315 μένων
318 1250 553 1315 οἰκείων,
585 1245 723 1315 εἰμὴ
743 1243 895 1298 πάνυ
928 1252 1011 1314 εἴη
1039 1245 1207 1314 φύσει
1237 1243 1491 1314 ἐπιεικής,
1522 1245 1705 1313 μέλειν
1734 1235 1795 1298 τὸ

114 1330 301 1398 μηδέν.
352 1326 550 1397 Πάντ’,
585 1331 707 1397 ἔφη,
739 1329 913 1395 λέγεις
935 1321 1024 1380 οἶά
1050 1345 1151 1395 περ
1179 1321 1249 1379 ἂν
1277 1326 1509 1394 γένοιτο.
1549 1321 1687 1380 ἀλλὰ
1719 1331 1796 1397 πῇ

114 1408 251 1476 πρὸς
285 1406 416 1473 τούς
452 1405 796 1479 ἁπτομένους
823 1413 937 1461 τω”ν
962 1405 1143 1477 λόγων
1180 1404 1319 1477 αὕτη
1348 1410 1504 1478 φέρει
1532 1403 1565 1476 ἡ
1606 1404 1794 1468 εἰκώνς

122 1493 282 1561 Τῇδε.
319 1494 434 1545 ἔστι
453 1510 564 1545 που
583 1488 713 1561 ἡμῖν
738 1489 982 1560 δόγματα
1002 1491 1060 1543 ἐκ
1079 1491 1294 1544 παίδων
1313 1490 1438 1559 περὶ
1458 1491 1687 1544 δικαίων
1706 1490 1798 1543 καὶ

111 1579 317 1642 καλῶν,
339 1574 400 1626 ἐν
413 1568 494 1636 οἷς
513 1572 939 1642 ἐκτεθράμμεθα
961 1570 1144 1641 ὥσπερ
1165 1569 1273 1626 ὑπὸ
1295 1576 1541 1640 γονεῦσι,
1562 1577 1799 1640 πειθαρ-

112 1655 339 1723 χοῦντές
374 1674 431 1707 τε
468 1655 557 1709 καὶ
593 1659 855 1723 τιμῶντες
893 1651 1047 1708 αὐτά.
1093 1652 1245 1708 ’Ἐστι
1279 1652 1404 1723 γάρ.
1443 1650 1672 1708 Οὐκοῦν
1707 1652 1798 1707 καὶ

115 1732 256 1788 ἄλλα
282 1736 502 1789 ἐναντία
522 1734 735 1788 τούτων
755 1735 1155 1805 ἐπιτηδεύματα
1175 1731 1379 1804 ἡδονὰς
1407 1738 1619 1803 ἔχοντα,
1640 1730 1676 1788 ἃ
1701 1753 1800 1788 κο-
1830 1752 1867 1794 D

114 1816 335 1870 λακεύει
354 1815 455 1885 μὲν
471 1813 630 1885 ἡμῶν
648 1816 750 1885 τὴν
767 1817 952 1886 ψυχὴν
971 1818 1060 1871 καὶ
1080 1817 1226 1871 ἕλκει
1246 1813 1340 1886 ἐφ’
1362 1812 1524 1885 αὑτά,
1544 1819 1728 1871 πείθει
1744 1812 1797 1869 δ’

115 1897 203 1967 οὔ,
225 1895 355 1960 τοὺς
378 1899 470 1951 καὶ
489 1895 703 1968 ὁπῃοῦν
723 1903 978 1968 μετρίους
991 1919 1004 1931 ·
1026 1895 1150 1953 ἀλλ’
1182 1900 1362 1953 ἐκεῖνα
1382 1904 1578 1968 τιμαῖσι
1596 1894 1670 1964 τιῗιΙ
1689 1896 1801 1952 πά-

114 2000 236 2045 τρια
257 1980 346 2032 καὶ
366 1980 594 2043 ἐκείνοις
622 1985 1035 2049 πειθαρχοῦσιν.
1059 1977 1209 2034 ’Ἐστι
1236 1984 1423 2035 ταῦτα.
1469 1982 1539 2035 Τί
1565 1971 1696 2046 οὖν;
1726 1970 1801 2049 ἦν

115 2059 167 2116 δ’
194 2059 303 2130 ἐγώ
317 2084 328 2095 ·
369 2059 503 2115 ὅταν
521 2061 621 2116 τὸν
645 2060 822 2126 οὕτως
841 2066 1034 2131 ἔχοντα
1054 2059 1228 2117 ἐλθὸν
1247 2060 1499 2133 ἐρώτημα
1516 2064 1720 2132 ἔρηται,
1747 2064 1805 2115 τί

114 2147 226 2200 ἐστι
261 2142 322 2199 τὸ
370 2144 561 2213 καλόν,
612 2147 702 2198 καὶ
748 2141 1218 2214 ἀποκριναμένου,
1257 2141 1291 2198 ὂ
1335 2150 1437 2199 τοῦ
1486 2146 1800 2214 νομοθέτου

112 2224 338 2296 ἤκουεν,
358 2225 605 2295 ἐξελέγχῃ
626 2222 655 2279 ὁ
678 2223 858 2294 λόγος,
881 2226 971 2280 καὶ
989 2225 1254 2290 πολλάκις
1272 2226 1363 2280 καὶ
1382 2228 1630 2295 πολλαχῇ
1647 2225 1801 2293 ἐλέγ-

116 2328 229 2376 χων
249 2309 324 2368 είς
345 2304 512 2369 δόξαν
532 2305 832 2378 καταβάλῃ,
856 2303 930 2370 αἱς
947 2312 1112 2361 τοῦτο
1137 2304 1304 2362 οὐδὲν
1321 2310 1534 2377 μᾶλλον
1559 2301 1734 2360 καλὸν
1765 2298 1800 2374 ἦ
1838 2327 1869 2367 Ε

114 2386 361 2455 αἰσχρόν,
382 2387 472 2441 καὶ
491 2388 614 2454 περὶ
634 2389 852 2441 δικαίου
871 2383 1132 2452 ὡσαύτως
1149 2389 1239 2443 καὶ
1259 2384 1480 2457 ἀγαθοῦ
1500 2388 1592 2443 καὶ
1624 2382 1661 2442 ἃ
1688 2386 1800 2456 μά-

118 2475 271 2521 λιστα
295 2460 428 2537 ἦγεν
471 2469 531 2521 ἐν
568 2474 710 2539 τιμῇ,
748 2467 881 2538 μετὰ
913 2474 1077 2523 τοῦτο
1111 2473 1167 2524 τί
1201 2477 1304 2525 οἴει
1338 2466 1589 2541 ποιήσειν
1626 2465 1799 2523 αὐτὸν

117 2547 256 2615 πρὸς
289 2545 425 2602 αὐτα
458 2551 612 2618 τιμῆς
640 2569 697 2602 τε
729 2551 851 2617 πέρι
881 2550 971 2604 καὶ
1000 2555 1352 2620 πειθαρχίας;
1385 2546 1639 2619 Ἀνάγκη,
1671 2552 1798 2618 ἔφη,

115 2629 250 2699 μήτε
272 2635 437 2701 τιμᾷν
458 2634 534 2684 ἔτι
564 2627 765 2699 ὁμοίως
786 2630 920 2701 μήτε
949 2636 1263 2687 πεύθεσθαι.
1289 2630 1460 2687 Ὅταν
1487 2623 1610 2700 οὖν,
1641 2622 1713 2701 ἦν
1741 2623 1796 2684 δ’

115 2711 239 2781 ἐγώ,
260 2712 392 2781 μήτε
413 2718 584 2766 ταῦτα
604 2709 797 2782 ἡγῆται
816 2717 964 2783 τίμια
993 2713 1083 2767 καὶ
1114 2717 1303 2782 οἰκεῖα,
1327 2709 1511 2781 ὥσπερ
1540 2707 1648 2779 πρὸ
1678 2717 1798 2780 τοῦ,

116 2793 182 2847 τά
202 2814 259 2848 τε
292 2791 476 2863 ἀληθῆ
505 2792 578 2864 μὴ
610 2792 854 2865 εὑρίσκῃ,
886 2798 999 2850 ἔστι
1030 2793 1168 2864 πρὸς
1195 2791 1391 2850 ὁποῖον
1419 2799 1543 2865 βίον
1568 2789 1800 2864 ἄλλονῆ
1830 2811 1916 2859 539

116 2871 214 2928 τὸν
263 2875 637 2930 κολακεύοντα
687 2877 908 2941 εἰκότως
946 2875 1417 2947 προσχωρήσεται;
1475 2873 1596 2931 Ούκ
1633 2878 1799 2942 ἔστιν,
