1962 3236
230 171 334 223 306
848 174 1329 222 ΠΛΑΤΩΝΟΣ

230 305 595 377 λαμβάνοντι·
635 304 923 375 ἀπαλλαγὴ
952 304 1060 375 γὰρ
1091 302 1162 360 ἂν
1184 314 1267 377 εἴη
1286 313 1501 363 κακῶν·
1538 306 1679 363 ἀλλὰ
1708 316 1923 379 μᾶλλον

233 385 384 458 οἶμαι
423 385 601 458 αὐτὴν
647 386 1002 458 φανήσεσθαι
1036 393 1150 442 πᾶν
1185 384 1518 444 τούναντίον
1552 388 1684 454 τοὺς
1721 387 1922 454 ἄλλους

166 481 201 523 Ε
231 467 665 538 ἀποκτιννῦσαν,
704 476 856 537 εἴπερ
878 463 1000 523 οἶόν
1018 489 1095 539 τε,
1122 466 1222 523 τὸν
1244 467 1298 523 δ’
1331 472 1525 539 ἔχοντα
1544 471 1636 525 καὶ
1655 469 1801 540 μάλα
1820 475 1923 536 ζω-

228 553 389 606 τικὸν
406 552 774 621 παρέχουσαν,
796 551 887 605 καὶ
907 549 1046 621 πρός
1065 548 1125 619 γ’
1154 553 1233 605 ἔτι
1262 557 1340 624 τῷ
1366 555 1571 624 ζωτικῷ
1603 551 1895 623 ἄγρυπνον
1910 573 1920 583 ·

232 632 378 687 οὕτω
416 631 610 701 πόρρω
648 652 776 701 που,
816 628 887 695 ὥς
917 635 1114 702 ἔοικεν,
1155 632 1450 704 ἐσκήνηται
1479 640 1582 688 τοῦ
1611 633 1922 704 θανάσιμος

232 712 386 767 εἶναι.
425 718 644 783 Καλῶς,
666 707 737 783 ἦν
758 713 811 768 δ’
833 712 959 783 ἐγώ,
987 717 1175 783 λέγεις.
1216 712 1382 770 ὁπότε
1411 713 1518 784 γαρ
1552 714 1618 787 δὴ
1649 712 1721 785 μὴ
1755 712 1916 783 ἱκανὴ

230 794 268 864 ἤ
286 816 351 865 γε
373 799 547 850 οἰκεία
567 801 805 865 πονηρία
825 795 916 850 καὶ
948 793 1008 850 τὸ
1042 800 1248 851 οἰκεῖον
1278 793 1458 851 κακὸν
1485 794 1806 852 ἀποκτεῖναι
1829 797 1920 850 καὶ

229 875 496 932 ἀπολέσαι
515 876 717 947 ψυχήν,
739 881 905 948 σχολῇ
926 877 990 931 τό
1008 898 1070 945 γε
1091 874 1176 931 ἐπ’
1202 874 1377 931 ἄλλου
1409 874 1628 949 ὀλέθρῳ
1656 879 1919 947 τεταγμέ-

226 979 329 1014 νον
352 960 528 1014 κακόν
546 955 732 1028 ψυχὴν
751 957 787 1029 ἤ
806 979 857 1012 τι
876 955 1014 1013 ἄλλο
1037 956 1248 1029 ἀπολεῖ,
1281 957 1428 1028 πλὴν
1456 956 1545 1028 ἐφ’
1582 952 1628 1030 ᾦ
1656 962 1918 1012 τέτακται.

224 1047 414 1111 Σχολῇ
442 1039 519 1109 γ’,
550 1043 674 1109 ἔφη,
708 1038 780 1104 ὥς
804 1061 867 1109 γε
892 1039 953 1095 τὸ
986 1040 1144 1104 εἰκός.
1188 1038 1418 1096 Οὐκοῦν
1448 1037 1616 1095 ὁπότε
1645 1037 1772 1110 μηδ’
1813 1036 1918 1108 ὑφ’

109 1134 195 1179 611
229 1121 351 1186 ἑνὸς
366 1121 673 1178 ἀπόλλυται
687 1128 881 1192 κακοῦ,
902 1122 1036 1194 μήτε
1054 1126 1264 1178 οἰκείου
1275 1123 1410 1194 μήτε
1423 1119 1734 1193 ἀλλοτρίου,
1751 1124 1920 1192 δῆλον

228 1202 313 1259 ὅτι
346 1201 561 1274 ἀνάγκη
604 1202 740 1258 αὐτὸ
781 1202 866 1259 ἀεὶ
900 1200 967 1259 ὂν
1005 1201 1161 1273 εἶναι,
1196 1208 1247 1258 εί
1281 1202 1334 1258 δ’
1365 1202 1449 1259 ἀεὶ
1487 1202 1572 1273 ὅν,
1611 1202 1916 1258 ἀθάνατον.

221 1283 476 1357 Ἀνάγκη,
507 1290 629 1356 ἔφη.
1688 1335 1693 1340 .

344 1370 454 1421 XL
499 1372 678 1421 Τουτο
698 1367 799 1435 μὲν
818 1370 1032 1436 τοίνυν,
1051 1388 1126 1436 ην
1153 1364 1208 1421 δ’
1233 1365 1361 1436 ἐγώ,
1377 1363 1560 1429 οὕτως
1580 1367 1763 1463 ἐχέτω·
1797 1368 1846 1419 εἰ
1863 1364 1917 1417 δ’

227 1453 352 1520 ἔχει,
375 1451 596 1517 ἐννοεῖς,
628 1447 713 1503 ὅτι
742 1445 827 1503 ἀεὶ
857 1444 929 1502 ἀν
961 1447 1072 1503 εἷεν
1103 1451 1163 1503 αι
1192 1445 1368 1502 αυταί.
1409 1445 1538 1501 ου’τε
1567 1445 1676 1517 γὰρ
1706 1444 1776 1500 ἄν
1810 1462 1921 1499 που

227 1532 488 1595 ἐλάττους
507 1533 758 1628 γένοιντο
785 1534 1050 1601 μηδεμιᾶς
1070 1530 1470 1599 ἀπολλυμένης,
1504 1549 1633 1583 ουτε
1663 1520 1737 1582 αὖ
1767 1532 1921 1581 πλεί-

227 1635 348 1678 ους·
390 1617 440 1667 εἰ
455 1633 564 1682 γαρ
583 1609 774 1667 ὁτιοῦν
792 1617 907 1708 των
938 1609 1241 1667 ἀθανάτων
1270 1612 1440 1666 πλέον
1467 1615 1730 1709 γίγνοιτο,
1763 1605 1915 1663 οἷσθ’

227 1696 312 1751 ὅτι
347 1696 408 1749 ἐκ
436 1700 538 1748 τοῦ
567 1699 785 1763 θνητοῦ
811 1689 882 1747 ἂν
910 1698 1154 1763 γίγνοιτο
1186 1694 1279 1748 καὶ
1309 1692 1489 1747 πάντα
1513 1689 1584 1745 ἂν
1617 1699 1698 1760 εἴη
1727 1696 1913 1744 τελευ-

215 1798 410 1863 τωντα
430 1774 702 1830 ἀθάνατα.
751 1773 965 1874 Ἀληθῆ
994 1777 1181 1844 λέγεις.
1233 1771 1399 1842 Ἀλλ’,
1430 1764 1503 1844 ᾖν
1533 1769 1582 1826 δ’
1620 1771 1746 1841 ἐγώ,
1781 1771 1915 1840 μήτε

163 1865 214 1918 Β]
229 1867 393 1918 τοῦτο
435 1856 703 1955 οἰώμεθα,
742 1854 771 1911 ὁ
804 1856 911 1927 γὰρ
950 1856 1115 1928 λόγος
1145 1855 1249 1911 οὐκ
1278 1854 1452 1925 ἐάσει,
1482 1853 1617 1924 μήτε
1644 1874 1707 1922 γε
1745 1854 1817 1905 αὐ
1851 1858 1922 1922 τῇ

125 1978 139 2000 s
231 1939 586 2013 ἀληθεστάτῃ
622 1937 792 2008 φύσει
828 1945 1084 1994 τοιοῦτον
1118 1936 1258 1993 εἶναι
1288 1936 1502 2007 ψυχήν,
1538 1933 1678 1989 ω’στε
1715 1938 1920 2002 πολλῆς

76 2026 79 2028 “
117 2019 119 2022 ’
231 2027 506 2087 ποικιλίας
524 2023 617 2077 καὶ
646 2018 1042 2090 ἀνομοιότητός
1068 2041 1126 2074 τε
1152 2020 1244 2074 καὶ
1269 2023 1542 2087 διαφορᾶς
1565 2018 1752 2086 γέμειν
1785 2012 1918 2067 αὐτὸ

233 2102 372 2174 πρὸς
413 2101 565 2158 αὑτό.
638 2108 771 2166 Πως
808 2103 1007 2171 λέγεις,
1045 2105 1167 2171 ἔφη.
1215 2097 1300 2154 Οὐ
1339 2097 1551 2171 ράδιον,
1590 2090 1662 2167 ἦν
1703 2094 1753 2150 δ’
1796 2095 1953 2165 ἐγω,’

233 2186 416 2243 ἀΐδιον
449 2185 589 2242 εἶναι
614 2184 896 2241 σύνθετόν
931 2207 989 2240 τε
1019 2187 1078 2240 ἐκ
1114 2189 1340 2239 πολλῶν
1361 2183 1453 2236 καὶ
1481 2179 1553 2251 μὴ
1574 2186 1642 2251 τῇ
1660 2184 1921 2249 καλλίστῃ

230 2271 571 2341 κεχρημένον
591 2271 874 2338 συνθέσει,
896 2267 969 2334 ὠς
997 2275 1107 2324 νῦν
1131 2265 1272 2339 ἡμῖν,
1293 2264 1469 2336 ἐφάνη
1498 2262 1533 2334 ἡ
1563 2263 1724 2334 ψυχή.
1769 2262 1918 2318 Οὔκ-

230 2375 335 2408 ουν
358 2349 501 2415 εἰκός
519 2367 605 2420 γε.’
621 2347 740 2404 Ὅτι
757 2352 859 2419 μὲν
875 2353 1069 2404 τοίνυν
1099 2346 1392 2404 ἀθάνατον
1415 2343 1581 2446 ψυχή,
1615 2345 1706 2400 καὶ
1736 2342 1765 2398 ὁ
1797 2343 1921 2412 ἄρτι

229 2434 392 2504 λόγος
413 2434 506 2488 καὶ
525 2454 576 2488 οι
565 2430 752 2487 ’ἄλλοι
771 2429 1147 2501 ἀναγκάσειαν
1176 2428 1270 2485 άν·
1311 2424 1430 2484 οἷον
1460 2424 1513 2482 δ’
1547 2428 1659 2481 ἐστὶ
1683 2433 1752 2496 τῇ
1783 2425 1919 2496 ἀλη-

170 2530 201 2571 G
233 2521 382 2589 θεία,
404 2513 472 2570 οὐ
491 2515 876 2585 λελωβημένον
898 2517 986 2568 δεῖ
996 2510 1131 2568 αυτὸ
1152 2512 1478 2567 θεάσασθαι
1495 2507 1609 2563 ὑπό
1628 2529 1685 2563 τε
1704 2514 1800 2578 τῆς
1819 2513 1918 2561 τοῦ

232 2596 484 2667 σώματος
514 2599 808 2659 κοινωνίας
838 2597 930 2650 καὶ
963 2593 1148 2650 ἄλλων
1178 2615 1386 2662 κακων,
1421 2589 1604 2660 ωσπερ
1632 2596 1743 2645 νῦν
1769 2586 1919 2658 ἡμεῖς

233 2679 520 2749 θεώμεθα,
543 2676 665 2733 ἀλλ’
703 2672 824 2733 οἱόν
857 2680 968 2731 εστι
996 2674 1257 2745 καθαρὸν
1283 2673 1634 2745 γιγνόμενον,
1666 2674 1920 2724 τοιοῦτον

231 2764 435 2826 ικανως
470 2762 713 2834 λογισμῷ
740 2762 1081 2829 διαθεατέον,
1111 2759 1202 2813 καὶ
1229 2754 1374 2812 πολὺ
1398 2753 1626 2811 κάλλιον
1657 2749 1789 2806 αὐτὸ
1823 2749 1917 2806 εὑ-

232 2859 384 2912 ρησει
421 2844 513 2897 καὶ
542 2845 939 2913 ἐναργέστερον
971 2839 1325 2901 δικαιοσύνας
1353 2857 1413 2892 τε
1439 2836 1530 2891 καὶ
1559 2831 1770 2897 ἀδικίας
1800 2833 1916 2889 διό-
1956 2862 1960 2865 ·
