1962 3236
182 162 252 215 74
767 164 1247 215 ΠΛΑΤΩΝΟΣ

189 303 395 369 Τοῦτο,
432 292 468 368 ἦ
493 297 537 353 δ’
559 296 647 368 ὅς,
685 296 753 353 οὐ
783 296 1057 369 μανθάνω
1089 298 1123 352 δ’
1141 319 1192 351 τι
1221 300 1409 367 λέγεις.
1460 295 1630 355 Ἀλλὰ
1650 299 1854 368 μέντοι,

119 386 157 428 D
183 373 256 451 ἦν
292 379 343 434 δ’
375 401 512 450 εγω,
550 383 638 435 δεῖ
649 401 727 450 γε.
779 386 910 442 ἴσως
947 381 1053 432 οὐν
1086 382 1217 449 τῇδε
1249 385 1461 449 μᾶλλον
1480 387 1629 436 εἴσει.
1682 373 1763 447 αρ’
1788 376 1856 433 οὐ

183 460 395 531 πάντα,
418 458 523 515 ὅσα
542 457 649 516 ὑπὸ
673 459 1015 530 μυθολόγων
1032 455 1069 530 ἢ
1087 466 1331 530 ποιητῶν
1350 462 1588 531 λέγεται,
1611 459 1858 531 διήγησις

185 536 328 597 οὖσα
360 541 622 612 τυγχάνει
657 537 694 611 ἦ
730 539 1045 611 γεγονότων
1071 537 1108 611 ἢ
1137 539 1318 596 ὄντων
1342 537 1379 611 ἢ
1403 541 1748 612 μελλόντων;
1793 545 1862 596 Τί

183 621 291 693 γάρ
305 665 320 692 ‚
367 627 501 693 ἔφη,
541 620 708 688 άλλο;
748 615 855 690 Ἆρ’
878 613 982 676 οὖν
1000 619 1119 692 οὐχὶ
1143 621 1263 692 ἤτοι
1283 618 1431 693 ἁπλῇ
1450 619 1739 693 διηγήσει
1714 620 1749 692 η“
1767 620 1855 676 διὰ

183 701 458 775 μιμήσεως
484 704 785 775 γιγνομένῃ
811 700 844 773 ἦ
838 700 937 757 δι’
963 699 1292 774 ἀμφοτέρων
1321 709 1710 775 περαι’νουσιν;
1748 705 1855 758 Καὶ

183 791 376 854 τοῦτο,
414 777 451 854 ἦ
480 781 526 839 δ’
549 806 638 854 ος,
677 789 755 840 ἔτι
778 786 967 855 δέομαι
996 784 1337 855 σαφέστερον
1364 793 1581 855 μαθεῖν.
1615 789 1854 852 Γελοιος,

184 858 260 934 ἦν
281 862 332 920 δ’
356 863 481 934 ε’γω,
504 869 655 920 ἔοικα
675 863 1003 928 διδάσκαλος
1024 863 1162 919 εἶναι
1180 867 1270 920 καὶ
1290 863 1520 935 ἀσαφής.
1547 864 1731 934 ὥσπερ
1753 866 1857 918 οὐν

122 958 158 1000 E
188 948 244 1002 οἰ
259 943 527 1001 ἀδύνατοι
546 943 868 1017 λέγειν,οὐ
893 967 1031 1001 κατα
1064 944 1199 1001 ὅλον
1219 944 1330 1001 ἀλλ’
1368 943 1667 1017 ἀπολαβων
1693 946 1855 1015 μέρος

185 1049 238 1084 τι
257 1026 592 1099 πειράσομαί
614 1044 701 1081 σοι
722 1029 782 1082 ἐν
803 1026 978 1099 τούτῳ
1009 1030 1254 1097 δηλῶσαι
1273 1023 1306 1081 ὂ
1325 1026 1611 1098 βούλομαι.
1654 1031 1751 1080 καί
1764 1047 1857 1095 μοι

187 1109 318 1164 εἰπέ·
358 1110 643 1163 ἐπίστασαι
662 1113 757 1178 τῆς
770 1105 994 1171 Ἰλιάδος
1029 1105 1095 1162 τὰ
1127 1114 1342 1178 πρῶτα,
1382 1110 1441 1162 ἐν
1471 1103 1552 1172 οἷς
1582 1105 1610 1162 ὁ
1633 1107 1856 1177 ποιητής

187 1207 324 1262 φησι
342 1189 442 1246 τὸν
465 1189 568 1261 μὲν
596 1190 829 1260 Χρύσην
860 1193 1079 1245 δεῖσθαι
1105 1195 1209 1243 τοῦ
1221 1188 1624 1260 Ἀγαμέμνονος
1653 1186 1856 1243 άπολύ-

188 1287 280 1326 σαι
314 1269 419 1342 τὴν
441 1274 754 1342 θυγατέρα,
790 1269 889 1325 τὸν
919 1269 978 1325 δὲ
1007 1275 1382 1340 χαλεπαίνειν,
1421 1269 1521 1325 τὸν
1546 1273 1632 1337 δέ,
1673 1266 1854 1338 ἐπειδὴ

69 1368 157 1416 393
195 1348 298 1407 οὐκ
318 1350 579 1421 ἐτύγχανε
593 1393 607 1419 ,
646 1349 1012 1420 κατεύχεσθαι
1035 1355 1148 1405 τῶν
1163 1347 1391 1420 Ἀχαιῶν
1416 1347 1554 1419 πρὸς
1572 1348 1673 1404 τὸν
1690 1347 1855 1414 &as-6223

181 1430 409 1503 ”Εγωγε.
467 1429 625 1487 Οἶσθ’
650 1425 755 1487 οὖν
775 1430 859 1486 ὅτι
877 1434 1032 1503 μέχρι
1051 1435 1153 1503 μὲν
1170 1431 1383 1487 τούτων
1403 1437 1514 1486 τῶν
1534 1433 1681 1486 ἐπῶν

530 1514 620 1568 καὶ
640 1514 881 1568 ἐλίσσετο
903 1514 1113 1578 πάντας
1136 1511 1409 1584 Ἀχαιυύς,

321 1592 566 1665 Ἀτρείδα
586 1593 645 1649 δὲ
669 1592 903 1664 μάλιστα
923 1593 1039 1649 δύω
1055 1637 1070 1663 ,
1112 1593 1418 1665 κοσμήτορε
1442 1601 1594 1650 λαῶν

132 1670 134 1676 ’
186 1677 333 1746 λέγει
358 1696 418 1730 τε
438 1672 606 1739 αὐτὸς
626 1672 654 1729 ὁ
677 1673 883 1746 ποητὴς
903 1676 995 1731 καὶ
1023 1673 1146 1731 οὐδ’
1178 1677 1436 1747 ἐπιχειρεῖ
1449 1673 1606 1746 ἡμῶν
1626 1672 1728 1745 τὴν
1747 1673 1856 1728 διά-

185 1777 348 1811 νοιαν
367 1754 566 1811 ἄλλοσε
584 1759 832 1826 τρέπειν,
881 1753 954 1821 ὡς
987 1756 1152 1821 άλλος
1177 1779 1257 1821 τις
1286 1754 1316 1812 ὁ
1338 1759 1516 1827 λέγων
1534 1753 1569 1826 ἦ
1590 1752 1769 1819 αὐτός
1791 1777 1855 1808 τα

125 1855 159 1895 Β
190 1837 248 1891 δε
267 1834 399 1907 μετὰ
419 1843 592 1891 ταῦτα
614 1835 799 1907 ω’σπερ
818 1833 987 1900 αὐτὸς
1008 1833 1088 1891 ὧν
1108 1834 1137 1893 ὁ
1158 1835 1382 1908 Χρύσης
1399 1837 1544 1906 λέγει
1563 1838 1653 1891 καὶ
1673 1841 1856 1903 πειρᾶ-

187 1938 276 1971 ται
311 1914 454 1987 ημᾶς
475 1915 508 1971 6'
537 1938 589 1971 τι
621 1917 860 1987 μάλιστα
891 1924 1119 1988 ποιῆσαι
1145 1917 1217 1988 μὴ
1229 1916 1474 1988 Όμηρον
1502 1921 1687 1973 δοκεῖν
1717 1916 1858 1971 εἶναι

187 1996 310 2068 τὸν,
334 2000 567 2068 λέγοντα
593 1997 732 2055 ἀλλὰ
759 1997 860 2054 τὸν
889 2003 1052 2069 ἱερέα,
1093 2000 1408 2071 πρεσβύτην
1441 1998 1604 2054 ὄντα·
1637 2001 1727 2054 καὶ
1756 1997 1857 2069 τὴν

187 2078 364 2149 άλλην
388 2077 454 2149 δὴ
477 2085 664 2134 πᾶσαν
684 2080 884 2150 σχεδόν
903 2103 954 2134 τι
984 2078 1129 2134 οὕτω
1149 2084 1435 2150 πεποίηται
1464 2080 1714 2152 διήγησιν
1734 2086 1861 2151 περί

186 2179 244 2214 τε
263 2180 375 2213 των
395 2161 456 2213 έν
466 2156 604 2214 Ἰλίω
635 2161 726 2215 καὶ
752 2162 876 2228 περὶ
907 2181 1020 2214 των
1041 2162 1102 2215 ἐν
1116 2158 1306 2233 Ἰθάκῃ
1335 2163 1426 2215 καὶ
1455 2159 1558 2232 ὅλῃ
1571 2158 1856 2216 Ὀδυσσεία

184 2238 545 2309 παθημάτων.
580 2237 744 2294 Πάνυ
763 2261 865 2310 μεν
885 2234 1017 2311 οὖν,
1058 2244 1178 2311 ἔφη.
1238 2237 1466 2295 Οὐκοῦν
1486 2239 1734 2311 διήγησις
1756 2244 1858 2311 μέν

185 2323 297 2376 ἐστι
316 2321 407 2375 καὶ
426 2317 560 2374 ὅταν
578 2342 676 2385 τας
694 2321 878 2393 ῥήσεις
897 2322 1154 2377 ἑκάστοτε
1175 2325 1307 2394 λέγῃ
1320 2324 1408 2376 καὶ
1423 2320 1558 2376 ὅταν
1572 2344 1638 2376 τα
1655 2320 1857 2392 μεταξυ

183 2408 298 2456 τῶν
317 2401 560 2474 ρήσεων;
593 2407 722 2466 Πῶς
742 2400 849 2471 γάρ
878 2401 974 2469 οὕς
1009 2400 1143 2459 Ἀλλ’
1167 2401 1302 2457 ὅταν
1320 2405 1387 2473 γέ
1402 2424 1522 2457 τινα
1543 2405 1674 2475 λέγῃ
1695 2406 1856 2475 ῥῆσιν

126 2509 158 2550 (3
189 2481 261 2546 ὥς
279 2503 358 2546 τις
379 2481 545 2546 ἄλλος
566 2480 675 2552 ὤν,
715 2477 798 2555 ἆρ’
834 2482 903 2538 οὐ
931 2485 1055 2539 τότε
1085 2482 1316 2555 ὁμοιοῦν
1347 2483 1520 2539 αὐτὸν
1552 2484 1806 2555 φήσομεν
1826 2483 1858 2539 6'

186 2585 235 2617 τι
262 2563 499 2633 μάλιστα
529 2563 631 2634 τὴν
672 2562 847 2619 αὑτοῦ
881 2567 1029 2631 λέξιν
1062 2565 1301 2639 ἑκάστω,
1342 2561 1410 2620 ὃν
1431 2561 1503 2620 ἂν
1523 2570 1757 2637 προείπῃ
1784 2563 1857 2628 ὦς

187 2647 453 2713 ἐροῦντας
479 2645 754 2716 Φήσομεν·
782 2651 838 2701 τί
852 2648 984 2717 γάρ·
971 2690 985 2714 ,
1011 2645 1239 2702 Οὐκοῦν
1258 2645 1322 2701 τό
1339 2667 1402 2716 γε
1414 2644 1856 2717 ὁμοιοῦνὲαυτὸν

187 2721 377 2779 ἄλλω
352 2723 387 2794 η’
405 2747 544 2780 κατα
559 2749 758 2799 φωνην
776 2725 811 2799 ἢ
824 2751 961 2784 κατα
976 2735 1153 2800 σχῆμα
1175 2732 1467 2799 μιμεῖσθαί
1477 2730 1625 2782 ἐστιν
1644 2729 1856 2781 ἐκεῖνον

187 2825 227 2856 ω
254 2801 285 2858 ἱ.
277 2803 326 2858 ’ν
343 2826 423 2868 τις
447 2803 659 2875 ὁμοιοῖ;
699 2814 769 2863 Τι’
781 2808 919 2879 μήν;
952 2807 1040 2865 Ἐν
1070 2806 1136 2880 δὴ
1167 2830 1243 2863 τω
1250 2808 1519 2882 τοιούτω,
1561 2829 1638 2871 ως
1659 2813 1855 2879 ἔοικεν,
