<?xml version="1.0" encoding="UTF-8"?>
<!DOCTYPE html PUBLIC "-//W3C//DTD XHTML 1.0 Transitional//EN"
    "http://www.w3.org/TR/xhtml1/DTD/xhtml1-transitional.dtd">
<html xmlns="http://www.w3.org/1999/xhtml" xml:lang="en" lang="en">
 <head>
  <title>
</title>
<meta http-equiv="Content-Type" content="text/html;charset=utf-8" />
  <meta name='ocr-system' content='tesseract 3.04.00' />
  <meta name='ocr-capabilities' content='ocr_page ocr_carea ocr_par ocr_line ocrx_word'/>
</head>
<body>
  <div class='ocr_page' id='page_1' title='image "./dialogisecumdumt04platuoft_0196.png"; bbox 0 0 1962 3236; ppageno 0'>
   <div class='ocr_carea' id='block_1_1' title="bbox 269 197 1356 249">
    <p class='ocr_par' dir='ltr' id='par_1_1' title="bbox 269 197 1356 249">
     <span class='ocr_line' id='line_1_1' title="bbox 269 197 1356 249; baseline -0.001 0"><span class='ocrx_word' id='word_1_1' title='bbox 269 197 371 249; x_wconf 84' lang='grc'><strong><em>160</em></strong></span> <span class='ocrx_word' id='word_1_2' title='bbox 883 199 1356 248; x_wconf 71' lang='grc' dir='ltr'><em>ΠΛΑΤΩΝΟΣ</em></span> 
     </span>
    </p>
   </div>
   <div class='ocr_carea' id='block_1_2' title="bbox 11 329 1944 2918">
    <p class='ocr_par' dir='ltr' id='par_1_2' title="bbox 266 329 1944 564">
     <span class='ocr_line' id='line_1_2' title="bbox 266 329 1944 403; baseline 0.002 -17"><span class='ocrx_word' id='word_1_3' title='bbox 266 336 344 402; x_wconf 78' lang='grc' dir='ltr'><strong><em>τῷ</em></strong></span> <span class='ocrx_word' id='word_1_4' title='bbox 381 330 635 400; x_wconf 80' lang='grc' dir='ltr'><strong><em>πρόσθεν</em></strong></span> <span class='ocrx_word' id='word_1_5' title='bbox 667 329 1065 400; x_wconf 79' lang='grc' dir='ltr'><em>παρωσάμενος</em></span> <span class='ocrx_word' id='word_1_6' title='bbox 1094 330 1272 385; x_wconf 89' lang='grc' dir='ltr'><strong><em>πάντα</em></strong></span> <span class='ocrx_word' id='word_1_7' title='bbox 1310 337 1481 386; x_wconf 85' lang='grc' dir='ltr'><strong><em>ταῦτα</em></strong></span> <span class='ocrx_word' id='word_1_8' title='bbox 1510 340 1746 403; x_wconf 77' lang='grc' dir='ltr'><strong><em>εἴρηκας,</em></strong></span> <span class='ocrx_word' id='word_1_9' title='bbox 1779 333 1838 390; x_wconf 83' lang='grc' dir='ltr'><strong><em>τὸ</em></strong></span> <span class='ocrx_word' id='word_1_10' title='bbox 1873 333 1944 400; x_wconf 80' lang='grc' dir='ltr'><strong><em>ὡς</em></strong></span> 
     </span>
     <span class='ocr_line' id='line_1_3' title="bbox 270 408 1942 483; baseline 0.001 -15"><span class='ocrx_word' id='word_1_11' title='bbox 270 410 476 482; x_wconf 78' lang='grc' dir='ltr'><strong><em>δυνατὴ</em></strong></span> <span class='ocrx_word' id='word_1_12' title='bbox 501 409 639 481; x_wconf 77' lang='grc' dir='ltr'><strong><em>αὕτη</em></strong></span> <span class='ocrx_word' id='word_1_13' title='bbox 669 408 703 480; x_wconf 84' lang='grc' dir='ltr'>ἡ</span> <span class='ocrx_word' id='word_1_14' title='bbox 736 417 978 466; x_wconf 84' lang='grc' dir='ltr'><strong><em>πολιτεία</em></strong></span> <span class='ocrx_word' id='word_1_15' title='bbox 1006 413 1268 481; x_wconf 89' lang='grc' dir='ltr'><strong><em>γενέσθαι</em></strong></span> <span class='ocrx_word' id='word_1_16' title='bbox 1298 414 1385 467; x_wconf 87' lang='grc' dir='ltr'><strong><em>καὶ</em></strong></span> <span class='ocrx_word' id='word_1_17' title='bbox 1417 417 1538 468; x_wconf 92' lang='grc' dir='ltr'><strong><em>τίνα</em></strong></span> <span class='ocrx_word' id='word_1_18' title='bbox 1570 413 1779 483; x_wconf 79' lang='grc' dir='ltr'><strong><em>τρόπον</em></strong></span> <span class='ocrx_word' id='word_1_19' title='bbox 1813 418 1942 470; x_wconf 82' lang='grc' dir='ltr'><strong><em>ποτὲ</em></strong></span> 
     </span>
     <span class='ocr_line' id='line_1_4' title="bbox 269 489 1942 564; baseline 0.002 -16"><span class='ocrx_word' id='word_1_20' title='bbox 269 493 503 563; x_wconf 83' lang='grc' dir='ltr'><strong><em>δυνατή·</em></strong></span> <span class='ocrx_word' id='word_1_21' title='bbox 544 493 656 546; x_wconf 83' lang='grc' dir='ltr'><strong><em>ἐπεὶ</em></strong></span> <span class='ocrx_word' id='word_1_22' title='bbox 680 489 764 546; x_wconf 79' lang='grc' dir='ltr'><strong><em>ὅτι</em></strong></span> <span class='ocrx_word' id='word_1_23' title='bbox 782 513 861 562; x_wconf 88' lang='grc' dir='ltr'><strong><em>γε,</em></strong></span> <span class='ocrx_word' id='word_1_24' title='bbox 887 496 937 545; x_wconf 84' lang='grc' dir='ltr'><strong><em>εἰ</em></strong></span> <span class='ocrx_word' id='word_1_25' title='bbox 951 492 1183 563; x_wconf 90' lang='grc' dir='ltr'><strong><em>γένοιτο,</em></strong></span> <span class='ocrx_word' id='word_1_26' title='bbox 1204 491 1367 548; x_wconf 87' lang='grc' dir='ltr'><strong><em>πάντ’</em></strong></span> <span class='ocrx_word' id='word_1_27' title='bbox 1389 489 1460 548; x_wconf 73' lang='grc' dir='ltr'><strong><em>ἂν</em></strong></span> <span class='ocrx_word' id='word_1_28' title='bbox 1479 501 1560 564; x_wconf 79' lang='grc' dir='ltr'><strong><em>εἴη</em></strong></span> <span class='ocrx_word' id='word_1_29' title='bbox 1581 492 1767 564; x_wconf 76' lang='grc' dir='ltr'><strong><em>ἀγαθὰ</em></strong></span> <span class='ocrx_word' id='word_1_30' title='bbox 1787 495 1942 551; x_wconf 89' lang='grc' dir='ltr'><strong><em>πόλει</em></strong></span> 
     </span>
    </p>

    <p class='ocr_par' dir='ltr' id='par_1_3' title="bbox 267 567 1937 645">
     <span class='ocr_line' id='line_1_5' title="bbox 267 567 1937 645; baseline 0.002 -17"><span class='ocrx_word' id='word_1_31' title='bbox 267 567 303 645; x_wconf 81' lang='grc' dir='ltr'><em>ᾗ</em></span> <span class='ocrx_word' id='word_1_32' title='bbox 321 576 553 644; x_wconf 88' lang='grc' dir='ltr'><strong><em>γένοιτο,</em></strong></span> <span class='ocrx_word' id='word_1_33' title='bbox 577 574 666 628; x_wconf 82' lang='grc' dir='ltr'><strong><em>καὶ</em></strong></span> <span class='ocrx_word' id='word_1_34' title='bbox 689 570 724 627; x_wconf 71' lang='grc' dir='ltr'><strong><em>δι’</em></strong></span> <span class='ocrx_word' id='word_1_35' title='bbox 744 572 815 628; x_wconf 80' lang='grc' dir='ltr'>σύ</span> <span class='ocrx_word' id='word_1_36' title='bbox 836 578 1186 644; x_wconf 77' lang='grc' dir='ltr'><strong><em>παραλείπεις</em></strong></span> <span class='ocrx_word' id='word_1_37' title='bbox 1207 571 1311 643; x_wconf 73' lang='grc' dir='ltr'><strong><em>ἐγώ</em></strong></span> <span class='ocrx_word' id='word_1_38' title='bbox 1334 577 1491 644; x_wconf 84' lang='grc' dir='ltr'><strong><em>λέγω,</em></strong></span> <span class='ocrx_word' id='word_1_39' title='bbox 1505 573 1588 629; x_wconf 84' lang='grc' dir='ltr'><strong><em>ὅτι</em></strong></span> <span class='ocrx_word' id='word_1_40' title='bbox 1608 578 1695 631; x_wconf 85' lang='grc' dir='ltr'><strong><em>καὶ</em></strong></span> <span class='ocrx_word' id='word_1_41' title='bbox 1723 588 1832 642; x_wconf 91' lang='grc' dir='ltr'><strong><em>τοῖς</em></strong></span> <span class='ocrx_word' id='word_1_42' title='bbox 1851 596 1937 632; x_wconf 83' lang='grc' dir='ltr'><strong><em>πο·</em></strong></span> 
     </span>
    </p>

    <p class='ocr_par' dir='ltr' id='par_1_4' title="bbox 201 649 1942 1215">
     <span class='ocr_line' id='line_1_6' title="bbox 201 649 1939 728; baseline 0.002 -18"><span class='ocrx_word' id='word_1_43' title='bbox 201 661 235 700; x_wconf 91' lang='lat' dir='ltr'>D</span> <span class='ocrx_word' id='word_1_44' title='bbox 267 660 471 725; x_wconf 87' lang='grc' dir='ltr'><strong><em>λεμίοις</em></strong></span> <span class='ocrx_word' id='word_1_45' title='bbox 501 652 679 723; x_wconf 80' lang='grc' dir='ltr'><strong><em>ἄριστ’</em></strong></span> <span class='ocrx_word' id='word_1_46' title='bbox 713 649 784 708; x_wconf 73' lang='grc' dir='ltr'><strong><em>ἀν</em></strong></span> <span class='ocrx_word' id='word_1_47' title='bbox 814 654 1071 724; x_wconf 86' lang='grc' dir='ltr'><strong><em>μάχοιντο</em></strong></span> <span class='ocrx_word' id='word_1_48' title='bbox 1103 660 1178 725; x_wconf 75' lang='grc' dir='ltr'><strong><em>τῷ</em></strong></span> <span class='ocrx_word' id='word_1_49' title='bbox 1210 653 1403 725; x_wconf 81' lang='grc' dir='ltr'><strong><em>ἥκιστα</em></strong></span> <span class='ocrx_word' id='word_1_50' title='bbox 1430 654 1747 711; x_wconf 74' lang='grc' dir='ltr'><strong><em>ἀπολείπειν</em></strong></span> <span class='ocrx_word' id='word_1_51' title='bbox 1776 655 1939 728; x_wconf 78' lang='grc' dir='ltr'><strong><em>ἀλλή-</em></strong></span> 
     </span>
     <span class='ocr_line' id='line_1_7' title="bbox 202 733 1942 806; baseline 0.002 -15"><span class='ocrx_word' id='word_1_52' title='bbox 202 734 205 737; x_wconf 50' lang='grc'>’</span> <span class='ocrx_word' id='word_1_53' title='bbox 267 743 418 805; x_wconf 89' lang='grc' dir='ltr'><strong><em>λους,</em></strong></span> <span class='ocrx_word' id='word_1_54' title='bbox 449 733 850 806; x_wconf 75' lang='grc' dir='ltr'><strong><em>γιγνώσκοντές</em></strong></span> <span class='ocrx_word' id='word_1_55' title='bbox 874 756 932 789; x_wconf 89' lang='grc' dir='ltr'><strong><em>τε</em></strong></span> <span class='ocrx_word' id='word_1_56' title='bbox 962 736 1053 790; x_wconf 86' lang='grc' dir='ltr'><strong><em>καὶ</em></strong></span> <span class='ocrx_word' id='word_1_57' title='bbox 1082 733 1489 802; x_wconf 86' lang='grc' dir='ltr'><strong><em>ἀνακαλοῦντες</em></strong></span> <span class='ocrx_word' id='word_1_58' title='bbox 1517 745 1687 792; x_wconf 82' lang='grc' dir='ltr'><strong><em>ταῦτα</em></strong></span> <span class='ocrx_word' id='word_1_59' title='bbox 1719 737 1783 792; x_wconf 81' lang='grc' dir='ltr'><strong><em>τὰ</em></strong></span> <span class='ocrx_word' id='word_1_60' title='bbox 1814 737 1942 795; x_wconf 87' lang='grc' dir='ltr'><strong><em>ὀνό-</em></strong></span> 
     </span>
     <span class='ocr_line' id='line_1_8' title="bbox 267 813 1942 890; baseline 0.002 -19"><span class='ocrx_word' id='word_1_61' title='bbox 267 839 408 888; x_wconf 88' lang='grc' dir='ltr'><strong><em>ματα</em></strong></span> <span class='ocrx_word' id='word_1_62' title='bbox 429 814 675 886; x_wconf 83' lang='grc' dir='ltr'><strong><em>ἑαυτούς,</em></strong></span> <span class='ocrx_word' id='word_1_63' title='bbox 697 813 990 886; x_wconf 82' lang='grc' dir='ltr'><strong><em>ἀδελφούς,</em></strong></span> <span class='ocrx_word' id='word_1_64' title='bbox 1006 818 1257 885; x_wconf 80' lang='grc' dir='ltr'><strong><em>πατέρας,</em></strong></span> <span class='ocrx_word' id='word_1_65' title='bbox 1279 820 1430 888; x_wconf 80' lang='grc' dir='ltr'><strong><em>υἱεῖς,</em></strong></span> <span class='ocrx_word' id='word_1_66' title='bbox 1452 822 1501 872; x_wconf 79' lang='grc' dir='ltr'><strong><em>εἰ</em></strong></span> <span class='ocrx_word' id='word_1_67' title='bbox 1519 818 1578 873; x_wconf 75' lang='grc' dir='ltr'><strong><em>δὲ</em></strong></span> <span class='ocrx_word' id='word_1_68' title='bbox 1601 820 1690 874; x_wconf 84' lang='grc' dir='ltr'><strong><em>καὶ</em></strong></span> <span class='ocrx_word' id='word_1_69' title='bbox 1708 817 1768 873; x_wconf 82' lang='grc' dir='ltr'><strong><em>τὸ</em></strong></span> <span class='ocrx_word' id='word_1_70' title='bbox 1792 825 1942 890; x_wconf 81' lang='grc' dir='ltr'><strong><em>θῆλυ</em></strong></span> 
     </span>
     <span class='ocr_line' id='line_1_9' title="bbox 269 895 1942 968; baseline 0.002 -15"><span class='ocrx_word' id='word_1_71' title='bbox 269 897 709 967; x_wconf 80' lang='grc' dir='ltr'><strong><em>συστρατεύοιτο,</em></strong></span> <span class='ocrx_word' id='word_1_72' title='bbox 732 905 837 952; x_wconf 78' lang='grc' dir='ltr'><strong><em>εἴτε</em></strong></span> <span class='ocrx_word' id='word_1_73' title='bbox 855 898 946 951; x_wconf 83' lang='grc' dir='ltr'><strong><em>καὶ</em></strong></span> <span class='ocrx_word' id='word_1_74' title='bbox 966 899 1027 951; x_wconf 93' lang='grc' dir='ltr'><strong><em>ἐν</em></strong></span> <span class='ocrx_word' id='word_1_75' title='bbox 1044 904 1108 967; x_wconf 79' lang='grc' dir='ltr'><strong><em>τῇ</em></strong></span> <span class='ocrx_word' id='word_1_76' title='bbox 1139 895 1280 968; x_wconf 78' lang='grc' dir='ltr'><strong><em>αὐτῇ</em></strong></span> <span class='ocrx_word' id='word_1_77' title='bbox 1309 898 1454 963; x_wconf 81' lang='grc' dir='ltr'><strong><em>τάξει</em></strong></span> <span class='ocrx_word' id='word_1_78' title='bbox 1475 907 1578 954; x_wconf 77' lang='grc' dir='ltr'><strong><em>εἴτε</em></strong></span> <span class='ocrx_word' id='word_1_79' title='bbox 1598 902 1687 955; x_wconf 86' lang='grc' dir='ltr'><strong><em>καὶ</em></strong></span> <span class='ocrx_word' id='word_1_80' title='bbox 1706 899 1942 956; x_wconf 80' lang='grc' dir='ltr'><strong><em>ὄπισθεν</em></strong></span> 
     </span>
     <span class='ocr_line' id='line_1_10' title="bbox 267 978 1942 1049; baseline 0.002 -15"><span class='ocrx_word' id='word_1_81' title='bbox 267 981 705 1049; x_wconf 77' lang='grc' dir='ltr'><strong><em>ἐπιτεταγμένον,</em></strong></span> <span class='ocrx_word' id='word_1_82' title='bbox 727 979 923 1049; x_wconf 85' lang='grc' dir='ltr'><strong><em>φόβων</em></strong></span> <span class='ocrx_word' id='word_1_83' title='bbox 952 999 1009 1032; x_wconf 89' lang='grc' dir='ltr'><strong><em>τε</em></strong></span> <span class='ocrx_word' id='word_1_84' title='bbox 1039 978 1198 1033; x_wconf 78' lang='grc' dir='ltr'><strong><em>ἕνεκα</em></strong></span> <span class='ocrx_word' id='word_1_85' title='bbox 1229 990 1339 1042; x_wconf 90' lang='grc' dir='ltr'><strong><em>τοῖς</em></strong></span> <span class='ocrx_word' id='word_1_86' title='bbox 1370 981 1587 1049; x_wconf 81' lang='grc' dir='ltr'><strong><em>ἐχθροῖς</em></strong></span> <span class='ocrx_word' id='word_1_87' title='bbox 1617 984 1706 1035; x_wconf 85' lang='grc' dir='ltr'><strong><em>καὶ</em></strong></span> <span class='ocrx_word' id='word_1_88' title='bbox 1736 989 1788 1036; x_wconf 79' lang='grc' dir='ltr'><strong><em>εἴ</em></strong></span> <span class='ocrx_word' id='word_1_89' title='bbox 1814 999 1942 1038; x_wconf 83' lang='grc' dir='ltr'><strong><em>ποτε·</em></strong></span> 
     </span>
     <span class='ocr_line' id='line_1_11' title="bbox 267 1057 1942 1134; baseline 0.002 -20"><span class='ocrx_word' id='word_1_90' title='bbox 267 1082 344 1124; x_wconf 92' lang='grc' dir='ltr'><strong><em>τις</em></strong></span> <span class='ocrx_word' id='word_1_91' title='bbox 367 1057 580 1130; x_wconf 87' lang='grc' dir='ltr'><strong><em>ἀνάγκη</em></strong></span> <span class='ocrx_word' id='word_1_92' title='bbox 594 1063 856 1130; x_wconf 82' lang='grc' dir='ltr'><strong><em>βοηθείας</em></strong></span> <span class='ocrx_word' id='word_1_93' title='bbox 868 1061 1098 1129; x_wconf 87' lang='grc' dir='ltr'><strong><em>γένοιτο,</em></strong></span> <span class='ocrx_word' id='word_1_94' title='bbox 1122 1057 1206 1114; x_wconf 80' lang='grc' dir='ltr'><strong><em>οἶδ</em></strong></span> <span class='ocrx_word' id='word_1_95' title='bbox 1215 1058 1225 1076; x_wconf 88' lang='grc'><strong>’</strong></span> <span class='ocrx_word' id='word_1_96' title='bbox 1249 1060 1330 1113; x_wconf 84' lang='grc' dir='ltr'><strong><em>ὅτι</em></strong></span> <span class='ocrx_word' id='word_1_97' title='bbox 1351 1061 1522 1132; x_wconf 89' lang='grc' dir='ltr'><strong><em>ταύτῃ</em></strong></span> <span class='ocrx_word' id='word_1_98' title='bbox 1541 1061 1720 1134; x_wconf 87' lang='grc' dir='ltr'><strong><em>πάντῃ</em></strong></span> <span class='ocrx_word' id='word_1_99' title='bbox 1745 1062 1942 1133; x_wconf 73' lang='grc' dir='ltr'><strong><em>ἄμαχοι</em></strong></span> 
     </span>
     <span class='ocr_line' id='line_1_12' title="bbox 267 1138 1940 1215; baseline 0.002 -17"><span class='ocrx_word' id='word_1_100' title='bbox 267 1138 338 1198; x_wconf 79' lang='grc' dir='ltr'><strong><em>ὄὶν</em></strong></span> <span class='ocrx_word' id='word_1_101' title='bbox 360 1142 494 1197; x_wconf 80' lang='grc' dir='ltr'><strong><em>εἷεν·</em></strong></span> <span class='ocrx_word' id='word_1_102' title='bbox 533 1143 623 1197; x_wconf 90' lang='grc' dir='ltr'><strong><em>καὶ</em></strong></span> <span class='ocrx_word' id='word_1_103' title='bbox 644 1148 784 1197; x_wconf 78' lang='grc' dir='ltr'><strong><em>οἴκοι</em></strong></span> <span class='ocrx_word' id='word_1_104' title='bbox 813 1163 874 1211; x_wconf 92' lang='grc' dir='ltr'><strong><em>γε</em></strong></span> <span class='ocrx_word' id='word_1_105' title='bbox 899 1139 934 1195; x_wconf 74' lang='grc' dir='ltr'><em>ὁὶ</em></span> <span class='ocrx_word' id='word_1_106' title='bbox 959 1146 1346 1211; x_wconf 81' lang='grc' dir='ltr'><strong><em>παραλείπεται</em></strong></span> <span class='ocrx_word' id='word_1_107' title='bbox 1378 1139 1582 1213; x_wconf 85' lang='grc' dir='ltr'><strong><em>ἀγαθά,</em></strong></span> <span class='ocrx_word' id='word_1_108' title='bbox 1617 1141 1719 1200; x_wconf 79' lang='grc' dir='ltr'><strong><em>ὅσα</em></strong></span> <span class='ocrx_word' id='word_1_109' title='bbox 1749 1140 1818 1198; x_wconf 70' lang='grc' dir='ltr'><strong><em>ἄν</em></strong></span> <span class='ocrx_word' id='word_1_110' title='bbox 1859 1153 1940 1215; x_wconf 78' lang='grc' dir='ltr'><strong><em>εἴη</em></strong></span> 
     </span>
    </p>

    <p class='ocr_par' dir='ltr' id='par_1_5' title="bbox 153 1220 1942 2191">
     <span class='ocr_line' id='line_1_13' title="bbox 212 1220 1942 1294; baseline 0.005 -20"><span class='ocrx_word' id='word_1_111' title='bbox 212 1235 244 1274; x_wconf 88' lang='grc' dir='ltr'>Ε</span> <span class='ocrx_word' id='word_1_112' title='bbox 272 1223 474 1293; x_wconf 83' lang='grc' dir='ltr'><strong><em>αὐτοῖς,</em></strong></span> <span class='ocrx_word' id='word_1_113' title='bbox 515 1221 655 1292; x_wconf 74' lang='lat'>‹3903-</span> <span class='ocrx_word' id='word_1_114' title='bbox 695 1221 818 1278; x_wconf 88' lang='grc' dir='ltr'><strong><em>ἀλλ’</em></strong></span> <span class='ocrx_word' id='word_1_115' title='bbox 859 1220 930 1286; x_wconf 76' lang='grc' dir='ltr'><strong><em>ὡς</em></strong></span> <span class='ocrx_word' id='word_1_116' title='bbox 967 1225 1102 1292; x_wconf 83' lang='grc' dir='ltr'><strong><em>ἐμοῦ</em></strong></span> <span class='ocrx_word' id='word_1_117' title='bbox 1132 1221 1537 1294; x_wconf 85' lang='grc' dir='ltr'><strong><em>ὁμολογοῦντος</em></strong></span> <span class='ocrx_word' id='word_1_118' title='bbox 1567 1226 1744 1281; x_wconf 89' lang='grc' dir='ltr'><strong><em>πάντα</em></strong></span> <span class='ocrx_word' id='word_1_119' title='bbox 1769 1234 1942 1282; x_wconf 84' lang='grc' dir='ltr'><strong><em>ταῦτα</em></strong></span> 
     </span>
     <span class='ocr_line' id='line_1_14' title="bbox 269 1301 1939 1380; baseline 0.001 -19"><span class='ocrx_word' id='word_1_120' title='bbox 269 1305 352 1361; x_wconf 79' lang='grc' dir='ltr'><strong><em>ὅτι</em></strong></span> <span class='ocrx_word' id='word_1_121' title='bbox 375 1313 458 1376; x_wconf 71' lang='grc' dir='ltr'><strong><em>εἴη</em></strong></span> <span class='ocrx_word' id='word_1_122' title='bbox 479 1301 548 1359; x_wconf 71' lang='grc' dir='ltr'><strong><em>ἂν</em></strong></span> <span class='ocrx_word' id='word_1_123' title='bbox 567 1306 654 1359; x_wconf 81' lang='grc' dir='ltr'><strong><em>καὶ</em></strong></span> <span class='ocrx_word' id='word_1_124' title='bbox 677 1303 816 1359; x_wconf 78' lang='grc' dir='ltr'><strong><em>ἄλλα</em></strong></span> <span class='ocrx_word' id='word_1_125' title='bbox 835 1325 896 1373; x_wconf 92' lang='grc' dir='ltr'><strong><em>γε</em></strong></span> <span class='ocrx_word' id='word_1_126' title='bbox 915 1307 1100 1374; x_wconf 81' lang='grc' dir='ltr'><strong><em>μυρία,</em></strong></span> <span class='ocrx_word' id='word_1_127' title='bbox 1133 1308 1182 1359; x_wconf 85' lang='grc' dir='ltr'><strong><em>εἰ</em></strong></span> <span class='ocrx_word' id='word_1_128' title='bbox 1206 1307 1418 1374; x_wconf 89' lang='grc' dir='ltr'><strong><em>γένοιτο</em></strong></span> <span class='ocrx_word' id='word_1_129' title='bbox 1447 1303 1479 1377; x_wconf 82' lang='grc' dir='ltr'>ἡ</span> <span class='ocrx_word' id='word_1_130' title='bbox 1511 1313 1751 1362; x_wconf 87' lang='grc' dir='ltr'><strong><em>πολιτεία</em></strong></span> <span class='ocrx_word' id='word_1_131' title='bbox 1780 1307 1939 1380; x_wconf 79' lang='grc' dir='ltr'><strong><em>αὕτη,</em></strong></span> 
     </span>
     <span class='ocr_line' id='line_1_15' title="bbox 268 1383 1941 1459; baseline 0.002 -17"><span class='ocrx_word' id='word_1_132' title='bbox 268 1390 455 1458; x_wconf 84' lang='grc' dir='ltr'><strong><em>μηκέτι</em></strong></span> <span class='ocrx_word' id='word_1_133' title='bbox 474 1390 643 1441; x_wconf 87' lang='grc' dir='ltr'><strong><em>πλείω</em></strong></span> <span class='ocrx_word' id='word_1_134' title='bbox 663 1387 786 1455; x_wconf 83' lang='grc' dir='ltr'><strong><em>περὶ</em></strong></span> <span class='ocrx_word' id='word_1_135' title='bbox 807 1383 976 1455; x_wconf 84' lang='grc' dir='ltr'><strong><em>αὐτῆς</em></strong></span> <span class='ocrx_word' id='word_1_136' title='bbox 994 1387 1133 1454; x_wconf 90' lang='grc' dir='ltr'><strong><em>λέγε,</em></strong></span> <span class='ocrx_word' id='word_1_137' title='bbox 1162 1384 1300 1441; x_wconf 79' lang='grc' dir='ltr'><strong><em>ἀλλὰ</em></strong></span> <span class='ocrx_word' id='word_1_138' title='bbox 1329 1393 1491 1442; x_wconf 84' lang='grc' dir='ltr'><strong><em>τοῦτο</em></strong></span> <span class='ocrx_word' id='word_1_139' title='bbox 1519 1385 1652 1443; x_wconf 81' lang='grc' dir='ltr'><strong><em>αὐτὸ</em></strong></span> <span class='ocrx_word' id='word_1_140' title='bbox 1683 1387 1788 1459; x_wconf 86' lang='grc' dir='ltr'><strong><em>ἤδη</em></strong></span> <span class='ocrx_word' id='word_1_141' title='bbox 1821 1410 1941 1446; x_wconf 89' lang='grc' dir='ltr'><strong><em>πει-</em></strong></span> 
     </span>
     <span class='ocr_line' id='line_1_16' title="bbox 269 1464 1939 1546; baseline 0.002 -21"><span class='ocrx_word' id='word_1_142' title='bbox 269 1470 499 1541; x_wconf 81' lang='grc' dir='ltr'><strong><em>ρώμεθα</em></strong></span> <span class='ocrx_word' id='word_1_143' title='bbox 518 1466 658 1540; x_wconf 80' lang='grc' dir='ltr'><strong><em>ἡμᾶς</em></strong></span> <span class='ocrx_word' id='word_1_144' title='bbox 679 1467 882 1532; x_wconf 77' lang='grc' dir='ltr'><strong><em>αύτούς</em></strong></span> <span class='ocrx_word' id='word_1_145' title='bbox 902 1473 1133 1535; x_wconf 87' lang='grc' dir='ltr'><strong><em>πείθειν,</em></strong></span> <span class='ocrx_word' id='word_1_146' title='bbox 1158 1466 1229 1534; x_wconf 77' lang='grc' dir='ltr'><strong><em>ὡς</em></strong></span> <span class='ocrx_word' id='word_1_147' title='bbox 1249 1469 1490 1525; x_wconf 86' lang='grc' dir='ltr'><strong><em>δυνατὸν</em></strong></span> <span class='ocrx_word' id='word_1_148' title='bbox 1509 1473 1597 1526; x_wconf 84' lang='grc' dir='ltr'><strong><em>καὶ</em></strong></span> <span class='ocrx_word' id='word_1_149' title='bbox 1614 1464 1648 1544; x_wconf 77' lang='grc' dir='ltr'><em>ᾗ</em></span> <span class='ocrx_word' id='word_1_150' title='bbox 1680 1475 1939 1546; x_wconf 86' lang='grc' dir='ltr'><strong><em>δυνατόν,</em></strong></span> 
     </span>
     <span class='ocr_line' id='line_1_17' title="bbox 153 1547 1940 1625; baseline 0.002 -18"><span class='ocrx_word' id='word_1_151' title='bbox 153 1562 238 1607; x_wconf 77' lang='lat'><strong><em>472</em></strong></span> <span class='ocrx_word' id='word_1_152' title='bbox 265 1550 330 1606; x_wconf 83' lang='grc' dir='ltr'><strong><em>τὰ</em></strong></span> <span class='ocrx_word' id='word_1_153' title='bbox 370 1547 421 1604; x_wconf 87' lang='grc' dir='ltr'><strong><em>δ’</em></strong></span> <span class='ocrx_word' id='word_1_154' title='bbox 464 1548 602 1604; x_wconf 79' lang='grc' dir='ltr'><strong><em>ἄλλα</em></strong></span> <span class='ocrx_word' id='word_1_155' title='bbox 636 1555 846 1619; x_wconf 85' lang='grc' dir='ltr'><strong><em>χαίρειν</em></strong></span> <span class='ocrx_word' id='word_1_156' title='bbox 883 1551 1072 1619; x_wconf 80' lang='grc' dir='ltr'><strong><em>ἐῶμεν.</em></strong></span> <span class='ocrx_word' id='word_1_157' title='bbox 1107 1547 1391 1622; x_wconf 81' lang='grc' dir='ltr'><strong><em>Ἐξαίφνης</em></strong></span> <span class='ocrx_word' id='word_1_158' title='bbox 1420 1574 1481 1621; x_wconf 89' lang='grc' dir='ltr'><strong><em>γε</em></strong></span> <span class='ocrx_word' id='word_1_159' title='bbox 1512 1554 1599 1622; x_wconf 89' lang='grc' dir='ltr'><strong><em>σύ,</em></strong></span> <span class='ocrx_word' id='word_1_160' title='bbox 1631 1548 1704 1625; x_wconf 77' lang='grc' dir='ltr'><strong><em>ἦν</em></strong></span> <span class='ocrx_word' id='word_1_161' title='bbox 1734 1554 1785 1609; x_wconf 86' lang='grc' dir='ltr'><strong><em>δ’</em></strong></span> <span class='ocrx_word' id='word_1_162' title='bbox 1817 1555 1940 1625; x_wconf 74' lang='grc' dir='ltr'><strong><em>ἐγώ,</em></strong></span> 
     </span>
     <span class='ocr_line' id='line_1_18' title="bbox 269 1628 1942 1704; baseline 0.002 -17"><span class='ocrx_word' id='word_1_163' title='bbox 269 1632 451 1702; x_wconf 74' lang='grc' dir='ltr'><strong><em>ὥσπερ</em></strong></span> <span class='ocrx_word' id='word_1_164' title='bbox 482 1628 837 1700; x_wconf 81' lang='grc' dir='ltr'><strong><em>καταδρομὴν</em></strong></span> <span class='ocrx_word' id='word_1_165' title='bbox 873 1630 1111 1701; x_wconf 84' lang='grc' dir='ltr'><strong><em>ἐποιήσω</em></strong></span> <span class='ocrx_word' id='word_1_166' title='bbox 1149 1631 1232 1685; x_wconf 84' lang='grc' dir='ltr'><strong><em>ἐπὶ</em></strong></span> <span class='ocrx_word' id='word_1_167' title='bbox 1271 1629 1370 1685; x_wconf 85' lang='grc' dir='ltr'><strong><em>τὸν</em></strong></span> <span class='ocrx_word' id='word_1_168' title='bbox 1397 1633 1566 1703; x_wconf 90' lang='grc' dir='ltr'><strong><em>λόγον</em></strong></span> <span class='ocrx_word' id='word_1_169' title='bbox 1601 1656 1727 1704; x_wconf 87' lang='grc' dir='ltr'><strong><em>μου,</em></strong></span> <span class='ocrx_word' id='word_1_170' title='bbox 1756 1637 1846 1690; x_wconf 86' lang='grc' dir='ltr'><strong><em>καὶ</em></strong></span> <span class='ocrx_word' id='word_1_171' title='bbox 1874 1635 1942 1690; x_wconf 83' lang='grc' dir='ltr'><strong><em>οὐ</em></strong></span> 
     </span>
     <span class='ocr_line' id='line_1_19' title="bbox 267 1711 1942 1787; baseline 0.002 -19"><span class='ocrx_word' id='word_1_172' title='bbox 267 1711 698 1783; x_wconf 75' lang='grc' dir='ltr'><strong><em>συγγιγνώσκεις</em></strong></span> <span class='ocrx_word' id='word_1_173' title='bbox 729 1713 1199 1783; x_wconf 77' lang='grc' dir='ltr'><strong><em>στραγγευομένῳ.</em></strong></span> <span class='ocrx_word' id='word_1_174' title='bbox 1242 1720 1371 1777; x_wconf 76' lang='grc' dir='ltr'><strong><em>ἴσως</em></strong></span> <span class='ocrx_word' id='word_1_175' title='bbox 1397 1712 1501 1784; x_wconf 78' lang='grc' dir='ltr'><strong><em>γάρ</em></strong></span> <span class='ocrx_word' id='word_1_176' title='bbox 1530 1714 1631 1770; x_wconf 82' lang='grc' dir='ltr'><strong><em>οὐκ</em></strong></span> <span class='ocrx_word' id='word_1_177' title='bbox 1653 1714 1836 1787; x_wconf 82' lang='grc' dir='ltr'><strong><em>οἶσθα,</em></strong></span> <span class='ocrx_word' id='word_1_178' title='bbox 1859 1715 1942 1771; x_wconf 80' lang='grc' dir='ltr'><strong><em>ὅτι</em></strong></span> 
     </span>
     <span class='ocr_line' id='line_1_20' title="bbox 267 1791 1942 1867; baseline 0.002 -17"><span class='ocrx_word' id='word_1_179' title='bbox 267 1794 423 1866; x_wconf 87' lang='grc' dir='ltr'><strong><em>μόγις</em></strong></span> <span class='ocrx_word' id='word_1_180' title='bbox 447 1815 540 1863; x_wconf 88' lang='grc' dir='ltr'><strong><em>μοι</em></strong></span> <span class='ocrx_word' id='word_1_181' title='bbox 566 1791 640 1847; x_wconf 78' lang='grc' dir='ltr'><strong><em>τω</em></strong></span> <span class='ocrx_word' id='word_1_182' title='bbox 667 1792 782 1848; x_wconf 91' lang='grc' dir='ltr'><strong><em>δύω</em></strong></span> <span class='ocrx_word' id='word_1_183' title='bbox 803 1792 1010 1863; x_wconf 83' lang='grc' dir='ltr'><strong><em>κύματε</em></strong></span> <span class='ocrx_word' id='word_1_184' title='bbox 1030 1793 1329 1863; x_wconf 84' lang='grc' dir='ltr'><strong><em>ἐκφυγόντι</em></strong></span> <span class='ocrx_word' id='word_1_185' title='bbox 1349 1801 1457 1850; x_wconf 82' lang='grc' dir='ltr'><strong><em>νῦν</em></strong></span> <span class='ocrx_word' id='word_1_186' title='bbox 1485 1796 1545 1851; x_wconf 85' lang='grc' dir='ltr'><strong><em>τὸ</em></strong></span> <span class='ocrx_word' id='word_1_187' title='bbox 1566 1800 1822 1867; x_wconf 88' lang='grc' dir='ltr'><strong><em>μέγιστον</em></strong></span> <span class='ocrx_word' id='word_1_188' title='bbox 1851 1800 1942 1854; x_wconf 86' lang='grc' dir='ltr'><strong><em>καὶ</em></strong></span> 
     </span>
     <span class='ocr_line' id='line_1_21' title="bbox 266 1873 1940 1951; baseline 0.004 -22"><span class='ocrx_word' id='word_1_189' title='bbox 266 1875 651 1946; x_wconf 79' lang='grc' dir='ltr'><strong><em>χαλεπώτατον</em></strong></span> <span class='ocrx_word' id='word_1_190' title='bbox 670 1881 765 1945; x_wconf 88' lang='grc' dir='ltr'><strong><em>τῆς</em></strong></span> <span class='ocrx_word' id='word_1_191' title='bbox 784 1879 1068 1944; x_wconf 88' lang='grc' dir='ltr'><strong><em>τρικυμίας</em></strong></span> <span class='ocrx_word' id='word_1_192' title='bbox 1088 1875 1322 1945; x_wconf 84' lang='grc' dir='ltr'><strong><em>ἐπάγεις,</em></strong></span> <span class='ocrx_word' id='word_1_193' title='bbox 1344 1873 1375 1931; x_wconf 82' lang='grc' dir='ltr'>ὃ</span> <span class='ocrx_word' id='word_1_194' title='bbox 1393 1876 1617 1932; x_wconf 72' lang='grc' dir='ltr'><strong><em>ἐπειδᾶν</em></strong></span> <span class='ocrx_word' id='word_1_195' title='bbox 1636 1883 1754 1951; x_wconf 77' lang='grc' dir='ltr'><strong><em>ἴδῃς</em></strong></span> <span class='ocrx_word' id='word_1_196' title='bbox 1772 1901 1827 1934; x_wconf 91' lang='grc' dir='ltr'><strong><em>τε</em></strong></span> <span class='ocrx_word' id='word_1_197' title='bbox 1851 1881 1940 1935; x_wconf 84' lang='grc' dir='ltr'><strong><em>καὶ</em></strong></span> 
     </span>
     <span class='ocr_line' id='line_1_22' title="bbox 268 1955 1939 2028; baseline 0.002 -16"><span class='ocrx_word' id='word_1_198' title='bbox 268 1956 528 2028; x_wconf 81' lang='grc' dir='ltr'><strong><em>ἀκούσῃς,</em></strong></span> <span class='ocrx_word' id='word_1_199' title='bbox 549 1955 698 2010; x_wconf 89' lang='grc' dir='ltr'><strong><em>πάνυ</em></strong></span> <span class='ocrx_word' id='word_1_200' title='bbox 725 1956 1222 2027; x_wconf 74' lang='grc' dir='ltr'><strong><em>συγγνώμηνὲξεις,</em></strong></span> <span class='ocrx_word' id='word_1_201' title='bbox 1246 1956 1330 2012; x_wconf 79' lang='grc' dir='ltr'><strong><em>ὅτι</em></strong></span> <span class='ocrx_word' id='word_1_202' title='bbox 1350 1958 1571 2022; x_wconf 82' lang='grc' dir='ltr'><strong><em>εἰκότως</em></strong></span> <span class='ocrx_word' id='word_1_203' title='bbox 1592 1957 1699 2027; x_wconf 73' lang='grc' dir='ltr'><strong><em>ἄρα</em></strong></span> <span class='ocrx_word' id='word_1_204' title='bbox 1719 1958 1939 2015; x_wconf 73' lang='grc' dir='ltr'><strong><em>ὤκνουν</em></strong></span> 
     </span>
     <span class='ocr_line' id='line_1_23' title="bbox 266 2035 1939 2108; baseline 0 -15"><span class='ocrx_word' id='word_1_205' title='bbox 266 2060 322 2093; x_wconf 88' lang='grc' dir='ltr'><strong><em>τε</em></strong></span> <span class='ocrx_word' id='word_1_206' title='bbox 342 2040 431 2093; x_wconf 87' lang='grc' dir='ltr'><strong><em>καὶ</em></strong></span> <span class='ocrx_word' id='word_1_207' title='bbox 455 2041 699 2107; x_wconf 82' lang='grc' dir='ltr'><strong><em>ἐδεδοίκη</em></strong></span> <span class='ocrx_word' id='word_1_208' title='bbox 730 2035 878 2091; x_wconf 76' lang='grc' dir='ltr'><strong><em>οὕτω</em></strong></span> <span class='ocrx_word' id='word_1_209' title='bbox 904 2037 1220 2105; x_wconf 81' lang='grc' dir='ltr'><strong><em>παράδοξον</em></strong></span> <span class='ocrx_word' id='word_1_210' title='bbox 1239 2041 1418 2106; x_wconf 89' lang='grc' dir='ltr'><strong><em>λεγειν</em></strong></span> <span class='ocrx_word' id='word_1_211' title='bbox 1436 2038 1606 2108; x_wconf 87' lang='grc' dir='ltr'><strong><em>λόγον</em></strong></span> <span class='ocrx_word' id='word_1_212' title='bbox 1635 2061 1691 2094; x_wconf 91' lang='grc' dir='ltr'><strong><em>τε</em></strong></span> <span class='ocrx_word' id='word_1_213' title='bbox 1714 2041 1802 2095; x_wconf 87' lang='grc' dir='ltr'><strong><em>καὶ</em></strong></span> <span class='ocrx_word' id='word_1_214' title='bbox 1821 2042 1939 2095; x_wconf 90' lang='grc' dir='ltr'><strong><em>ἐπι-</em></strong></span> 
     </span>
     <span class='ocr_line' id='line_1_24' title="bbox 266 2115 1939 2192; baseline 0.002 -20"><span class='ocrx_word' id='word_1_215' title='bbox 266 2129 466 2190; x_wconf 88' lang='grc' dir='ltr'><strong><em>χειρεῖν</em></strong></span> <span class='ocrx_word' id='word_1_216' title='bbox 486 2122 823 2173; x_wconf 82' lang='grc' dir='ltr'><strong><em>διασκοπεῖν.</em></strong></span> <span class='ocrx_word' id='word_1_217' title='bbox 865 2115 1010 2172; x_wconf 88' lang='grc' dir='ltr'><strong><em>Όσω</em></strong></span> <span class='ocrx_word' id='word_1_218' title='bbox 1034 2117 1122 2186; x_wconf 90' lang='grc' dir='ltr'><strong><em>άν,</em></strong></span> <span class='ocrx_word' id='word_1_219' title='bbox 1153 2122 1276 2188; x_wconf 78' lang='grc' dir='ltr'><strong><em>ἔφη,</em></strong></span> <span class='ocrx_word' id='word_1_220' title='bbox 1306 2124 1534 2173; x_wconf 82' lang='grc' dir='ltr'><strong><em>τοιαῦτα</em></strong></span> <span class='ocrx_word' id='word_1_221' title='bbox 1565 2125 1731 2174; x_wconf 77' lang='grc' dir='ltr'><strong><em>πλείω</em></strong></span> <span class='ocrx_word' id='word_1_222' title='bbox 1762 2124 1939 2192; x_wconf 82' lang='grc' dir='ltr'><strong><em>λέγῃς,</em></strong></span> 
     </span>
    </p>

    <p class='ocr_par' dir='ltr' id='par_1_6' title="bbox 11 2195 1942 2758">
     <span class='ocr_line' id='line_1_25' title="bbox 205 2195 1939 2300; baseline 0.002 -48"><span class='ocrx_word' id='word_1_223' title='bbox 205 2212 238 2252; x_wconf 94' lang='grc' dir='ltr'>Β</span> <span class='ocrx_word' id='word_1_224' title='bbox 268 2201 435 2270; x_wconf 87' lang='grc' dir='ltr'><strong><em>ἡττον</em></strong></span> <span class='ocrx_word' id='word_1_225' title='bbox 454 2200 727 2270; x_wconf 83' lang='grc' dir='ltr'><strong><em>ἀφεθήσει</em></strong></span> <span class='ocrx_word' id='word_1_226' title='bbox 749 2195 850 2269; x_wconf 83' lang='grc' dir='ltr'><strong><em>ὑφ’</em></strong></span> <span class='ocrx_word' id='word_1_227' title='bbox 882 2197 1039 2269; x_wconf 82' lang='grc' dir='ltr'><strong><em>ἡμων</em></strong></span> <span class='ocrx_word' id='word_1_228' title='bbox 1057 2197 1194 2271; x_wconf 84' lang='grc' dir='ltr'><strong><em>πρὸς</em></strong></span> <span class='ocrx_word' id='word_1_229' title='bbox 1223 2200 1283 2254; x_wconf 84' lang='grc' dir='ltr'><strong><em>τὸ</em></strong></span> <span class='ocrx_word' id='word_1_230' title='bbox 1305 2222 1377 2300; x_wconf 90' lang='grc' dir='ltr'><strong><em>μη</em></strong></span> <span class='ocrx_word' id='word_1_231' title='bbox 1409 2205 1596 2270; x_wconf 83' lang='grc' dir='ltr'><strong><em>εἰπεῖν,</em></strong></span> <span class='ocrx_word' id='word_1_232' title='bbox 1625 2207 1701 2271; x_wconf 82' lang='grc' dir='ltr'><strong><em>πῇ</em></strong></span> <span class='ocrx_word' id='word_1_233' title='bbox 1734 2201 1939 2272; x_wconf 83' lang='grc' dir='ltr'><strong><em>δυνατὴ</em></strong></span> 
     </span>
     <span class='ocr_line' id='line_1_26' title="bbox 11 2278 1936 2382; baseline 0 -46"><span class='ocrx_word' id='word_1_234' title='bbox 11 2301 232 2363; x_wconf 30' lang='grc' dir='ltr'>Ἃ</span> <span class='ocrx_word' id='word_1_235' title='bbox 265 2287 558 2351; x_wconf 89' lang='grc' dir='ltr'><strong><em>γίγνεσθαι</em></strong></span> <span class='ocrx_word' id='word_1_236' title='bbox 595 2279 735 2382; x_wconf 81' lang='grc' dir='ltr'><strong><em>αὕτη</em></strong></span> <span class='ocrx_word' id='word_1_237' title='bbox 764 2278 797 2351; x_wconf 83' lang='grc' dir='ltr'><em>ἡ</em></span> <span class='ocrx_word' id='word_1_238' title='bbox 832 2285 1099 2336; x_wconf 89' lang='grc' dir='ltr'><strong><em>πολιτεία·</em></strong></span> <span class='ocrx_word' id='word_1_239' title='bbox 1138 2279 1277 2335; x_wconf 80' lang='grc' dir='ltr'><strong><em>ἀλλὰ</em></strong></span> <span class='ocrx_word' id='word_1_240' title='bbox 1307 2283 1428 2351; x_wconf 88' lang='grc' dir='ltr'><strong><em>λέγε</em></strong></span> <span class='ocrx_word' id='word_1_241' title='bbox 1460 2284 1548 2336; x_wconf 88' lang='grc' dir='ltr'><strong><em>καὶ</em></strong></span> <span class='ocrx_word' id='word_1_242' title='bbox 1577 2280 1648 2352; x_wconf 87' lang='grc' dir='ltr'><strong><em>μὴ</em></strong></span> <span class='ocrx_word' id='word_1_243' title='bbox 1681 2282 1936 2353; x_wconf 87' lang='grc' dir='ltr'><strong><em>διάτριβε</em></strong></span> 
     </span>
     <span class='ocr_line' id='line_1_27' title="bbox 248 2359 1940 2433; baseline -0.002 -12.959"><span class='ocrx_word' id='word_1_244' title='bbox 248 2360 516 2430; x_wconf 78' lang='grc' dir='ltr'><strong><em>Οὐκοῦν,</em></strong></span> <span class='ocrx_word' id='word_1_245' title='bbox 538 2384 610 2432; x_wconf 90' lang='grc' dir='ltr'><strong><em>ην</em></strong></span> <span class='ocrx_word' id='word_1_246' title='bbox 631 2359 682 2415; x_wconf 86' lang='grc' dir='ltr'><strong><em>δ’</em></strong></span> <span class='ocrx_word' id='word_1_247' title='bbox 705 2362 831 2431; x_wconf 89' lang='grc' dir='ltr'><strong><em>ἐγω,</em></strong></span> <span class='ocrx_word' id='word_1_248' title='bbox 853 2382 1074 2432; x_wconf 87' lang='grc' dir='ltr'><strong><em>πρωτον</em></strong></span> <span class='ocrx_word' id='word_1_249' title='bbox 1091 2384 1192 2431; x_wconf 90' lang='grc' dir='ltr'><strong><em>μεν</em></strong></span> <span class='ocrx_word' id='word_1_250' title='bbox 1220 2362 1345 2416; x_wconf 90' lang='grc' dir='ltr'><strong><em>τόδε</em></strong></span> <span class='ocrx_word' id='word_1_251' title='bbox 1372 2360 1473 2433; x_wconf 83' lang='grc' dir='ltr'><strong><em>χρὴ</em></strong></span> <span class='ocrx_word' id='word_1_252' title='bbox 1496 2360 1940 2432; x_wconf 86' lang='grc' dir='ltr'><strong><em>ἀναμνησθῆναι,</em></strong></span> 
     </span>
     <span class='ocr_line' id='line_1_28' title="bbox 268 2439 1942 2516; baseline -0.001 -16"><span class='ocrx_word' id='word_1_253' title='bbox 268 2445 352 2501; x_wconf 82' lang='grc' dir='ltr'><strong><em>ὅτι</em></strong></span> <span class='ocrx_word' id='word_1_254' title='bbox 379 2442 533 2516; x_wconf 84' lang='grc' dir='ltr'><strong><em>ἡμεῖς</em></strong></span> <span class='ocrx_word' id='word_1_255' title='bbox 569 2447 855 2514; x_wconf 82' lang='grc' dir='ltr'><strong><em>ζητοῦντες</em></strong></span> <span class='ocrx_word' id='word_1_256' title='bbox 896 2444 1257 2514; x_wconf 87' lang='grc' dir='ltr'><strong><em>δικαιοσύνην</em></strong></span> <span class='ocrx_word' id='word_1_257' title='bbox 1295 2439 1415 2498; x_wconf 83' lang='grc' dir='ltr'><strong><em>οἷόν</em></strong></span> <span class='ocrx_word' id='word_1_258' title='bbox 1451 2446 1562 2498; x_wconf 89' lang='grc' dir='ltr'><strong><em>ἐστι</em></strong></span> <span class='ocrx_word' id='word_1_259' title='bbox 1598 2444 1687 2498; x_wconf 89' lang='grc' dir='ltr'><strong><em>καὶ</em></strong></span> <span class='ocrx_word' id='word_1_260' title='bbox 1724 2442 1942 2498; x_wconf 88' lang='grc' dir='ltr'><strong><em>ἀδικιαν</em></strong></span> 
     </span>
     <span class='ocr_line' id='line_1_29' title="bbox 269 2522 1935 2623; baseline -0.002 -42"><span class='ocrx_word' id='word_1_261' title='bbox 269 2530 436 2597; x_wconf 88' lang='grc' dir='ltr'><strong><em>δεῦρο</em></strong></span> <span class='ocrx_word' id='word_1_262' title='bbox 443 2524 683 2623; x_wconf 68' lang='grc' dir='ltr'><strong><em>ῃκομεν.</em></strong></span> <span class='ocrx_word' id='word_1_263' title='bbox 714 2524 860 2595; x_wconf 83' lang='grc' dir='ltr'><strong><em>Χρή·</em></strong></span> <span class='ocrx_word' id='word_1_264' title='bbox 882 2522 1018 2579; x_wconf 75' lang='grc' dir='ltr'><strong><em>ἀλλὰ</em></strong></span> <span class='ocrx_word' id='word_1_265' title='bbox 1042 2531 1097 2579; x_wconf 88' lang='grc' dir='ltr'><strong><em>τί</em></strong></span> <span class='ocrx_word' id='word_1_266' title='bbox 1110 2524 1275 2579; x_wconf 85' lang='grc' dir='ltr'><strong><em>τοῦτό</em></strong></span> <span class='ocrx_word' id='word_1_267' title='bbox 1297 2522 1380 2594; x_wconf 84' lang='grc' dir='ltr'><strong><em>γ’;</em></strong></span> <span class='ocrx_word' id='word_1_268' title='bbox 1418 2528 1536 2595; x_wconf 82' lang='grc' dir='ltr'><strong><em>ἔφη.</em></strong></span> <span class='ocrx_word' id='word_1_269' title='bbox 1579 2522 1789 2578; x_wconf 82' lang='grc' dir='ltr'><strong><em>Οὐδέν·</em></strong></span> <span class='ocrx_word' id='word_1_270' title='bbox 1814 2523 1935 2579; x_wconf 83' lang='grc' dir='ltr'><strong><em>ἀλλ’</em></strong></span> 
     </span>
     <span class='ocr_line' id='line_1_30' title="bbox 269 2601 1942 2678; baseline -0.002 -16"><span class='ocrx_word' id='word_1_271' title='bbox 269 2606 366 2662; x_wconf 78' lang='grc' dir='ltr'><strong><em>ἐὰν</em></strong></span> <span class='ocrx_word' id='word_1_272' title='bbox 406 2605 656 2678; x_wconf 81' lang='grc' dir='ltr'><strong><em>εὕρωμεν</em></strong></span> <span class='ocrx_word' id='word_1_273' title='bbox 683 2601 804 2661; x_wconf 85' lang='grc' dir='ltr'><strong><em>οἷόν</em></strong></span> <span class='ocrx_word' id='word_1_274' title='bbox 843 2607 958 2660; x_wconf 90' lang='grc' dir='ltr'><strong><em>ἐστι</em></strong></span> <span class='ocrx_word' id='word_1_275' title='bbox 988 2606 1327 2675; x_wconf 84' lang='grc' dir='ltr'><strong><em>δικαιοσύνη,</em></strong></span> <span class='ocrx_word' id='word_1_276' title='bbox 1357 2627 1464 2676; x_wconf 89' lang='grc' dir='ltr'><strong><em>αρα</em></strong></span> <span class='ocrx_word' id='word_1_277' title='bbox 1503 2607 1593 2660; x_wconf 84' lang='grc' dir='ltr'><strong><em>καὶ</em></strong></span> <span class='ocrx_word' id='word_1_278' title='bbox 1630 2603 1806 2675; x_wconf 79' lang='grc' dir='ltr'><strong><em>ἄνδρα</em></strong></span> <span class='ocrx_word' id='word_1_279' title='bbox 1842 2603 1942 2660; x_wconf 85' lang='grc' dir='ltr'><strong><em>τὸν</em></strong></span> 
     </span>
     <span class='ocr_line' id='line_1_31' title="bbox 270 2685 1936 2758; baseline -0.002 -16"><span class='ocrx_word' id='word_1_280' title='bbox 270 2693 484 2743; x_wconf 87' lang='grc' dir='ltr'><strong><em>δίκαιον</em></strong></span> <span class='ocrx_word' id='word_1_281' title='bbox 504 2687 813 2758; x_wconf 75' lang='grc' dir='ltr'><strong><em>ἀξιώσομεν</em></strong></span> <span class='ocrx_word' id='word_1_282' title='bbox 842 2691 1013 2758; x_wconf 83' lang='grc' dir='ltr'><strong><em>μηδὲν</em></strong></span> <span class='ocrx_word' id='word_1_283' title='bbox 1051 2691 1167 2742; x_wconf 88' lang='grc' dir='ltr'><strong><em>δεῖν</em></strong></span> <span class='ocrx_word' id='word_1_284' title='bbox 1202 2685 1369 2757; x_wconf 80' lang='grc' dir='ltr'><strong><em>αὐτῆς</em></strong></span> <span class='ocrx_word' id='word_1_285' title='bbox 1395 2689 1603 2755; x_wconf 81' lang='grc' dir='ltr'><strong><em>ἐκείνης</em></strong></span> <span class='ocrx_word' id='word_1_286' title='bbox 1639 2686 1936 2755; x_wconf 86' lang='grc' dir='ltr'><strong><em>διαφέρειν,</em></strong></span> 
     </span>
    </p>

    <p class='ocr_par' dir='ltr' id='par_1_7' title="bbox 209 2762 1940 2918">
     <span class='ocr_line' id='line_1_32' title="bbox 209 2762 1940 2840; baseline -0.001 -20"><span class='ocrx_word' id='word_1_287' title='bbox 209 2778 239 2819; x_wconf 87' lang='lat' dir='ltr'>C</span> <span class='ocrx_word' id='word_1_288' title='bbox 271 2765 406 2821; x_wconf 79' lang='grc' dir='ltr'><strong><em>ἀλλὰ</em></strong></span> <span class='ocrx_word' id='word_1_289' title='bbox 445 2773 689 2840; x_wconf 79' lang='grc' dir='ltr'><strong><em>πανταχῇ</em></strong></span> <span class='ocrx_word' id='word_1_290' title='bbox 722 2774 975 2823; x_wconf 85' lang='grc' dir='ltr'><strong><em>τοιοῦτον</em></strong></span> <span class='ocrx_word' id='word_1_291' title='bbox 1015 2766 1171 2836; x_wconf 80' lang='grc' dir='ltr'><strong><em>εἶναι,</em></strong></span> <span class='ocrx_word' id='word_1_292' title='bbox 1202 2763 1321 2822; x_wconf 83' lang='grc' dir='ltr'><strong><em>οἷον</em></strong></span> <span class='ocrx_word' id='word_1_293' title='bbox 1348 2765 1666 2834; x_wconf 85' lang='grc' dir='ltr'><strong><em>δικαιοσύνη</em></strong></span> <span class='ocrx_word' id='word_1_294' title='bbox 1703 2767 1864 2835; x_wconf 84' lang='grc' dir='ltr'><strong><em>ἐστίν,</em></strong></span> <span class='ocrx_word' id='word_1_295' title='bbox 1906 2762 1940 2836; x_wconf 80' lang='grc' dir='ltr'><strong><em>ἦ</em></strong></span> 
     </span>
     <span class='ocr_line' id='line_1_33' title="bbox 270 2843 1939 2918; baseline 0 -17"><span class='ocrx_word' id='word_1_296' title='bbox 270 2847 642 2918; x_wconf 83' lang='grc' dir='ltr'><strong><em>ἀγαπήσομεν,</em></strong></span> <span class='ocrx_word' id='word_1_297' title='bbox 665 2849 762 2904; x_wconf 77' lang='grc' dir='ltr'><strong><em>ἐάν</em></strong></span> <span class='ocrx_word' id='word_1_298' title='bbox 782 2849 814 2904; x_wconf 81' lang='grc' dir='ltr'>ὅ</span> <span class='ocrx_word' id='word_1_299' title='bbox 833 2871 883 2904; x_wconf 91' lang='grc' dir='ltr'><strong><em>τι</em></strong></span> <span class='ocrx_word' id='word_1_300' title='bbox 908 2849 1176 2918; x_wconf 83' lang='grc' dir='ltr'><strong><em>ἐγγύτατα</em></strong></span> <span class='ocrx_word' id='word_1_301' title='bbox 1197 2847 1365 2918; x_wconf 82' lang='grc' dir='ltr'><strong><em>αὐτῆς</em></strong></span> <span class='ocrx_word' id='word_1_302' title='bbox 1393 2843 1428 2918; x_wconf 82' lang='grc' dir='ltr'><strong><em>ᾖ</em></strong></span> <span class='ocrx_word' id='word_1_303' title='bbox 1457 2848 1547 2901; x_wconf 87' lang='grc' dir='ltr'><strong><em>καὶ</em></strong></span> <span class='ocrx_word' id='word_1_304' title='bbox 1577 2851 1800 2900; x_wconf 88' lang='grc' dir='ltr'><strong><em>πλεῖστα</em></strong></span> <span class='ocrx_word' id='word_1_305' title='bbox 1829 2852 1939 2901; x_wconf 77' lang='grc' dir='ltr'><strong><em>τῶν</em></strong></span> 
     </span>
    </p>
   </div>
  </div>
 </body>
</html>
