1962 3236
184 103 287 155 228
787 104 1266 152 ΠΛΑΤΩΝΟΣ

185 236 324 307 αὕτη
344 258 457 292 των
476 236 739 308 βασάνων
761 234 865 291 ούκ
888 239 1153 333 ἐλαχίστη,
1185 240 1264 299 τίς
1294 237 1519 300 ἕκαστος
1542 239 1602 292 ἐν
1628 249 1740 301 τοῖς
1757 259 1864 306 γυ-

183 324 434 389 μνασίοις
454 328 720 417 φανΉεῖται.
757 323 887 381 Πως
917 316 1023 386 γὰρ
1050 315 1181 381 οὔκ;
1218 320 1339 387 ἔφη.
1376 315 1537 372 Μετα
1568 315 1632 389 ’δὴ
1663 325 1863 374 τοῦτον

182 398 282 456 τὸν
305 400 527 470 χρόνον,
545 393 616 468 ἦν
638 396 691 453 δ’
727 398 851 468 ἐγώ,
887 401 946 453 ἐκ
969 404 1083 453 τῶν
1104 403 1420 454 εἰκοσιετῶν
1441 401 1497 454 οἰ
1525 402 1864 469 προκριθέν-

183 502 271 545 τες
288 481 446 551 τιμάς
464 501 521 535 τε
539 483 753 549 μείζους
771 486 884 534 τῶν
903 477 1087 535 ἄλλων
1108 488 1369 550 οἴσονται,
1390 479 1458 534 τά
1476 501 1535 535 τε
1560 480 1738 551 χύδην
1755 503 1863 549 μα-

183 560 408 632 θήματα
427 562 616 616 παισὶν
635 563 697 615 ἐν
714 564 783 631 τῇ
803 564 1020 633 παιδείᾳ
1032 562 1304 632 γενόμενα
1324 562 1540 625 τούτοις
1557 565 1862 616 συνακτέον

185 648 260 707 είς
280 644 522 707 σύνοψιν
543 642 874 712 οἰκειότητος
891 640 1147 713 ἀλλήλων
1167 665 1279 697 των
1299 643 1644 713 μαθημάτων
1662 644 1753 697 καὶ
1771 648 1865 713 τῆς

183 730 283 779 τοῦ
305 722 465 787 ὄντος
487 723 722 792 φύσεως.
762 722 934 794 Μόνη
954 746 1112 795 γουν,
1138 723 1305 793 εἶπεν,
1325 722 1357 795 ἡ
1379 724 1603 794 τοιαύτη
1617 724 1861 824 μάθησις

183 807 404 876 βέβαιος
423 806 483 859 ἐν
512 799 591 868 οἷς
616 802 687 858 ἄν
718 806 1015 874 ἐγγένηται.
1052 807 1161 860 Καὶ
1190 809 1413 875 μεγίστη
1441 827 1519 875 γε,
1548 807 1621 875 ἠν
1650 802 1701 859 δ’
1735 802 1859 899 ἐγω,

183 899 343 956 πεῖρα
363 890 706 956 διαλεκτικῆς
726 886 947 955 φύσεως
965 888 1055 941 καὶ
1075 886 1175 956 μή·
1216 885 1244 940 ὁ
1273 889 1372 954 μὲν
1400 908 1506 955 γαρ
1532 884 1861 947 συνοπτικὸς

183 968 539 1036 διαλεκτικός,
562 964 590 1020 ὁ
613 965 762 1036 δὲμὴ
786 966 871 1021 οὔ.
911 970 1231 1037 Ξυνοίομαι,
1262 961 1298 1037 ἦ
1329 965 1380 1021 δ’
1416 966 1490 1031 ὅς.
1533 971 1718 1021 Ταῦτα
1752 969 1867 1019 τοί-

184 1070 307 1116 νυν,
347 1070 419 1117 ην
457 1046 508 1102 δ’
550 1046 674 1116 ἐγώ,
707 1047 887 1117 δεησει
918 1063 978 1101 σε
1009 1050 1436 1117 ἐπισκοποῦντα,
1459 1053 1513 1102 οἳ
1537 1044 1608 1102 ἂν
1633 1046 1865 1117 μάλιστα

185 1135 428 1183 τοιοῦτοι
446 1131 508 1183 ἐν
528 1129 714 1194 αὐτοῖς
735 1150 841 1184 ωσι
855 1133 946 1185 καὶ
965 1132 1190 1201 μόνιμοι
1210 1134 1311 1200 μὲν
1340 1133 1402 1186 ἐν
1432 1130 1738 1227 μαθήμασι,
1761 1129 1847 1227 μό
1845 1161 1866 1169 -

186 1230 336 1280 νιμοι
355 1207 407 1264 δ’
429 1211 490 1264 ἐν
508 1213 727 1284 πολέμῳ
748 1214 840 1266 καὶ
870 1223 982 1276 τοῖς
1005 1211 1192 1276 ἄλλοις
1218 1216 1485 1282 νομίμοις,
1516 1210 1749 1274 τούτους
1773 1211 1863 1276 αὐ,

186 1289 412 1346 ἐπειδάν
430 1314 498 1346 τα
518 1292 812 1362 τριάκοντα
832 1296 922 1362 ἔτη
947 1295 1292 1364 ἐκβαίνωσιν,
1321 1295 1379 1347 ἐκ
1408 1314 1520 1347 των
1554 1295 1868 1362 προκρίτων

187 1371 635 1443 προκρινάμενον
656 1377 731 1436 εἰς
758 1377 972 1442 μείζους
996 1394 1053 1427 τε
1075 1372 1232 1442 τιμὰς
1260 1371 1593 1427 καθιστάναι
1623 1373 1714 1426 καὶ
1735 1388 1866 1424 σκο-

186 1466 311 1509 πεῖν
329 1460 395 1525 τῇ
415 1459 515 1508 τοῦ
534 1456 887 1524 διαλέγεσθαι
908 1455 1139 1525 δυνάμει
1168 1459 1549 1525 βασανίζοντα,
1579 1458 1657 1516 τίς
1685 1450 1867 1522 ὀμμά-

187 1558 299 1590 των
338 1538 428 1590 καὶ
462 1542 558 1605 τῆς
595 1535 763 1606 ἄλλης
802 1534 1112 1606 αἰσθήσεως
1149 1533 1384 1598 δυνατὸς
1416 1535 1741 1604 μεθιέμενος
1776 1528 1861 1587 ἐπ’

188 1614 323 1672 αὐτὸ
344 1614 405 1671 τὸ
437 1612 505 1671 ὄν
534 1613 652 1686 μετ’
685 1615 948 1687 ἀληθείας
978 1620 1130 1673 ἰέναι.
1168 1618 1258 1671 καὶ
1291 1618 1540 1671 ἐνταῦθα
1568 1614 1634 1686 δὴ
1666 1621 1869 1685 πολλῆς

187 1704 442 1768 φυλακῆς
471 1701 653 1768 ἔργον,
676 1720 717 1752 ω
749 1699 937 1768 ἑταῖρε.
985 1703 1053 1753 Τί
1068 1697 1328 1769 μάλιστα;
1358 1691 1394 1767 ἦ
1427 1694 1477 1751 δ’
1507 1695 1581 1761 ὅς.
1624 1694 1743 1751 Οὔκ
1775 1698 1868 1750 ἐν-

186 1792 346 1847 νοεῖς,
377 1774 451 1850 ἦν
472 1776 523 1833 δ’
559 1779 685 1849 ἐγώ,
717 1779 776 1834 τὸ
809 1784 920 1835 νῦν
950 1782 1074 1849 περὶ
1103 1778 1164 1834 τὸ
1198 1780 1548 1848 διαλέγεσθαι
1580 1775 1755 1832 κακὸν
1779 1798 1868 1846 γι-

185 1860 460 1930 γνόμενον
480 1858 616 1915 ὅσον
633 1866 903 1930 γίγνεται;
931 1859 1003 1915 Τὸ
1018 1872 1204 1927 ποῖον;
1225 1866 1346 1931 ἔφη.
1368 1864 1724 1931 Παρανομίας
1739 1878 1865 1927 που,

187 1946 330 2011 ἔφην
359 1942 485 2011 ἐγώ,
517 1944 895 2012 ἐμπίπλανται.
928 1944 1038 1997 Καὶ
1057 1943 1220 2012 μάλα,
1249 1946 1368 2012 ἔφη.
1405 1939 1738 2011 Θαυμαστὸν
1761 1942 1866 1994 οὐν

187 2044 238 2076 τι
257 2030 376 2091 οῖει,
398 2020 571 2091 εἷπον,
594 2022 824 2092 πάσχειν
842 2021 1063 2091 αύτούς,
1091 2025 1182 2077 καὶ
1202 2021 1271 2076 οὐ
1291 2021 1743 2092 ξυγγιγνώσκειςς
1775 2025 1868 2090 Πῇ

185 2104 445 2173 μάλιστα;
485 2108 606 2173 ἔφη.
647 2100 801 2173 Οἷον,
822 2098 896 2174 ἦν
915 2102 967 2158 δ’
993 2103 1116 2172 ἐγώ,
1139 2111 1192 2158 εἴ
1213 2125 1292 2166 τις
1319 2101 1714 2173 ὑποβολιμαῖος
1732 2122 1869 2168 τρα-

187 2193 313 2254 φείη
335 2187 394 2239 ἐν
413 2191 634 2248 πολλοῖς
652 2188 752 2254 μὲν
769 2184 1023 2254 χρήμασι,
1046 2188 1233 2256 πολλῷ
1263 2183 1322 2238 δὲ
1350 2185 1442 2238 καὶ
1471 2183 1691 2255 μεγάλῳ
1720 2183 1868 2252 γένει

72 2286 161 2332 538
188 2267 279 2320 καὶ
302 2264 492 2330 κόλαξι
521 2271 759 2333 πολλοῖς,
792 2264 933 2335 ἀνὴρ
961 2268 1019 2319 δὲ
1051 2264 1349 2335 γενόμενος
1379 2271 1650 2332 αἴσθοιτο,
1685 2261 1769 2317 ὅτι
1800 2260 1869 2317 οὐ

186 2344 402 2401 τούτων
421 2346 532 2399 ἐστὶ
556 2350 669 2399 τῶν
684 2346 1016 2415 φασκόντων
1034 2347 1263 2415 γονέων,
1283 2343 1414 2409 τοὺς
1433 2345 1580 2418 δὲτῷ
1601 2344 1719 2399 ὅντι
1737 2365 1868 2413 γεν-

186 2427 462 2496 νήσαντας
491 2425 563 2496 μὴ
597 2424 768 2498 εὕροι,
796 2432 998 2482 τοῦτον
1028 2432 1162 2497 ἔχεις
1186 2424 1621 2498 μαντεύσασθαι,
1654 2445 1770 2489 πως
1797 2447 1868 2478 αν

190 2511 468 2577 διατεθείη
487 2507 641 2610 πρός
644 2529 702 2562 τε
729 2529 860 2573 τους
889 2509 1129 2577 κόλακας
1148 2511 1240 2563 καὶ
1266 2506 1403 2577 πρὸς
1423 2505 1554 2573 τοὺς
1582 2504 1865 2577 ὑποβαλο-

189 2591 392 2658 μένους
428 2591 489 2643 έν
525 2591 714 2662 ἐκείνω
739 2611 797 2644 τε
834 2612 909 2645 τω
947 2590 1145 2662 χρόνω,
1179 2582 1223 2663 ᾦ
1253 2587 1356 2644 οὐκ
1386 2587 1507 2659 ῄδει
1534 2610 1600 2642 τα
1623 2587 1746 2655 περὶ
1773 2592 1869 2655 τῆς

189 2666 488 2738 ὑποβολης,
510 2671 603 2724 καὶ
622 2672 682 2724 ἐν
703 2663 749 2743 ᾦ
768 2665 842 2725 αὖ
862 2667 1059 2741 ἤδει,
1033 2669 1068 2741 η’
1093 2671 1282 2742 βούλει
1301 2672 1436 2741 ἐμοῦ
1455 2671 1867 2752 μαντευομένου

189 2746 453 2815 άκοῦσαι;
491 2750 787 2823 Βούλομαι,
820 2757 938 2822 ἔφη.

823 2932 837 2955 Ι
