1962 3236
638 137 1120 186 ΠΟΛΙΤΕΙΑΣ
1149 127 1209 184 α’.
1687 134 1753 189 15

73 281 189 331 λων
216 271 501 343 περιιόντα
531 269 844 343 μανθάνειν
870 268 964 325 καὶ
993 268 1208 324 τούτων
1224 270 1361 340 μηδὲ
1378 270 1540 343 χάριν
1559 268 1756 326 ἀποδιὲ

77 354 254 410 δόναι.
313 352 433 410 ’Ὅτι
449 355 568 424 μέν,
589 346 663 423 ἦν
683 348 735 408 δ’
769 348 901 421 ἐγώ,
938 349 1212 422 μανθάνω
1240 347 1389 420 παρὰ
1418 356 1531 405 τῶν
1550 349 1754 420 ἄλλων,

75 434 262 507 ἀληθῆ
281 434 454 504 εἶπες,
494 428 539 489 ὦ
560 433 891 504 Θρασύμαχε
904 455 916 466 ·
946 430 1033 488 ὅτι
1052 432 1112 488 δὲ
1133 429 1205 487 οὔ
1221 452 1288 502 με
1307 431 1416 504 φῂς
1434 430 1594 502 χάριν
1614 433 1758 487 ἐκτί-

79 539 223 586 νειν,
247 517 453 581 ψεύδει.
476 516 669 569 ἐκτίνω
690 514 796 584 γὰρ
815 513 956 585 ὅσην
974 512 1214 584 δύναμαι
1228 534 1239 545 ·
1260 513 1502 584 δύναμαι
1521 513 1581 569 δὲ
1601 515 1759 569 ἐπαι-

76 611 196 654 νεῖν
229 598 407 667 μόνον
422 617 433 628 ·
479 595 728 666 χρήματα
768 593 874 664 γὰρ
913 593 1016 650 οὐκ
1060 598 1160 664 ἔχω
1176 615 1187 625 ·
1239 590 1313 659 ὥς
1350 592 1410 649 δὲ
1450 593 1759 664 προθύμως

76 686 242 735 τοῦτο
263 681 379 746 δρῶ
391 721 404 744 ,
426 676 523 731 ἐάν
545 681 625 740 τίς
642 697 736 746 μοι
756 678 895 747 δοκῇ
913 669 978 729 εὖ
996 678 1201 745 λέγειν,
1234 669 1298 730 εὖ
1321 682 1452 731 εἴσει
1470 673 1668 730 αὐτίκα
1689 671 1755 744 δὴ

77 761 250 830 μάλα,
283 756 509 813 ἐπειδὰν
537 754 836 827 ἀποκρίνῃ·
876 754 1024 825 οἶμαι
1042 755 1150 825 γάρ
1170 774 1231 810 σε
1252 749 1316 810 εὖ
1334 758 1495 825 ἐρεῖν.
1555 754 1758 810 ’Ἄκουε
1788 761 1822 806 0

78 842 175 911 δή,
204 835 240 911 ἦ
274 838 327 895 δ’
359 838 435 904 ὅς.
475 839 614 910 φημὶ
642 838 749 908 γὰρ
770 835 875 908 ἐγώ
898 835 1036 892 εἶναι
1054 834 1115 892 τό
1140 840 1355 892 δίκαιον
1374 836 1476 892 οὐκ
1501 835 1635 893 ἄλλο
1654 833 1760 907 τιῆ

78 922 140 978 τό
173 927 274 977 τοῦ
305 930 616 988 κρείττονος
635 921 934 990 ξυμφέρον.
975 916 1113 974 ἄλλα
1132 923 1188 973 τί
1203 916 1307 973 οὐκ
1328 921 1593 985 ἐπαινεῖς;
1630 913 1758 972 ἀλλ’

81 1001 184 1058 οὐκ
217 1001 511 1072 ἐθελήσεις.
579 999 708 1055 Ἐὰν
738 1001 902 1070 μάθω
922 1021 983 1069 γε
1003 1005 1251 1072 πρῶτον,
1282 1004 1451 1071 ἔφην,
1486 1000 1758 1069 τίλέγεις·

79 1092 188 1141 νῦν
206 1083 314 1154 γὰρ
334 1083 492 1138 οὔπω
511 1081 648 1137 offla.
688 1079 747 1137 τὸ
778 1089 878 1136 τοῦ
904 1086 1216 1152 κρείττονος
1245 1081 1354 1155 φῂς
1373 1085 1656 1155 ξυμφέρον
1677 1085 1762 1137 δί-

79 1187 241 1221 καιον
261 1163 415 1219 εἶναι.
436 1164 527 1219 καὶ
545 1169 710 1218 τοῦτο
724 1205 739 1231 ,
777 1157 823 1216 αἶ
842 1163 1200 1234 Θρασύμαχε,
1230 1168 1284 1219 τί
1300 1184 1430 1219 ποτε
1450 1166 1650 1235 λέγεις;
1693 1161 1762 1219 οὐ

79 1249 187 1317 γάρ
207 1267 319 1300 που
346 1244 410 1300 τό
438 1265 499 1314 γε
530 1244 747 1299 τοιόνδε
767 1244 878 1316 φῄς
892 1266 902 1276 ·
947 1249 999 1300 εἰ
1011 1245 1387 1315 Πουλυδάμας
1402 1244 1562 1316 ἡμῶν
1580 1249 1763 1314 κρείτ-

81 1350 194 1383 των
224 1325 253 1383 ὁ
284 1324 725 1397 παγκρατιαστὴς
752 1328 844 1381 καὶ
875 1323 1026 1398 αὐτῷ
1057 1327 1320 1396 ξυμφέρει
1345 1323 1411 1380 τοὶ
1440 1325 1599 1397 βόεια
1629 1327 1763 1395 κρέα

83 1405 221 1476 πρὸς
241 1407 302 1463 τὸ
325 1413 510 1478 σῶμα,
531 1413 693 1463 τοῦτο
713 1404 774 1462 τὸ
797 1412 972 1461 σιτίον
991 1404 1131 1461 εἶναι
1149 1408 1240 1462 καὶ
1257 1403 1390 1478 ἡμῖν
1406 1419 1519 1472 τοῖς
1535 1406 1760 1478 ἥττοσιν
1790 1419 1826 1460 D

83 1492 300 1545 ἐκείνου
338 1490 621 1559 ξυμφέρον
657 1486 771 1558 ἅμα
806 1489 898 1543 καὶ
938 1491 1168 1543 δίκαιον.
1240 1487 1521 1559 Βδελυρὸς
1551 1485 1659 1559 γὰρ
1697 1485 1760 1556 εἷ,

81 1576 250 1666 &yma
228 1594 270 1626 ω
290 1572 601 1640 Σώκρατες,
623 1572 714 1626 καὶ
733 1570 905 1643 ταύτῃ
925 1566 1351 1641 ὑπολαμβάνεις,
1372 1563 1411 1642 ᾗ
1427 1566 1500 1625 άν
1518 1589 1766 1641 κακουρ-

83 1639 278 1723 moaci}
296 1653 530 1724 μάλιστα
549 1651 650 1707 τὸν
677 1652 862 1722 λόγον.
943 1650 1246 1722 Οὐδαμως,
1290 1673 1332 1706 ω
1363 1650 1577 1722 άριστε,
1615 1644 1687 1721 ἦν
1706 1648 1757 1705 δ’

85 1733 218 1802 ἐγώ·
257 1732 396 1788 ἀλλὰ
427 1735 768 1803 σαφέστερον
797 1734 937 1800 εἰπέ,
970 1737 1023 1786 τί
1048 1733 1236 1801 λέγεις.
1311 1729 1430 1787 Εἶτ’
1465 1731 1569 1787 οὐκ
1589 1728 1761 1801 οἶσθ’,

86 1812 263 1884 ἔφη,”
230 1836 315 1868 οτι
330 1820 444 1868 τῶν
459 1814 675 1869 πόλεων
694 1816 755 1868 αἱ
768 1813 870 1883 μὲν
890 1834 1315 1882 τυραννουνται,
1338 1815 1397 1867 αἱ
1410 1812 1468 1868 δε
1487 1816 1767 1883 δημοκρα-

85 1905 340 1964 τοῦνται,
378 1899 439 1951 αί
459 1896 516 1950 δὲ
538 1894 1094 1964 ἆριστοκρατοῦνται;
1132 1900 1262 1959 Πῶς
1281 1893 1387 1964 γὰρ
1407 1893 1501 1961 οὕς
1539 1892 1767 1949 Οὐκοῦν

87 1987 251 2035 τοῦτο
271 1989 463 2048 κρατεῖ
475 1980 535 2031 ἐν
553 1978 754 2048 ἑκάστῃ
773 1977 946 2047 πόλει,
967 1975 1028 2031 τὸ
1051 1975 1248 2046 ἅρχονς
1283 1974 1450 2030 Πάνυ
1467 1997 1545 2045 γε.
1599 1980 1767 2029 Τίθε-

84 2083 173 2116 ται
191 2061 255 2115 δέ
270 2081 332 2130 γε
350 2061 482 2123 τούς
500 2058 707 2128 νόμους
727 2057 926 2128 ἑκάστη
945 2056 978 2128 ἡ
1000 2055 1136 2127 ἀρχὴ
1155 2054 1292 2125 πρὸς
1307 2056 1368 2111 τὸ
1387 2054 1527 2129 αὐτῇ
1555 2057 1759 2126 ξυμφέ-
1795 2066 1826 2106 Β

89 2163 209 2211 ρον,
231 2145 568 2212 δημοκρατία
588 2141 691 2210 μὲν
711 2139 1172 2211 δημοκρατικούς,
1196 2139 1456 2208 τυραννὶς
1480 2136 1538 2193 δὲ
1558 2159 1766 2206 τυραν-

88 2223 308 2293 νικούς,
347 2223 436 2278 καὶ
466 2226 526 2277 αἱ
551 2221 713 2277 ἄλλαι
741 2220 910 2277 οὕτω·
948 2224 1181 2291 θέμεναι
1211 2221 1270 2275 δὲ
1290 2218 1585 2290 ἀπέφηναν
1600 2225 1765 2275 τοῦτο

89 2309 305 2360 δίκαιον
324 2315 436 2368 τοῖς
455 2300 778 2373 ἀρχομένοις
800 2302 957 2372 εἶναι,
977 2300 1038 2358 τὸ
1061 2306 1217 2373 σφίσι
1237 2303 1536 2372 ξυμφέρον,
1559 2301 1650 2356 καὶ
1667 2299 1768 2356 τὸν

90 2385 292 2440 τούτου
319 2387 649 2455 ἐκβαίνοντα
679 2383 1007 2450 κολάζουσιν
1035 2380 1107 2448 ὡς
1136 2382 1569 2455 παρανομοῦντά
1597 2402 1655 2436 τε
1676 2382 1767 2436 καὶ

93 2463 412 2519 ἀδικοῦντα.
452 2464 602 2521 τοῦτ’
628 2459 735 2521 οὖν
754 2468 929 2535 ἐστίν,
963 2457 1008 2519 ὦ
1025 2467 1267 2535 βέλτιστε
1281 2507 1295 2534 ,
1333 2462 1365 2520 ὃ
1383 2469 1522 2535 λέγω
1543 2466 1604 2519 ἐν
1623 2460 1771 2516 ἁπά-

92 2564 212 2610 σαις
238 2558 354 2610 ταῖς
384 2545 575 2601 πόλεσι
604 2544 810 2602 ταύτὸν
831 2546 970 2602 εἶναι
1000 2550 1239 2616 δίκαιον,
1277 2545 1337 2601 τὸ
1370 2553 1465 2616 τῆς
1496 2552 1768 2614 καθεστη-
1793 2549 1884 2596 330

95 2635 252 2692 κυιάς
272 2626 438 2699 ἀρχῆς
459 2631 742 2698 ξυμφέρον
756 2650 766 2661 ·
787 2627 927 2699 αὕτη
947 2631 1010 2683 δέ
1025 2648 1135 2685 που
1153 2640 1357 2698 κρατεῖ,
1381 2625 1518 2682 ὥστε
1538 2631 1770 2698 ξυμβαί-

96 2733 178 2765 νει
198 2717 275 2782 τῷ
297 2708 483 2779 ὀρθῶς
503 2713 831 2783 λογιζομένῳ
853 2717 1135 2780 πανταχοῦ
1152 2710 1290 2765 εἶναι
1310 2707 1368 2765 τό
1385 2706 1519 2764 αὐτὰ
1536 2711 1768 2776 δίκαιον,

88 2790 151 2845 τὸ
177 2798 277 2846 τοῦ
299 2797 608 2861 κρείττονος
629 2792 928 2862 ξυμφέρον.
1004 2798 1161 2860 Νῦν,
1184 2784 1255 2862 ἦν
1281 2789 1330 2847 δ’
1355 2789 1481 2863 ἐγώ,
1505 2795 1720 2863 ἔμαθον
1738 2786 1770 2845 ὃ
