1962 3236
198 97 304 150 440
614 101 787 148 ΠΛΑ
803 100 1088 148 ΤΩΝΟΣ
1117 103 1464 152 ΚΡΙΤΙΑΣ.
1789 114 1876 157 122

84 245 168 290 121
199 227 319 289 οἷον
338 230 512 303 ἄχθος
536 230 633 287 τὸν
662 237 764 286 τοῦ
789 235 1003 301 χρυσοῦ
1028 253 1086 286 τε
1114 233 1204 288 καὶ
1229 241 1342 288 τῶν
1370 233 1554 290 ἄλλων
1582 238 1872 306 κτημάτων
1957 293 1962 300 ⁴

198 314 386 385 ὄγκον,
408 311 529 369 ἀλλ’
552 310 620 368 οὐ
638 312 943 382 μεθύοντες
962 311 1070 368 ὑπὸ
1091 321 1302 386 τρυφῆς
1324 316 1414 371 διά
1434 322 1677 372 πλοῦτον
1697 315 1838 387 ἀκρά

196 417 354 466 τορες
376 392 563 450 αὐτῶν
581 393 735 458 ὄντες
765 394 1124 464 ἐσφάλλοντο,
1153 394 1428 465 νήφοντες
1446 396 1506 452 δὲ
1524 395 1623 463 6ξύ
1651 398 1870 453 καθεώ-

198 498 331 547 ρων,
355 474 438 530 ὅτι
457 475 548 530 καὶ
569 479 740 529 ταῦτα
767 474 948 530 πάντα
968 477 1027 530 ἐκ
1046 480 1229 545 φιλίας
1247 482 1343 547 τῆς
1361 484 1550 549 κοινῆς
1578 478 1710 549 μετὰ
1739 476 1873 548 ἀρε-

197 563 292 627 τῆς
327 554 638 622 αὐξάνεται,
677 561 746 625 τῇ
784 557 843 610 δὲ
878 555 1092 611 τούτων
1127 560 1346 629 σπουδῇ
1381 560 1471 614 καὶ
1513 565 1640 629 τιμῇ
1677 564 1870 629 φθίνει

197 636 371 691 ταῦτά
389 657 448 690 τε
477 633 617 690 αὐτοὶ
639 633 864 707 κάκείνη
894 637 1299 702 ξυναπόλλυται
1325 639 1551 703 τούτοις.
1587 641 1647 695 ἐκ
1676 638 1740 709 δὴ
1775 647 1872 695 λο-

195 722 400 788 γισμοῦ
420 737 477 771 τε
490 715 748 772 τοιούτου
759 718 849 772 καὶ
863 717 1083 787 φύσεως
1101 723 1258 783 θείας
1274 720 1698 790 παραμενούσης
1715 715 1868 774 πάντ’

197 795 382 862 αὐτοῖς
401 796 638 869 ηὐξήθη,
659 796 695 852 ὁὶ
715 799 848 867 πρὶν
873 798 1191 870 διήλθομεν.
1230 800 1343 855 ἐπεὶ
1364 797 1417 854 δ’
1436 797 1471 870 ἡ
1489 806 1592 854 τοῦ
1609 806 1750 854 θεοῦ
1769 800 1873 869 μὲν

196 890 361 951 μοῖρα
396 881 634 949 ἐξίτηλος
660 880 901 948 ἐγίγνετο
942 882 1000 934 ἐν
1030 879 1214 944 αὐτοῖς
1237 886 1425 952 πολλῷ
1451 886 1528 954 τῷ
1558 887 1753 950 θνητῷ
1781 881 1869 935 καὶ

136 977 169 1018 Β
203 959 464 1025 πολλάκις
483 957 990 1031 ἀνακεραννυμένη,
1019 958 1080 1015 τὸ
1111 959 1170 1015 δὲ
1189 959 1555 1029 ἀνθρώπινον
1580 953 1722 1031 ἦθος
1747 962 1872 1016 ἐπε-

194 1041 399 1111 κράτει,
423 1041 546 1097 τότε
562 1039 668 1112 ἤδη
689 1038 756 1096 τὰ
783 1041 1034 1112 παρόντα
1054 1044 1244 1111 φέρειν
1273 1039 1678 1106 ἀδυνατοῦντες
1703 1039 1875 1112 ήσχη-

195 1121 427 1193 μόνουν,
449 1123 632 1196 καὶτῷ
653 1123 943 1196 δυναμένῳ
962 1124 1063 1193 μὲν
1080 1120 1220 1195 ὁρᾷν
1233 1124 1442 1192 αἰσχροὶ
1455 1126 1870 1191 κατεφαίνοντο,

194 1201 261 1258 τὰ
279 1203 542 1259 κάλλιστα
559 1201 665 1258 ἀπὸ
687 1210 799 1258 τῶν
809 1204 1148 1274 τιμιωτάτων
1161 1201 1512 1272 ἀπολλύντες,
1534 1214 1645 1267 τοῖς
1666 1203 1723 1258 δὲ
1743 1200 1873 1256 ἀδυ·

193 1290 464 1340 νατοῦσιν
483 1283 760 1354 ἀληθινὸν
789 1282 927 1355 πρὸς
954 1284 1309 1354 εὐδαιμονίαν
1334 1289 1459 1355 βίον
1483 1280 1624 1354 ὃρᾷν
1651 1283 1772 1337 τότε
1803 1281 1869 1353 δὴ

193 1365 429 1435 μάλιστα
449 1365 726 1435 πάγκαλοί
737 1386 795 1420 τε
812 1365 1077 1435 μακάριοί
1089 1386 1145 1419 τε
1177 1363 1492 1429 ἐδοξάζοντο
1519 1362 1675 1430 εἶναι,
1705 1369 1869 1418 πλεο-

192 1449 375 1511 νεξίας
409 1443 608 1501 ἀδίκου
647 1449 738 1502 καὶ
787 1447 1072 1517 δυνάμεως
1108 1445 1518 1516 ἐμπιπλάμενοι.
1573 1442 1708 1508 θεὸς
1749 1443 1807 1499 δὲ
1840 1442 1869 1499 ὁ

191 1532 348 1582 θεῶν
367 1525 509 1591 Ζεύς
528 1530 588 1581 ἐν
607 1527 797 1598 νόμοις
816 1528 1142 1599 βασιλεύων,
1164 1526 1259 1582 ἅτε
1280 1526 1588 1597 δυνάμενος
1613 1531 1874 1598 καθορᾷν

190 1606 259 1663 τὰ
276 1613 520 1679 τοιαῦτα,
535 1608 802 1680 ἐννοήσας
818 1611 977 1679 γένος
995 1609 1219 1672 ἐπιεικὲς
1239 1607 1448 1672 ἀθλίως
1466 1609 1870 1677 διατιθέμενον,

193 1692 354 1759 δίκην
385 1686 570 1754 αὐτοῖς
597 1692 870 1746 ἐπιθεῖναι
904 1694 1217 1762 βουληθείς,
1247 1692 1338 1744 ἵνα
1367 1691 1615 1759 γένοιντο
1646 1687 1871 1758 ἐμμελέ-

139 1785 172 1829 c
193 1787 375 1839 στεροι
404 1774 900 1842 σωφρονισθέντες,
919 1771 1202 1842 ξυνήγειρε
1229 1768 1401 1835 θεοὺς
1430 1768 1639 1834 πάντας
1668 1773 1743 1833 εἰς
1769 1767 1872 1838 τὴν

192 1852 520 1925 τιμιωτάτην
541 1853 726 1909 αὐτῶν
754 1862 985 1925 οἴκησιν,
1008 1851 1044 1924 ἢ
1072 1852 1137 1923 δὴ
1169 1850 1307 1908 κατὰ
1337 1856 1508 1923 μέσον
1537 1849 1739 1915 παντὸς
1768 1854 1871 1904 τοῦ

192 1935 408 2005 κόσμου
419 1940 687 2007 βεβηκυῖα
705 1941 927 2008 καθορᾷ
946 1933 1141 2005 πάντα,
1165 1932 1267 1989 ὅσα
1285 1936 1550 2005 γενέσεως
1564 1937 1871 2003 μετείληφε,

191 2015 284 2071 καὶ
313 2019 635 2088 ξυναγείρας
654 2014 819 2075 εἶπεν.
843 2060 854 2071 .
879 2061 889 2071 .
915 2060 925 2072 .

893 2443 1176 2453 “com-Q*
