1962 3236
114 1743 196 1788 601

227 210 331 261 294
841 211 1314 258 ΠΛΑΤΩΝΟΣ

229 343 365 401 ἄλλα
387 345 758 415 Πρωταγόρας
779 345 878 413 μὲν
907 342 1014 410 ἄρα
1051 341 1077 395 ὁ
1108 341 1422 412 Ἀβδηρίτης
1448 344 1539 397 καὶ
1568 343 1842 412 Πρόδικος
1869 342 1896 400 ὁ

227 433 391 491 Κεῖος
411 430 501 481 καὶ
521 426 678 481 άλλοι
699 423 1010 494 πάμπολλοι
1024 422 1288 476 δύνανται
1307 434 1418 486 τοῖς
1431 423 1512 492 ἐφ’
1533 424 1745 478 ἑαυτῶν
1758 443 1901 492 παρ-

231 509 445 562 ιστάναι
495 511 605 579 ἰδίᾳ
651 504 1087 575 ξυγγιγνόμενοι,
1120 502 1192 568 ὡς
1222 504 1350 559 οὔτε
1379 510 1557 559 οἰκίαν
1584 505 1722 560 οὔτε
1742 505 1903 560 πόλιν

226 589 326 658 τὴν
355 586 538 641 αὑτων
568 567 795 641 διοικεῖν
825 591 934 640 οἱοί
962 583 1013 640 τ’
1045 590 1276 654 ἔσονται,
1303 586 1400 640 εἀν
1434 584 1505 656 μὴ
1529 600 1683 656 σφεῖς
1719 584 1904 640 αὐτῶν

228 669 624 738 ἐπιστατήσωσι
642 672 738 736 τῆς
763 668 1024 734 παιδείας,
1046 667 1135 719 καὶ
1156 667 1242 720 ε’πι
1261 665 1432 735 ταύτῃ
1456 671 1521 736 τῇ
1558 670 1726 738 σοφίᾳ
1755 665 1901 720 οὕτω

228 748 448 818 σφόδρα
494 754 803 817 φιλοῦνται,
844 743 983 800 ὥστε
1022 745 1199 815 μόνον
1225 744 1328 801 οὐκ
1365 748 1452 801 ἐπὶ
1488 759 1601 810 ταῖς
1638 755 1902 817 κεφαλαῖς

228 831 624 899 περιφέρουσιν
663 824 867 890 αὐτοὺς
896 830 951 881 οἰ
983 827 1211 894 ἑταῖροι·
1236 825 1483 896 ΓΌμηρον
1512 827 1564 882 δ’
1596 827 1701 896 ἄρα
1732 831 1788 882 οἱ
1814 826 1901 882 ἐπ’

227 913 460 978 ἐκείνου,
485 917 636 978 εἴπερ
667 904 781 971 οἷός
811 906 860 961 τ’
893 901 966 976 ἦν
995 905 1133 975 πρὸς
1159 905 1363 977 ἀρετὴν
1388 906 1643 962 ὀνινάναι
1673 907 1903 977 ἀνθρώῤ

228 986 440 1061 πονς,ἠ“
466 988 723 1044 Ἡσίοδον
744 991 1021 1061 ῥαψῳδεῖν
1051 983 1123 1041 ὅέν
1154 988 1465 1055 περιιόντας
1491 997 1635 1059 εἴων,
1662 991 1753 1044 καὶ
1784 987 1903 1058 οὐχὶ

228 1078 440 1143 μᾶλλον
456 1067 526 1126 ἂν
545 1070 731 1126 αὐτῶν
751 1069 1062 1140 ἀντείχοντο
1083 1066 1118 1141 ἢ
1137 1078 1237 1125 τοῦ
1256 1077 1468 1140 χρυσοῦ
1485 1073 1576 1126 καὶ
1597 1070 1903 1143 ἠνάγκαζον

230 1152 376 1221 παρὰ
398 1158 588 1223 σφίσιν
610 1160 751 1208 οἴκοι
773 1152 927 1222 εἶναι,
956 1149 993 1222 η’
1013 1157 1062 1206 εί
1087 1153 1159 1222 μὴ
1192 1157 1434 1221 ἔπειθον,
1467 1151 1622 1207 αὐτοὶ
1651 1150 1720 1206 ἂν
1751 1154 1904 1206 ἐπαι-

229 1235 522 1305 δαγώγουν
540 1234 649 1306 ὅπῃ
666 1233 854 1307 ᾔεσαν,
884 1236 985 1297 ἕως
1015 1237 1217 1298 ἱκανῶς
1244 1237 1489 1297 παιδείας
1513 1233 1900 1304 μεταλάβοιεν,

226 1317 608 1385 Παντάπασιν,
631 1321 751 1386 ἔφη,
776 1320 953 1379 δοκεῖς
971 1338 1079 1386 μοι,
1103 1311 1150 1370 αἶ
1165 1314 1475 1386 Σώκρατες,
1498 1314 1683 1385 άληθῆ
1703 1317 1898 1385 λέγειν.

231 1398 460 1455 Οὐκοῦν
480 1404 727 1468 τιθῶμεν
759 1395 865 1452 άπὸ
896 1394 1139 1467 Ὁμήρου
1169 1395 1506 1467 ἀρξαμένους
1537 1396 1746 1459 πάντας
1772 1393 1904 1459 τοὺς

227 1480 544 1551 ποιητικοὺς
562 1479 793 1550 μιμητάς
810 1479 1053 1534 εἰδώλων
1080 1475 1273 1547 ἀρετῆς
1294 1476 1430 1532 εἶναι
1451 1478 1542 1532 καὶ
1570 1482 1681 1531 τῶν
1701 1475 1901 1543 ἄλλων,

227 1567 351 1632 περὶ
394 1556 474 1618 οἷν
510 1569 748 1629 ποιοῦσι,
785 1568 879 1632 τῆς
915 1561 972 1616 δὲ
1011 1559 1274 1630 ἀληθείας
1308 1557 1408 1629 οὐχ
1443 1557 1738 1622 ἅπτεσθαι;
1779 1557 1898 1613 ἀλλ’

229 1643 413 1713 ὥσπερ
435 1650 542 1698 νῦν
564 1641 628 1712 δὴ
654 1643 926 1712 ἐλέγομεν,
961 1639 988 1696 ὁ
1022 1640 1308 1711 ζωγράφος
1328 1639 1668 1710 σκυτοτόμον
1688 1639 1904 1709 ποιήσει

229 1729 503 1782 δοκοῦντα
538 1724 694 1791 εἶναι,
729 1720 896 1787 αὐτός
923 1744 980 1777 τε
1012 1720 1115 1777 οὐκ
1149 1725 1355 1776 ἐπαΐων
1384 1723 1507 1789 περὶ
1543 1725 1904 1790 σκυτοτομίας

229 1807 318 1861 καὶ
337 1818 447 1871 τοῖς
466 1804 538 1876 μὴ
560 1809 862 1873 ἐπαΐουσιν,
892 1806 951 1858 ἐκ
970 1809 1083 1857 τῶν
1104 1802 1408 1872 χρωμάτων
1429 1801 1486 1856 δὲ
1504 1803 1593 1856 καὶ
1613 1804 1903 1872 σχημάτων

228 1893 575 1958 θεωροῦσιν;
612 1887 776 1942 Πάνυ
812 1887 914 1956 μὲν
952 1879 1072 1939 οὖν.
1153 1882 1315 1939 Οὕτω
1354 1883 1438 1953 δή,
1478 1882 1642 1953 οἶμαι,
1681 1885 1772 1938 καὶ
1805 1881 1902 1937 τὸν

229 1969 515 2039 ποιητικὸν
549 1969 802 2039 φήσομεν
837 1964 1075 2037 χρώματ’
1110 1965 1244 2020 ἄττα
1273 1965 1517 2020 ἑκάστων
1551 1972 1664 2019 τῶν
1695 1970 1900 2033 τεχνῶν

228 2063 338 2115 τοῖς
357 2050 592 2121 ὀνόμασι
614 2053 704 2105 καὶ
724 2050 963 2121 ῥήμασιν
983 2050 1423 2118 ἐπιχρωματίζειν
1443 2043 1615 2099 αὐτὸν
1634 2042 1736 2099 οὐκ
1756 2048 1899 2100 ἐπαΐ-

230 2154 362 2187 οντα
400 2131 521 2186 ἆλλ’
559 2155 591 2201 η
630 2139 930 2202 μιμεῖσθαι,
974 2127 1112 2183 ὥστε
1150 2129 1352 2196 ετέροις
1386 2126 1657 2189 τοιούτοις
1694 2131 1753 2180 ἐκ
1789 2132 1901 2180 τῶν

230 2212 413 2283 λόγων
437 2219 718 2282 θεωροῦσι
739 2217 937 2278 δοκεῖν,
966 2210 1061 2264 ε’άν
1080 2231 1137 2264 τε
1158 2210 1280 2279 περὶ
1296 2212 1655 2277 σκυτοτομίας
1674 2229 1752 2270 τις
1771 2208 1902 2278 λε’γῃ

229 2297 289 2349 ἐν
307 2297 485 2396 μέτρφ
517 2294 606 2347 καὶ
638 2296 841 2367 ρυθμω
868 2293 957 2347 καὶ
988 2289 1241 2362 ἁρμονία,
1273 2290 1421 2344 πάνυ
1452 2292 1514 2343 εὐ
1546 2293 1729 2343 δοκεῖν
1749 2290 1901 2358 λέγε-

229 2384 380 2445 σθαι,
403 2374 500 2429 ε’άν
523 2396 579 2429 τε
601 2376 725 2442 περὶ
747 2378 1071 2445 στρατηγίας
1089 2371 1184 2426 ε’άν
1212 2393 1270 2425 τε
1293 2373 1415 2439 περὶ
1441 2369 1612 2425 άλλον
1631 2369 1897 2426 ὁτουοῦν

229 2455 374 2511 οὕτω
394 2456 560 2526 φύσει
579 2453 717 2510 αὐτα
737 2463 907 2510 ταῦτα
927 2454 1171 2524 μεγάλην
1189 2475 1311 2507 τινα
1331 2451 1562 2523 κήλησιν
1594 2456 1748 2521 ἔχειν.
1789 2453 1899 2506 ἐπεὶ

226 2541 596 2608 γυμνωθέντα
632 2559 694 2606 γε
732 2559 844 2591 των
890 2543 984 2606 τῆς
1029 2541 1293 2605 μουσικῆς
1327 2533 1632 2604 χρωμάτων
1677 2555 1742 2587 τα
1788 2553 1899 2585 των

228 2641 486 2691 ποιητων,
509 2619 648 2675 αὐτὰ
678 2616 766 2689 ἐφ’
791 2618 977 2673 αὑτων
995 2617 1284 2714 λεγόμενα,
1316 2614 1469 2685 οἶμαί
1495 2632 1554 2668 σε
1586 2616 1786 2668 εἰδέναι
1811 2607 1897 2666 οἷα

226 2707 492 2770 φαίνεται.
532 2705 791 2756 τεθέασαι
825 2700 933 2770 γάρ
970 2719 1095 2754 που.
1132 2695 1327 2766 ’Έγωγ’
1335 2738 1350 2765 ,
1383 2700 1503 2765 ἔφη.
1553 2693 1795 2760 Οὐκοῦν,
1824 2686 1898 2761 ἦν

228 2778 275 2834 δ’
311 2780 434 2848 ἐγώ,
466 2785 605 2835 ἔοικε
628 2793 738 2844 τοῖς
766 2787 877 2834 τῶν
907 2778 1126 2848 ὡραίων
1156 2777 1485 2845 προσώποις,
1515 2779 1700 2828 καλων
1721 2771 1779 2826 δε
1804 2771 1895 2841 μή,
1960 2768 1962 2771 ”

226 2857 314 2916 οἶα
332 2866 575 2930 γίγνεται
596 2865 747 2929 ἰδεῖν,
773 2860 907 2916 ὅταν
926 2859 1065 2914 αὐτοὶ
1086 2858 1144 2913 τὸ
1166 2859 1343 2920 ἄνθος
1374 2859 1639 2924 προλίπῃ;
1670 2851 1898 2909 Παντά-
