1962 3236
217 210 319 261 124
828 211 1303 258 ΠΛΑΤΩΝΟΣ

213 344 315 416 τὴν
334 351 435 399 τοῦ
465 346 874 414 ἐπιθυμοῦντος
902 342 1086 412 ψυχὴν
1115 339 1237 411 οὐχὶ
1265 339 1385 412 ἤτοι
1412 345 1666 413 ἐφίεσθαι
1692 344 1884 413 φήσεις

213 429 430 482 ἐκείνου
450 418 520 481 οὗ
539 421 611 480 ἂν
630 428 893 495 ἐπιθυμῇ,
914 420 948 494 ἦ
970 423 1350 494 προσάγεσθαι
1366 431 1528 480 τοῦτο
1548 421 1577 480 ὃ
1597 421 1888 496 ἂνβούλη-

210 511 302 562 ταί
316 510 370 562 oc
386 509 663 575 γενέσθαι,
682 501 719 575 ἦ
741 498 831 573 αὖ,
853 501 987 559 καθ’
1021 502 1158 559 ὅσον
1178 506 1356 560 ἐθέλει
1376 509 1432 559 τί
1448 507 1504 560 οἱ
1530 511 1886 576 πορισθῆναι,
1954 516 1962 527 ’·

210 587 488 643 ἐπινεύειν
522 591 686 640 τοῦτο
723 585 862 655 πρὸς
911 582 1087 655 αὐτὴν
1139 583 1323 655 ὥσπερ
1370 584 1519 650 τινὸς
1554 587 1884 655 ἐρωτῶντος,

210 669 619 737 ἐπορεγομένην
651 663 825 721 αὐτοῦ
853 673 949 737 τῆς
976 669 1265 736 γενέσεως;
1286 665 1511 737 ’Ἔγωγε
1576 674 1646 722 Τί
1670 672 1785 734 δαί;
1823 667 1883 723 τό
1947 699 1951 714 x

210 747 471 819 ἀβουλεῖν
489 750 579 803 καὶ
600 746 672 819 μὴ
694 749 909 803 ἐθέλειν
928 746 1062 818 μηδ’
1084 750 1377 819 ἐπιθυμεῖν
1408 748 1510 804 οὐκ
1546 755 1620 815 εἰς
1647 748 1709 806 τὸ
1732 747 1885 805 ἀπω-

210 837 339 885 θεῖν
360 831 450 885 καὶ
469 829 805 885 ἀπελαύνειν
836 827 929 884 ἀπ’
964 827 1133 900 αὐτῆς
1163 831 1253 885 καὶ
1275 835 1349 894 εἰς
1377 829 1594 886 ἅπαντα
1623 830 1884 887 τάναντία
1940 866 1942 868 -

148 917 182 958 D
213 914 443 975 ἐκείνοις
460 911 738 981 θήσομεν;
776 916 905 974 Πῶς
919 909 1026 980 γὰρ
1049 909 1119 964 οὔ
1133 934 1144 974 ;
1194 911 1423 965 Τούτων
1443 911 1509 982 δὴ
1531 911 1707 975 οὕτως
1727 911 1885 982 ἐχόν-
1941 927 1946 939 ῑ

210 1015 322 1047 των
343 995 655 1088 ἐπιθυμιῶν
673 1014 724 1046 τι
746 991 997 1062 φήσομεν
1020 991 1158 1046 εἶναι
1180 992 1338 1062 εἶδος,
1370 995 1458 1047 καὶ
1488 993 1884 1063 ἐναργεστάτας

211 1071 399 1128 αὐτῶν
435 1073 648 1129 τούτων
696 1071 765 1141 ἣν
808 1094 865 1126 τε
904 1076 1071 1138 δίψαν
1111 1078 1391 1143 καλοῦμεν
1428 1077 1542 1128 καὶ
1548 1070 1625 1144 ἣν
1662 1086 1884 1139 πεῖναν;
1939 1075 1942 1079 ’

212 1153 489 1224 Φήσομεν,
510 1147 580 1252 ⁹32-
567 1150 617 1208 δ’
643 1152 718 1218 ὅς.
755 1151 984 1209 Οὐκοῦν
1002 1152 1106 1224 τὴν
1125 1176 1226 1224 μεν
1245 1161 1434 1223 ποτοῦ,
1457 1155 1559 1225 τὴν
1581 1153 1631 1210 δ’
1656 1158 1885 1226 ἐδωδῆςς
1930 1171 1947 1224 ’Β

209 1240 339 1291 Ναί.
371 1228 487 1305 Αρ’
509 1256 631 1303 ουν,
664 1232 798 1290 καθ’
830 1234 966 1290 ὅσον
997 1239 1130 1300 δίψα
1159 1237 1286 1304 ἐστί,
1318 1235 1600 1301 πλέονος’
1576 1237 1647 1291 οἷν
1675 1244 1823 1300 τινος
1849 1233 1885 1306 ἢ

208 1310 279 1373 οὗ
297 1319 529 1386 λέγομεν
547 1317 811 1386 ἐπιθυμία
831 1319 890 1371 ἐν
910 1322 978 1387 τῇ
997 1323 1147 1387 ψυχῇ
1168 1324 1276 1387 εἴη·
1264 1358 1278 1382 ,
1320 1313 1442 1372 οἶον
1462 1321 1592 1383 δίψα
1623 1319 1733 1373 ἐστὶ
1753 1322 1883 1382 δίψα
1924 1318 1949 1364 ,4

208 1391 319 1468 ἆρά
337 1418 400 1467 γε
419 1404 639 1467 θερμοῦ
658 1402 831 1451 ποτοῦ
851 1393 888 1467 ἢ
908 1404 1142 1468 ψυχροῦ,
1164 1393 1203 1468 ἦ
1223 1403 1435 1453 πολλοῦ
1452 1393 1489 1467 ἢ
1507 1396 1713 1466 ὀλίγου,
1735 1395 1771 1467 ἢ
1794 1401 1885 1453 καὶ

207 1479 288 1534 ἑνὶ
308 1478 454 1550 λόγῳ
470 1485 636 1533 ποιοῦ
654 1478 801 1542 τινὸς
818 1478 1094 1549 πώματος-ς
1123 1474 1160 1548 ἢ
1180 1476 1276 1533 ἐὰν
1294 1481 1396 1547 μέν
1415 1501 1494 1542 τις
1511 1478 1786 1550 θερμότης
1805 1482 1884 1552 τῷ
1922 1518 1939 1546 3

122 1562 154 1602 Ε
208 1562 353 1625 δίψει
384 1564 580 1631 προσῇ,
614 1557 718 1629 τὴν
746 1566 848 1613 τοῦ
876 1565 1094 1630 θερμοῦ
1131 1561 1431 1629 ἐπιθυμίαν
1459 1558 1877 1630 προσπαρέχοιτ’

206 1638 295 1709 ἄν,
326 1638 424 1694 ἐὰν
453 1641 512 1694 δὲ
540 1639 832 1710 ψυχρότης,
863 1639 966 1709 τὴν
995 1645 1097 1694 τοῦ
1128 1647 1349 1710 ψυχροῦ
1360 1663 1373 1704 ;
1408 1640 1505 1695 ἐὰν
1537 1643 1596 1694 δὲ
1624 1639 1712 1694 διὰ
1742 1641 1883 1711 πλή-
1931 1639 1940 1654 ”

205 1727 352 1785 θους
374 1727 688 1792 παρουσίαν
709 1721 882 1790 πολλὴ
903 1718 936 1791 ἡ
961 1724 1093 1785 δίψα
1111 1715 1165 1793 ᾗ,
1184 1719 1287 1791 τὴν
1304 1727 1404 1776 τοῦ
1425 1727 1636 1779 πολλοῦ
1655 1725 1883 1792 παρέξε-

205 1823 310 1870 ται,
332 1802 430 1857 ἐὰν
460 1801 518 1857 δὲ
552 1800 725 1902 ὀλίγη,
757 1801 859 1872 τὴν
885 1807 986 1857 τοῦ
1017 1802 1234 1872 ὀλίγου;
1276 1800 1409 1857 αὐτὸ
1442 1804 1500 1858 δὲ
1525 1804 1586 1857 τὸ
1618 1807 1787 1874 διψῆν
1816 1800 1883 1858 οὗ
1938 1834 1940 1837 ·

205 1882 279 1952 μή
300 1903 431 1937 ποτε
450 1882 625 1939 ἄλλου
642 1886 863 1982 γένηται
882 1886 1150 1954 ἐπιθυμία
1170 1880 1206 1954 η’
1226 1877 1398 1952 οὗπερ
1420 1887 1685 1954 πέφυκεν,
1709 1881 1886 1938 αὐτοῦ
1938 1909 1940 1914 ·

206 1963 480 2034 πώματος,
501 1966 591 2019 καὶ
611 1958 685 2019 αὖ
704 1962 765 2019 τὸ
787 1971 987 2035 πεινῆν
1004 1964 1320 2035 βρώματος;
1359 1964 1570 2035 Οὕτως,
1595 1970 1716 2036 ἔφη,
1740 1962 1878 2034 αὐτή

204 2066 266 2113 γε
289 2043 323 2114 ἡ
354 2047 621 2116 ἐπιθυμία
652 2045 848 2116 ἑκάστη
879 2044 1055 2099 αὐτοῦ
1083 2044 1260 2114 μόνον
1289 2045 1520 2101 ἑκάστου
1551 2039 1619 2100 οὗ
1648 2048 1879 2116 πέφυκε,
1938 2099 1940 2103 .

93 2138 180 2182 438
204 2130 306 2179 τοῦ
328 2128 386 2180 δε
404 2131 559 2180 τοίου
581 2123 619 2196 ἦ
637 2131 792 2180 τοίου
811 2125 877 2180 τὰ
898 2125 1359 2195 προσγιγνόμενα.
1400 2127 1590 2197 Μήτοι
1610 2149 1704 2197 τις,
1731 2121 1803 2197 ἦν
1823 2125 1878 2180 δ’

203 2204 330 2275 ἐγώ,
352 2204 660 2271 ἀσκέπτους
687 2204 828 2276 ἡμᾶς
859 2205 1022 2271 ὄντας
1050 2208 1360 2279 θορυβήσῃ,
1395 2206 1466 2271 ὡς
1497 2206 1678 2272 οὐδεὶς
1707 2228 1880 2263 ποτου

203 2289 468 2357 ἐπιθυμεῖ
479 2285 619 2343 ἀλλὰ
639 2295 878 2358 χρηστοῦ
897 2297 1088 2358 ποτοῦ,
1112 2291 1202 2345 καὶ
1223 2288 1292 2345 οῦ
1314 2296 1469 2346 σίτου
1488 2288 1623 2346 ἀλλὰ
1641 2299 1882 2362 χρηστοῦ

203 2372 373 2422 σίτου.
397 2368 600 2432 πάντες
619 2390 725 2439 γαρ
749 2367 857 2438 α’ρα
869 2392 981 2425 των
993 2378 1225 2440 αγαθων
1239 2374 1627 2442 ἐπιθυμοῦσιν·
1652 2377 1702 2427 εἰ
1719 2375 1823 2427 οῦν
1847 2369 1880 2442 ἡ

203 2450 337 2513 δίψα
348 2451 614 2520 ἐπιθυμία
633 2452 761 2520 ἐστί,
776 2458 1015 2522 χρηστοῦ
1028 2451 1098 2507 ἄν
1110 2461 1192 2523 εἴη
1207 2460 1313 2508 εἴτε
1324 2452 1580 2523 πώματος
1591 2461 1695 2509 εἴτε
1708 2452 1882 2508 ἄλλου

207 2527 342 2583 ὅτου
361 2531 507 2584 ἐστὶν
527 2532 807 2601 ἐπιθυμία,
831 2535 922 2587 καὶ
944 2536 1004 2587 αἱ
1018 2532 1177 2588 ἄλλαι
1189 2532 1351 2589 οὕτω.
1367 2534 1525 2599 Ἴσως
1535 2534 1642 2604 γὰρ
1655 2533 1742 2601 ἄν,
1758 2539 1879 2603 ἔφη,
1931 2536 1961 2607 1⁸5.

202 2613 363 2666 δοκοῖ
376 2612 426 2666 τὶ
438 2613 620 2681 λέγειν
632 2609 660 2666 ὁ
682 2619 856 2670 ταῦτα
870 2616 1059 2683 λέγων.
1078 2613 1240 2671 Ἀλλὰ
1252 2617 1452 2686 μέντοι,
1466 2610 1539 2686 ἦν
1558 2613 1608 2669 δ’
1633 2615 1756 2684 ἐγώ,
1777 2614 1880 2667 ὅσα

141 2712 174 2751 Β
206 2687 262 2759 γ’
284 2692 394 2745 ἐστὶ
414 2698 640 2747 τοιαῦτα
661 2691 747 2748 οἶα
762 2691 905 2748 εἶναί
918 2716 1034 2765 του,
1049 2693 1115 2749 τὰ
1135 2696 1237 2765 μὲν
1253 2694 1382 2751 ποιὰ
1404 2696 1538 2751 ἄττα
1549 2701 1713 2750 ποιοῦ
1731 2696 1880 2759 τινός

201 2773 365 2842 ἐστιν,
382 2771 454 2837 ὠς
474 2775 591 2843 ἐμοὶ
611 2778 775 2843 δοκεῖ,
791 2774 856 2830 τὰ
870 2772 921 2830 δ’
946 2775 1086 2831 αὐτοὶ
1109 2779 1309 2832 ἕκαστα
1324 2777 1496 2832 αὐτοῦ
1520 2777 1752 2832 ἑκάστου
1771 2778 1876 2847 μό-

201 2873 319 2907 νον.
345 2853 463 2909 Οὐκ
479 2859 708 2927 ἔμαθον,
725 2861 844 2928 ἔφη.
862 2857 981 2914 Οὐκ
998 2864 1213 2928 ἔμαθες,
1229 2863 1386 2928 ἔφην,
1401 2857 1483 2913 ὅτι
1496 2857 1555 2911 τὸ
1571 2862 1752 2927 μεῖζον
1766 2881 1872 2914 τοι·

1931 2272 1962 2351 Ξ

1925 2391 1957 2476 3

1930 2498 1957 2562 ᾗ

1928 2962 1962 2984 ,ἳ-
