1962 3236
209 136 314 189 416
489 191 493 195 ,
766 141 1079 188 ΤΙΜΑΙΩ.
1113 142 1392 190 ΛΟΚΡῼ
1828 152 1885 196 98

210 277 370 341 ζεται,
397 270 462 327 τὰ
484 270 543 328 δὲ
562 273 709 344 ροπᾷ
728 273 852 326 ποτὶ
878 270 982 326 τάν
1008 269 1207 342 χώραν.
1246 270 1281 327 ἆ
1306 274 1408 343 μὲν
1427 274 1535 346 γὰρ
1566 273 1684 346 ἁφὰ
1712 285 1887 348 κρίνει

208 354 306 418 τὰς
325 351 550 420 ζωτικάς
581 351 867 423 δυνάμιας,
888 353 1221 425 θερμότατα,
1241 355 1575 426 ψυχρότατα,
1601 357 1884 428 ξηρότατα,
1960 414 1962 418 ⁴

209 433 501 504 ὑγρότατα,
533 432 801 502 λειότατα,
834 433 1160 505 τραχύτατα,
1197 442 1431 506 εἴκοντα,
1464 435 1750 509 ἀντίτυπα,
1781 461 1888 509 μα·
1959 422 1962 438 ¹

210 515 370 584 λακοέ,
404 513 639 584 σκληρά·
685 512 832 585 βαρὺ
860 513 919 570 δὲ
944 517 1035 570 καὶ
1062 522 1282 585 κοῦφον
1310 513 1427 586 ἁφά
1457 518 1557 588 μὲν
1586 524 1884 590 προκρίνει,
1961 511 1962 515 ¹

209 596 371 666 λόγος
401 592 453 649 δ’
493 592 657 664 ὁρίζει
685 601 754 667 τᾷ
782 600 856 660 εἰς
884 594 946 652 τὸ
968 598 1138 666 μέσον
1165 599 1256 653 καὶ
1286 596 1394 654 ἀπὸ
1425 606 1503 654 τώ
1519 601 1883 670 μέσωνεύσει.

151 695 184 734 Ε
216 678 364 733 κάτω
403 677 461 730 δὲ
489 677 578 730 καὶ
601 676 771 746 μέσον
800 675 1006 732 ταύτὸν
1042 683 1233 747 φαντί·
1290 678 1349 732 τὸ
1378 679 1485 749 γὰρ
1523 683 1754 749 κέντρον
1791 686 1887 744 τᾶς

95 1426 176 1470 101

209 763 462 828 σφαίρας,
483 757 650 812 τοῦτό
670 761 782 812 ἐστι
810 756 870 813 τὸ
904 758 1069 829 κάτω,
1095 758 1157 814 τὸ
1188 758 1241 814 δ’
1272 758 1411 828 ὑπὲρ
1441 760 1619 815 τούτω
1647 761 1771 831 ἄχρι
1791 767 1888 826 τᾶς

209 842 559 909 περιφερείας
589 837 722 893 ἅνω.
759 837 820 893 τὸ
842 839 945 908 μὲν
974 832 1054 892 ὦν
1090 839 1308 909 θερμὸν
1341 842 1666 911 λεπτομερές
1701 862 1758 896 τε
1795 844 1885 897 καὶ

210 918 561 976 διαστατικὸν
580 925 694 975 τῶν
711 919 982 990 σωμάτων
1003 923 1158 974 δοκεῖ
1171 919 1337 991 εἶμεν,
1358 920 1419 976 τὸ
1443 921 1502 976 δὲ
1531 922 1747 992 ψυχρὸν
1778 943 1886 978 πα-

209 1003 607 1074 χυμερέστερον
637 1002 728 1079 καὶ
757 1000 1156 1071 συμπιλατικόν
1184 1002 1375 1074 πόρων
1407 1007 1533 1060 ἐστί.
1573 1003 1640 1059 τὰ
1671 1004 1729 1060 δὲ
1764 1009 1886 1074 περὶ

208 1084 310 1140 τάν
327 1091 520 1155 γεῦσιν
539 1088 682 1139 ἔοικε
707 1089 774 1156 τᾷ
793 1080 924 1154 ἆφᾷ.
965 1088 1249 1153 συγκρίσει
1266 1085 1372 1156 γάρ
1392 1087 1482 1141 καὶ
1503 1089 1785 1158 διακρίσει,
1810 1093 1886 1143 ἔτι

211 1166 268 1221 δὲ
286 1172 355 1238 τᾷ
377 1168 429 1229 ἐς
443 1164 549 1229 τώς
561 1163 745 1234 πόρως
758 1164 1007 1220 διαδύσει
1017 1167 1229 1231 καὶτοῖς
1242 1166 1607 1238 σχημάτεσσιν
1621 1165 1658 1240 ἦ
1670 1186 1884 1238 στρυφ-

208 1246 279 1302 νὰ
307 1243 343 1317 ἢ
379 1254 514 1316 λεῖα,
547 1244 894 1300 ἀποτάκοντα
930 1248 1030 1316 μὲν
1063 1251 1154 1302 καὶ
1187 1247 1465 1316 ρύπτοντα
1495 1251 1597 1305 τὰν
1633 1257 1882 1320 γλῶτταν

209 1326 466 1399 στρυφνοὶ
489 1332 758 1397 φαίνεται,
781 1328 1136 1398 μετριάζοντα
1158 1329 1216 1384 δὲ
1236 1335 1305 1402 τᾷ
1330 1331 1494 1398 ρύψει
1523 1329 1760 1402 ἁλμυρά,
1794 1336 1884 1388 ἐκ-

214 1415 502 1480 πυροῦντα
535 1406 595 1463 δὲ
636 1411 726 1462 καὶ
771 1411 1080 1480 διαιρέοντα
1116 1409 1219 1464 τάν
1252 1410 1430 1479 σάρκα
1468 1415 1683 1482 δριμέα·
1722 1411 1787 1467 τὰ
1827 1410 1881 1467 δ’

208 1495 428 1549 ἐναντία
449 1489 568 1545 λεῖά
583 1511 641 1544 τε
660 1492 750 1544 καὶ
770 1493 974 1559 γλυκέα
995 1491 1309 1561 κεχύλωται.
1351 1490 1523 1563 ὀσμᾶς
1543 1492 1602 1548 δὲ
1620 1498 1767 1549 εἴδεα
1785 1497 1885 1564 μὲν

209 1573 276 1630 οὐ
312 1572 617 1642 διώρισται·
657 1571 745 1626 διὰ
773 1572 880 1642 γὰρ
912 1581 1122 1629 στενῶν
1147 1573 1338 1644 πόρων
1358 1578 1692 1646 διαθεῖσθαι,
1727 1592 1884 1646 στερ-

208 1657 450 1724 ροτέρων
475 1652 654 1709 ὄντων
672 1649 709 1723 ἢ
735 1651 808 1718 ὡς
831 1655 1175 1725 συνάγεσθαι
1208 1658 1298 1712 καὶ
1330 1661 1658 1726 διίστασθαι,
1689 1658 1884 1723 σάψεσι

208 1736 267 1790 δὲ
287 1737 377 1789 καὶ
390 1738 584 1800 πέψεσι
601 1740 702 1805 γᾶς
720 1756 777 1789 τε
797 1738 887 1790 καὶ
905 1739 1194 1804 γεοειδέων
1214 1735 1426 1791 εὐώδεα
1444 1758 1501 1792 τε
1520 1738 1609 1792 καὶ
1633 1737 1884 1793 δυσώδεα

206 1815 370 1887 εἶμεν.

343 1899 450 1952 ΧΠ.
492 1894 660 1951 Φωνα
695 1895 743 1952 δ’
784 1899 894 1952 ἐστὶ
925 1920 1026 1968 μεν
1058 1901 1247 1964 πλᾶξις
1280 1902 1339 1954 ἐν
1376 1898 1495 1969 αέρι
1528 1901 1885 1969 διικνουμένα

204 1981 328 2033 ποτὶ
355 1999 459 2032 ταν
492 1976 674 2076 ψυχαν
714 1975 786 2032 δι’
824 1977 1032 2048 ὤτων,
1025 2001 1122 2062 ,ων
1154 1981 1236 2035 τοὶ
1266 1980 1430 2051 πόροι
1459 1980 1703 2050 διήκοντι
1733 1978 1882 2049 ἄχρις

204 2057 412 2128 ἥπατος
442 2059 763 2127 χωρέοντες·
804 2060 863 2113 ἐν
890 2055 943 2113 δ’
970 2080 1041 2112 αυ
1072 2060 1289 2123 τούτοις
1313 2066 1546 2129 πνεῦμα,
1574 2081 1640 2113 ου
1668 2057 1702 2113 ἁ
1723 2081 1880 2114 κινα-

207 2154 290 2203 σις
310 2137 488 2193 ἀκουά
507 2140 635 2192 ε’στι.
674 2159 865 2207 φωνας
884 2137 943 2193 δὲ
973 2141 1065 2193 καὶ
1085 2137 1292 2203 ἀκουοῖς
1320 2137 1354 2194 ἆ
1383 2161 1484 2209 μεν
1512 2150 1693 2210 ταχεῖα
1718 2138 1879 2209 ὀξεῖα,

206 2217 241 2274 ἁ
264 2218 322 2273 δὲ
341 2222 569 2289 βραδεῖα
587 2224 797 2287 βαρεῖα,
820 2221 956 2288 μέσα
981 2217 1031 2273 δ’
1062 2219 1096 2272 ἁ
1116 2219 1531 2291 συμμετροτάτα
1546 2242 1556 2252 ·
1596 2223 1687 2275 καὶ
1718 2218 1752 2275 ἁ
1782 2222 1881 2290 μὲν

206 2297 382 2354 πολλὰ
410 2300 495 2353 καὶ
530 2301 799 2369 κεχυμένα
828 2300 1055 2371 μεγάλα,
1095 2299 1130 2356 ἁ
1161 2304 1220 2356 δὲ
1249 2300 1406 2371 ὀλίγα
1437 2305 1528 2357 καὶ
1565 2303 1882 2372 συναγμένα

205 2379 398 2450 μικροὶ·
437 2378 472 2433 ἆ
503 2380 563 2435 δὲ
592 2385 894 2452 τεταγμένα
922 2384 1045 2437 ποτὶ
1074 2382 1250 2452 λόγως
1277 2383 1531 2454 μωσικώς
1568 2383 1815 2454 ἐμμελής,
1847 2379 1881 2437 ἁ

207 2464 266 2519 δὲ
303 2463 539 2527 ἄτακτός
576 2485 634 2518 τε
674 2466 765 2519 καὶ
802 2464 1000 2535 ἄλογος
1037 2467 1265 2537 ἐκμελής
1300 2488 1358 2522 τε
1394 2468 1483 2522 καὶ
1521 2466 1876 2539 ἀνάρμοστος.

203 2545 465 2615 τέταρτόν
500 2567 557 2599 τε
588 2549 747 2615 γένος
775 2551 1060 2618 αἰσθητῶν
1086 2551 1544 2604 πολυειδέστατον
1577 2551 1668 2604 καὶ
1699 2569 1880 2604 ποικι-

204 2626 466 2696 λώτατον,
509 2623 680 2697 ὁρατὰ
718 2627 777 2682 δὲ
815 2632 1043 2699 λέγεται,
1084 2631 1147 2685 ἐν
1183 2623 1230 2702 ᾧ
1262 2629 1522 2701 χρώματά
1554 2652 1613 2685 τε
1649 2640 1879 2684 παντοῖα

145 2724 175 2766 c
205 2707 294 2761 καὶ
312 2710 663 2778 κεχρωσμένα
689 2714 874 2782 μυρία,
903 2717 1082 2795 πρᾶτα
1112 2713 1171 2768 δὲ
1190 2715 1430 2783 τέττορα,
1453 2711 1668 2779 λευκόν,
1690 2713 1876 2780 μέλαν,

207 2788 477 2857 λαμπρόν,
510 2796 832 2858 φοινικοῦν·
871 2794 1041 2847 τᾶλλα
1071 2791 1177 2862 γὰρ
1204 2796 1262 2848 ἐκ
1290 2794 1637 2863 κιρναμένων
1666 2790 1879 2845 τούτων
