1962 3236
225 181 331 232 324
804 184 976 229 11AA
995 181 1094 227 1⁷52
1110 181 1283 228 ΝοΣ
1598 154 1607 162 ’
1872 186 1900 230 6

225 334 354 385 που,
384 316 702 371 παντάπασί
723 335 785 383 γε
815 312 926 383 μὴν
952 310 1218 382 ἀληθοῦς,
1250 309 1323 374 ῶς
1352 308 1381 365 ὁ
1405 317 1517 366 τῶν
1548 309 1681 366 ἑπτὰ
1710 311 1897 380 σοφῶ-

169 413 203 454 Ε
227 418 386 462 τατος
412 398 614 453 Σόλων
650 392 770 450 ποτ’
805 399 927 464 ἔφη.
961 387 1035 464 ἦν
1070 391 1173 464 μὲν
1199 386 1306 447 οὖν
1343 396 1538 456 οἰκεῖος
1565 394 1657 448 καὶ
1686 393 1902 462 σφόδρα

226 486 386 550 φίλος
419 477 550 550 ἡμῖν
587 479 890 546 Δρωπίδου
923 479 1025 530 τοῦ
1061 474 1427 574 προπάππου,
1462 475 1722 544 καθάπερ
1761 477 1903 543 λέγει

226 568 504 631 πολλαχοῦ
533 562 626 616 καὶ
645 556 812 621 αὐτὸς
833 558 892 611 ἐν
910 562 977 628 τῇ
997 557 1236 657 ποιησει·
1275 556 1412 628 πρὸς
1445 556 1504 612 δὲ
1533 562 1766 655 Κριτίαν
1794 575 1904 610 που

227 642 327 698 τὸν
341 641 608 713 ἡμέτερον
632 639 859 696 πάππον
881 637 1047 709 εἶπεν,
1084 637 1154 703 ῶς
1182 638 1637 738 ἀπεμνημόνευεν
1668 640 1739 692 αὐ
1768 638 1906 708 πρὸς

225 722 369 793 ἡμᾶς
393 722 422 778 6
441 727 636 795 γέρων,
659 721 744 777 ὅτι
761 719 970 792 μεγάλα
989 722 1079 776 καὶ
1103 722 1398 792 θαυμαστὰ
1417 717 1574 791 τῆσδ’
1599 728 1681 790 εἴη
1701 714 1902 774 παλαιοὶ

229 808 362 874 ἔργα
383 811 479 875 τῆς
499 805 710 867 πόλεως
727 801 838 858 ὑπὸ
858 804 1068 873 χρόνον
1087 805 1178 857 καὶ
1190 809 1411 872 φθορᾶς
1423 800 1744 871 ἀνθρώπων
1756 798 1905 870 ἠφα-

228 888 497 986 νισμένα,
517 885 744 940 πάντων
772 884 830 939 δὲ
863 887 924 938 ἓν
959 886 1232 953 μέγιστον,
1270 876 1338 938 οὗ
1375 890 1482 937 νῦν
1518 885 1902 952 ἐπιμνησθεῖσι

142 977 197 1019 21
229 969 441 1037 πρέπον
461 963 531 1021 ἀν
550 964 680 1037 ἡμῖν
701 973 784 1035 εἴη
806 971 897 1020 σοί
910 987 967 1019 τε
987 963 1295 1020 ἀποδοῦναι
1324 965 1487 1034 χάριν
1517 964 1608 1018 καὶ
1633 963 1735 1033 τὴν
1765 961 1905 1017 θεὸν

227 1047 340 1118 ἅμα
386 1051 448 1104 έν
482 1056 548 1120 τῇ
582 1046 890 1119 πανηγύρει
934 1051 1156 1112 δικαίως
1191 1069 1249 1102 τε
1285 1049 1375 1102 καὶ
1417 1045 1640 1116 ἀληθῶς
1678 1040 1902 1116 οἷόνπερ

231 1127 549 1200 ὑμνοῦντας
570 1128 939 1199 ἐγκωμιάζειν.

370 1216 494 1266 ΣΩ.
531 1204 617 1265 Εὖ
636 1215 822 1281 λέγεις.
853 1207 992 1265 ἀλλά
1015 1209 1080 1280 δὴ
1103 1222 1266 1266 ποῖον
1295 1213 1459 1279 ἔργον
1489 1213 1650 1261 τοῦτο
1679 1209 1903 1274 Κριτίας

231 1291 300 1348 οὐ
320 1293 621 1362 λεγόμενον
650 1293 768 1362 μέν,
809 1290 882 1355 ὡς
911 1293 970 1346 δὲ
999 1290 1247 1361 πραχθὲν
1277 1289 1451 1353 ὅντως
1481 1286 1587 1343 ὑπὸ
1624 1290 1787 1357 τῆσδε
1811 1290 1904 1354 τῆς

230 1373 440 1436 πόλεως
458 1370 684 1442 ἀρχαῖον
705 1376 939 1442 διηγεῖτο
958 1370 1097 1426 κατὰ
1118 1372 1221 1442 τὴν
1240 1372 1504 1432 Σόλωνος
1525 1367 1722 1437 ἀκοήν;

371 1458 454 1508 111.
503 1460 612 1509 KP.
667 1451 800 1522 Ἐγώ
840 1452 1038 1523 φράσω
1074 1450 1310 1507 παλαιὸν
1346 1447 1598 1520 ἀκηκοώς
1622 1447 1802 1517 ,λόγον
1837 1443 1903 1500 οὐ

230 1538 362 1590 νέου
387 1533 607 1604 ἀνδρός.
638 1527 712 1603 ἦν
733 1533 833 1602 μὲν
850 1531 958 1602 γὰρ
979 1529 1044 1602 δὴ
1067 1531 1187 1587 τότε
1210 1536 1450 1601 Κριτίας,
1475 1527 1545 1593 ῶς
1565 1532 1687 1598 ἔφη,
1710 1524 1906 1597 σχεδὸν

173 1633 206 1673 Β
233 1614 396 1686 ἐγγὺς
413 1615 517 1686 ἤδη
537 1620 650 1670 τῶν
670 1613 1004 1684 ἐνενήκοντα
1025 1615 1180 1682 ἐτῶν,
1202 1610 1307 1682 ἐγώ
1329 1613 1389 1666 δέ
1405 1631 1482 1682 πῃ
1501 1610 1734 1680 μάλιστα
1755 1609 1908 1661 δεκέ-

231 1718 329 1767 της
348 1718 358 1728 ·
398 1695 431 1767 ἡ
456 1696 514 1752 δὲ
532 1701 850 1765 Κουρεῶτις
875 1692 1004 1765 ἡμῖν
1032 1688 1171 1749 οὖσα
1200 1693 1494 1763 ἐτύγχανεν
1518 1689 1905 1756 Ἀπατουρίων.
1960 1689 1962 1736 Ξ

231 1778 291 1834 τὸ
316 1778 381 1849 δὴ
412 1785 507 1849 τῆς
537 1779 724 1849 ἑορτῆς
752 1777 995 1847 σύνηθες
1025 1776 1281 1832 ἑκάστοτε
1310 1777 1401 1830 καὶ
1423 1773 1546 1828 τότε
1575 1772 1774 1842 ξυνέβη
1801 1781 1912 1834 τοῖς

233 1866 447 1915 παισίν·
500 1853 649 1915 ἀθλα
695 1858 802 1928 γάρ
838 1856 970 1928 ἡμῖν
1008 1862 1063 1913 οἱ
1106 1861 1332 1928 πατέρες
1371 1861 1575 1911 ἔθεσαν
1614 1854 1906 1924 ῥαψῳδίας.

235 1949 458 1999 πολλῶν
479 1944 580 2013 μὲν
598 1937 704 1997 οὖν
725 1941 791 2012 δὴ
813 1943 904 1997 καὶ
921 1940 1098 1997 πολλοὶ
1121 1943 1315 2011 ἐλέχθη
1347 1945 1589 2009 ποιητῶν
1617 1936 1907 2007 ποιήματα,

235 2025 331 2081 ἅτε
353 2024 411 2079 δὲ
429 2026 527 2080 νέα
547 2023 667 2080 κατ’
689 2027 900 2079 ἐκεῖνον
919 2021 1018 2078 τὸν
1036 2023 1241 2094 χρόνον
1257 2021 1389 2077 ὅντα
1409 2018 1474 2075 τά
1495 2019 1757 2081 Σόλωνος
1776 2024 1914 2071 πολ-

235 2109 322 2162 λοὶ
346 2113 458 2160 τῶν
479 2109 692 2159 παίδων
712 2105 938 2176 ᾕσαμεν.
970 2102 1120 2158 εἶπεν
1141 2096 1246 2157 οὖν
1266 2102 1334 2171 δή
1355 2123 1435 2165 τις
1462 2106 1574 2155 τῶν
1602 2101 1908 2169 φρατέρων,

237 2195 342 2242 εἴτε
363 2185 429 2256 δη
460 2190 667 2240 δοκοῦν
695 2185 846 2258 αὐτῷ
874 2184 998 2238 τότε
1028 2191 1132 2238 εἴτε
1161 2183 1251 2237 καὶ
1273 2182 1435 2252 χάριν
1457 2179 1580 2235 τινά
1609 2186 1683 2248 τῷ
1714 2184 1911 2250 Κριτία

181 2285 211 2324 c
237 2269 443 2337 φέρων,
477 2270 659 2321 δοκεῖν
688 2269 743 2320 οἱ
775 2266 841 2320 τά
875 2287 933 2319 τε
967 2264 1104 2319 ἄλλα
1136 2263 1461 2334 σοφώτατον
1489 2262 1777 2330 γεγονέναι
1798 2258 1914 2314 Σό-

233 2356 385 2404 λωνα
404 2350 494 2402 καὶ
514 2346 651 2402 κατὰ
670 2345 772 2418 τὴν
791 2352 1011 2417 ποίησιν
1032 2339 1105 2400 αὖ
1122 2352 1234 2400 τῶν
1252 2349 1496 2414 ποιητῶν
1515 2341 1739 2396 πάντων
1759 2344 1915 2395 ἐλευ-

233 2428 588 2497 θεριῶτατον.
611 2426 639 2482 ὁ
662 2427 726 2498 δὴ
746 2429 942 2498 γέρων,
964 2427 1185 2498 σφόδρα
1203 2448 1308 2496 γαρ
1331 2427 1436 2480 ούν
1454 2425 1746 2494 μέμνημαι,
1768 2421 1914 2491 μάλα

235 2530 294 2564 τε
319 2508 469 2579 ἥσθη
506 2511 598 2564 καὶ
631 2509 1006 2579 διαμειδιάσας
1040 2508 1214 2563 ειπεν·
1263 2514 1339 2561 Εἴ
1358 2527 1438 2575 γε,
1472 2506 1511 2559 ῶ
1553 2502 1911 2574 Ἀμύνανδρε,
1939 2503 1942 2506 ’

238 2588 310 2661 μὴ
333 2595 587 2664 παρέργῳ
606 2598 673 2662 τῇ
693 2592 906 2661 ποιήσει
923 2591 1308 2661 κατεχρήσατο,
1329 2585 1448 2642 ἀλλ’
1474 2584 1799 2641 ἐσπουδάκει
1813 2605 1915 2637 κα-

237 2672 423 2740 θάπερ
444 2671 616 2740 άλλοι,
637 2671 735 2727 τόν
754 2694 812 2727 τε
827 2673 1014 2742 λόγον,
1036 2671 1103 2727 ὃν
1126 2669 1223 2726 ἀπ’
1254 2670 1543 2738 Αἰγύπτου
1564 2670 1728 2735 δεῦρο
1747 2662 1914 2734 ἠνέγ-

238 2773 388 2820 κατο,
430 2750 719 2807 ἀπετέλεσε
756 2754 846 2807 καὶ
880 2775 953 2823 μη
993 2750 1082 2807 διά
1119 2749 1214 2815 τὰς
1250 2750 1466 2813 στάσεις
1494 2744 1600 2801 υπό
1638 2751 1825 2800 κακῶν
1854 2764 1912 2797 τε

171 2907 178 2913 .
238 2830 438 2903 ἄλλων,
461 2832 564 2889 ὅσα
583 2827 747 2906 εὗρεν
766 2835 970 2890 ἐνθάδε
989 2833 1161 2905 ἥκων,
1175 2831 1506 2903 ἠναγκάσθη
1526 2833 1909 2898 καταμελῆσαι,
1944 2883 1945 2886 ,
