1962 3236
641 150 1126 198 ΠοΛιΤΕΙΑΣ
1157 145 1210 208 ξ.
1666 112 1770 200 2ί3

34 260 42 306 3
82 294 235 357 χθαι,
258 286 349 340 καὶ
369 285 736 354 παραγγέλλει
756 287 822 353 τῇ
846 287 995 354 ψυχῇ
1017 278 1088 346 ὡς
1113 278 1322 336 ταύτὸν
1341 281 1577 353 σκληρόι
1606 302 1664 338 τε
1682 285 1774 338 καὶ

60 375 66 378 “
86 366 340 437 μαλακὸν
362 365 769 434 αι’σθανομένη;
809 362 1021 432 Οὕτως,
1044 366 1165 434 ἔφη.
1203 360 1450 433 Οὐκοῦν,
1473 357 1546 434 ἦν
1564 361 1619 419 6’
1645 363 1770 434 ἐγώ,

83 447 387 518 ἀναγκαῖον
400 450 460 502 ἐν
472 458 585 510 τοῖς
599 444 872 509 τοιούτοις
883 447 956 498 αὐ
974 442 1079 515 τὴν
1096 443 1280 516 ψυχὴν
1298 443 1547 517 απορεῐυ,
1567 451 1623 500 τί
1639 466 1772 500 ποτε

83 536 337 601 σημαίνει
358 527 497 599 αὕτη
518 526 554 598 ἡ
579 534 837 598 αἴσθησις
855 525 917 581 τὸ
942 528 1205 598 σκληρόν,
1238 534 1392 599 εἰπερ
1420 527 1481 583 τὸ
1512 526 1647 584 αὐτὸ
1681 529 1772 584 καὶ

82 610 334 682 μαλακὸν
352 612 516 680 λέγει,
536 605 680 678 καὶὴ
699 614 802 662 τοῦ
820 607 1042 678 κούφου
1073 610 1164 664 καὶ
1184 606 1218 679 ἡ
1247 616 1350 664 τοῦ
1378 612 1592 681 βαρέος,
1623 613 1682 665 τί
1707 609 1768 665 τὸ

82 699 304 763 κοῦφον
333 693 425 748 καὶ
454 689 619 762 βαρύ,
647 693 697 745 εἰ
721 690 786 745 τό
815 710 872 744 τε
901 687 1046 760 βαρυ
1079 697 1300 761 κοῦφον
1327 693 1420 748 καὶ
1453 692 1513 748 τό
1551 698 1772 763 κοῦφον

78 774 226 847 βαρὺ
245 778 526 845 σημαίνει,
555 773 665 827 Καὶ
688 772 814 842 γάρ,
835 775 960 842 ἔφη,
985 773 1151 827 αὐταί
1166 794 1228 842 γε
1247 771 1442 829 άτοποι
1461 780 1526 844 τῇ
1547 782 1696 845 ψυχῇ
1716 778 1776 830 αἱ
1798 795 1829 836 Β

78 861 358 928 ερμηνεῖαι
376 858 466 912 καὶ
497 856 832 920 ἐπισκέψεως
867 852 1138 925 δεόμεναι.
1184 853 1429 920 Εἰκότως
1461 854 1586 925 ἄρα,
1613 849 1686 926 ἦν
1716 853 1767 910 δ’

77 939 203 1010 ε’γιό,
222 943 413 1003 ἐντοῖς
442 937 712 1001 τοιούτοις
741 942 965 1006 πρῶτον
995 935 1096 1007 μὲν
1130 943 1382 1007 πειρᾶται
1411 935 1681 1008 λογισμόν
1712 959 1770 993 τε

77 1023 165 1076 καὶ
183 1022 380 1091 νόησιν
399 1017 546 1089 ψυχὴ
567 1025 966 1087 παρακαλοῦσα
985 1021 1318 1090 ἐπισκοπεῖν,
1334 1026 1440 1075 εἴτε
1463 1021 1523 1075 ἓν
1542 1027 1648 1075 εἴτε
1670 1020 1771 1075 δύο

80 1105 231 1159 ἐστὶν
251 1104 451 1157 ἕκαστα
471 1108 585 1155 τῶν
603 1105 1122 1172 εἰσαγγελλομένων;
1162 1108 1291 1165 Πῶς
1320 1106 1353 1156 6
1362 1099 1374 1118 '
1406 1099 1476 1156 οὔ
1491 1125 1503 1166 ;
1543 1102 1772 1158 Οὐκοῦν

78 1184 176 1240 ἐὰν
211 1184 315 1239 δύο
347 1188 628 1254 φαίνηται,
659 1181 853 1252 ἕτερόν
877 1205 935 1238 τε
965 1186 1056 1238 καὶ
1094 1186 1155 1238 ἓν
1193 1183 1456 1252 ἑκάτερον
1488 1190 1769 1254 φαίνεται;

80 1271 207 1322 Ναί.
249 1270 321 1321 El
347 1264 455 1335 ἄρα
486 1267 549 1320 ἓν
575 1264 857 1364 ἑκάτερον,
891 1263 1180 1336 ἀμφότερα
1219 1265 1279 1320 δὲ
1318 1265 1439 1336 δύο,
1468 1266 1536 1321 τά
1577 1288 1638 1336 γε
1664 1266 1768 1321 δύο

80 1349 453 1418 κεχωρισμένα
485 1345 807 1418 νοήσει·ού
836 1368 943 1417 γαρ
973 1370 1044 1402 αν
1075 1346 1351 1418 ἀχώριστά
1379 1369 1444 1418 γε
1473 1348 1575 1402 δύο
1608 1347 1768 1416 ἐνόει,

79 1427 204 1484 ἀλλ’
229 1430 306 1484 ἕν.
339 1428 567 1497 Ὀρθως.
614 1432 774 1498 Μέγα
794 1427 905 1500 μὴν
937 1429 1030 1484 καὶ
1060 1427 1186 1495 ὄψις
1214 1430 1305 1485 καὶ
1340 1427 1573 1501 σμικρὸν
1604 1429 1828 1530 ἑώρα,ο

83 1515 286 1582 φαμέν,
318 1509 445 1565 ἀλλ’
476 1509 546 1565 οὐ
576 1514 981 1582 κεχωρισμένον
1013 1509 1151 1567 ἀλλὰ
1181 1514 1594 1583 συγκεχυμένον
1628 1534 1693 1568 τι.
1731 1515 1766 1583 ἡ

76 1594 214 1662 γάρ;
260 1598 387 1647 Ναί.
426 1590 536 1647 Δια
577 1591 635 1648 δὲ
674 1592 776 1663 τὴν
812 1593 1017 1649 τούτου
1052 1594 1364 1664 σαφήνειαν
1399 1595 1537 1664 μέγα
1570 1587 1644 1648 αὖ
1680 1595 1772 1650 και

82 1674 321 1744 σμικρὸν
340 1672 372 1746 ἡ
395 1674 586 1746 νόησις
604 1672 937 1745 ἠναγκάσθη
959 1679 1113 1745 ἰδεῖν,
1138 1673 1205 1730 οὐ
1228 1680 1608 1747 συγκεχυμένα
1631 1673 1768 1732 ἀλλὰ

86 1756 439 1826 διωρισμένα,
473 1752 859 1826 τούναντίονῆ
886 1753 1073 1826 ’κείνη
1128 1752 1353 1826 Ἀληθῆ.
1413 1754 1644 1812 Οὐκοῦν
1677 1759 1771 1812 έν-

83 1840 287 1892 τεὺθέν
330 1844 511 1891 ποθεν
549 1843 771 1906 πρῶτον
806 1839 1086 1907 ἐπέρχεται
1126 1838 1354 1905 ἐρέσθαι
1384 1833 1533 1909 ἡμῖν,
1564 1843 1621 1893 τί
1665 1831 1771 1894 οὖν

84 1918 208 1973 ποτ’
230 1920 341 1973 ἐστὶ
358 1918 418 1973 τὸ
440 1922 577 1989 μέγα
597 1913 670 1973 αὖ
690 1922 779 1976 καὶ
799 1919 858 1975 τὸ
882 1920 1147 1991 σμικρόν;
1177 1922 1506 1976 Παντάπασι
1526 1921 1628 1992 μὲν
1646 1914 1767 1977 οὖν.

80 2003 188 2055 Καὶ
221 1998 368 2054 οὕτω
407 1999 474 2070 δὴ
514 1999 575 2055 τό
614 2000 716 2070 μὲν
753 2002 972 2072 νοητόν,
997 2001 1058 2057 τό
1091 2001 1146 2056 δ’
1176 1999 1381 2070 ὁρατὸν
1418 2004 1768 2073 ἐκαλέσαμεν.

11 2143 13 2147 ,
72 2079 381 2152 Ὀρθότατ’,
403 2086 526 2153 ἔφη.
1795 2108 1827 2148 1)

222 2166 350 2217 vm.
394 2169 580 2219 Ταῦτα
600 2171 794 2221 τοίνυν
805 2167 896 2221 καὶ
909 2165 1033 2238 ἄρτι
1051 2169 1371 2238 ἐπεχείρουν
1391 2169 1589 2238 λέγειν,
1612 2165 1683 2234 ὡς
1703 2167 1768 2224 τὰ

79 2246 180 2315 μὲν
199 2247 574 2316 παρακλητικὰ
596 2253 691 2317 τῆς
711 2250 958 2312 διανοίας
977 2249 1106 2319 ἐστί,
1127 2248 1192 2304 τὰ
1217 2246 1270 2303 δ’
1291 2246 1378 2319 οὕ,
1400 2246 1436 2303 α’
1457 2249 1560 2320 μὲν
1581 2254 1656 2314 εἰς
1667 2248 1768 2321 τὴν

83 2336 348 2397 αἴσθησιν
369 2325 480 2398 ἅμα
501 2339 614 2393 τοῖς
642 2331 910 2395 ἐναντίοις
941 2332 1155 2396 ἑαυτοῖς
1183 2333 1449 2403 ἐμπίπτει,
1481 2339 1768 2402 παρακλη-

78 2409 200 2464 τικὰ
240 2407 573 2479 ὁριζόμενος,
607 2409 711 2466 ὅσα
743 2412 802 2467 δὲ
835 2412 929 2483 μή,
961 2411 1063 2468 οὐκ
1094 2412 1342 2483 ἐγερτικὰ
1380 2419 1477 2484 τῆς
1502 2414 1764 2486 νοήσεως.

80 2490 383 2545 Μανθάνω
403 2496 597 2547 τοίνυν
628 2491 749 2563 ἤδη,
769 2496 891 2563 ἔφη,
914 2495 1004 2548 καὶ
1024 2497 1181 2550 δοκεῖ
1194 2515 1287 2565 μοι
1316 2493 1508 2559 οὕτως.
1548 2501 1615 2551 Τί
1630 2489 1765 2563 οὖν;

0 2570 8 2590 ²
78 2571 321 2642 ἀριθμός
357 2594 411 2627 τε
451 2575 541 2627 καὶ
573 2571 635 2627 τὸ
675 2575 736 2627 ἓν
755 2573 991 2643 πότερον
1028 2578 1181 2631 δοκεῖ
1207 2574 1375 2643 εἷναι;
1419 2574 1504 2632 Οὐ
1527 2581 1765 2648 ξυννοῶ,

81 2658 203 2724 ἔφη.
243 2651 384 2708 Ἀλλ’
410 2656 468 2708 ἐκ
507 2661 620 2709 τῶν
650 2660 1085 2727 προειρημένων,
1125 2662 1286 2728 ἔφην,
1327 2656 1671 2729 ἀναλογίζου.
1719 2662 1771 2715 εἰ

79 2734 180 2805 μὲν
209 2733 315 2805 γὰρ
345 2738 551 2800 ἱκανῶς
579 2734 713 2792 αὐτὸ
747 2737 879 2794 καθ’
906 2736 1038 2794 αὑτὸ
1074 2735 1330 2811 ὁρᾶταιῆ
1363 2738 1501 2813 ἄλλῃ
1537 2741 1646 2797 τινὶ
1679 2744 1767 2796 αί-

20 2894 27 2899 .
78 2816 278 2887 σθήσει
307 2816 644 2890 λαμβάνεται
674 2817 734 2875 τὸ
765 2822 843 2891 ἓν,
872 2819 976 2877 οὐκ
1008 2820 1078 2877 ιῖν
1110 2820 1280 2877 ὁλκὸν
1310 2829 1391 2895 εἴη
1424 2824 1509 2879 ἐπὶ
1530 2821 1632 2895 τὴν
1663 2821 1762 2879 οὐ·
1790 2842 1821 2883 Ε

0 2944 65 3236 1
