1962 3236
94 0 259 27 11<
463 3 466 6 >
564 0 712 43 ‘2ss
1188 0 1233 28 v

671 118 1000 184 ΠΟΛΙΤΕ
1014 136 1159 182 ΙΛΣ
1194 127 1248 193 ξ’.
1681 132 1786 185 215

52 263 56 266 Υ
101 276 214 325 τῶν
240 276 355 326 τῶν
384 270 644 340 ἀριθμῶν
670 267 961 338 ἀναγκάζει
992 270 1358 338 διαλέγεσθαι,
1390 265 1607 338 οὐδαμῇ
1645 265 1780 323 ἄπο-

104 353 419 422 δεχόμενον,
451 349 550 406 ἐάν
578 372 660 414 τις
688 348 830 420 αὐτῇ
860 346 1029 417 ὁρατὰ
1067 345 1103 419 ἦ
1134 346 1276 403 ἁπτὰ
1307 347 1533 419 σώματα
1563 353 1786 419 ἔχοντας

102 431 381 503 ἀριθμοὺς
398 433 822 502 προτεινόμενος
842 433 1167 501 διαλέγηται.
1200 428 1366 485 οἶσθα
1394 429 1502 500 γάρ
1522 450 1632 484 που
1658 432 1788 495 τοὺς

102 517 227 585 περὶ
244 521 418 569 ταῦτα
438 510 656 577 δεινούς
686 511 828 581 [δύο]
858 508 944 581 ὡς,
977 511 1076 567 ἐάν
1095 534 1175 576 τις
1201 509 1335 567 αὐτὸ
1360 512 1419 567 τὸ
1452 513 1515 567 ἓν
1546 514 1790 584 ἐπιχειρῇ

102 604 180 668 τῷ
217 597 365 670 λόγω
394 598 630 665 τέμνειν,
670 598 1021 662 καταγελῶσί
1051 614 1107 647 τε
1145 595 1234 648 καὶ
1271 589 1374 648 οὐκ
1407 591 1821 663 ἀποδέχονται,·

102 675 225 733 αλλ’
257 676 355 732 ἐὰν
383 679 455 731 σύ
482 679 801 771 κερματίζῃς
830 673 986 743 αὐτό,
1016 676 1217 730 ἐκεῖνοι
1255 681 1786 748 πολλαπλασιοῦσιν,

103 756 507 829 εὐλαβούμενοι
526 757 601 828 μή
621 777 753 812 ποτε
771 763 925 827 φανῇ
944 753 1005 811 τό
1029 757 1090 810 ἓν
1117 754 1190 827 μὴ
1225 758 1287 810 ἓν
1317 755 1456 811 αλλα
1489 756 1664 813 πολλα
1685 759 1790 829 μό-

103 862 210 909 ρια.
248 838 632 911 Ἀληθέστατα,
662 843 785 909 ἔφη,
813 841 997 908 λέγεις.
1041 843 1111 893 Τί
1134 840 1240 893 οὐν
1270 845 1389 907 οἰέι,
1422 833 1467 892 a}
1497 840 1788 910 Γλαύκων,
1836 889 1849 893 ,

104 930 159 977 εἰ
182 945 262 986 τις
280 926 459 990 ἔροιτο
488 920 709 988 αὐτούς,
744 923 786 975 ὠ
815 921 1141 1008 θαυμασιοι,
1170 923 1293 987 περὶ
1323 926 1499 976 ποίων
1528 919 1791 994 αριθμιόν

104 1005 495 1073 διαλέγεσθε,’
467 1025 530 1058 εν
547 998 627 1066 οἷς
645 1001 704 1057 τὸ
727 1004 790 1057 ἓν
809 997 931 1058 οἷον
961 1000 1115 1073 ὑμεῖς
1142 1000 1362 1069 ἀξιοῦτέ
1386 1005 1561 1075 ἐστιν,
1581 1011 1705 1060 ἴσον
1735 1027 1792 1061 τε

104 1085 340 1139 ἕκαστον
359 1091 473 1138 πᾶν
491 1084 654 1138 παντὶ
677 1084 768 1138 καὶ
798 1082 928 1139 οὐδε
953 1082 1190 1153 σμικρὸν
1211 1087 1495 1154 διαφέρον,
1518 1085 1793 1156 μόριόνὲε

102 1170 231 1235 ἔχον
259 1167 320 1220 ἐν
351 1166 529 1238 ἑαυτῷ
561 1162 753 1228 οὐδέν;
791 1167 848 1218 τί
872 1160 942 1218 div
974 1172 1075 1219 οἴει
1110 1163 1318 1229 αὐτοὺς
1330 1163 1812 1265 ἀποκρίνασθαιςΙ

111 1253 287 1303 Τοῦτο
307 1244 551 1317 ἔγωγε,’“’
518 1269 602 1302 οτι
623 1247 745 1314 περὶ
763 1246 981 1301 τούτων
1000 1248 1274 1316 λέγουσιν,
1305 1269 1386 1302 ων
1417 1250 1789 1319 διανοηθῆναι

104 1329 285 1399 μόνον
303 1331 544 1398 ἐγχωρεῖ,
565 1327 743 1392 ἄλλως
766 1324 817 1382 δ’
848 1325 1104 1399 οὐδαμῶς
1122 1332 1593 1427 μεταχειρίζεσθαι
1614 1333 1789 1385 δυνα-

102 1410 219 1467 τόν.
252 1408 412 1482 Ορᾷς
430 1413 552 1478 οὐν,
573 1412 645 1479 ἡν
663 1406 716 1463 δ’
738 1408 864 1478 ἐγώ,
885 1432 927 1464 ω
952 1410 1137 1480 φίλε,
1117 1410 1201 1465 ότι
1230 1432 1304 1484 τω
1336 1409 1455 1466 ὄντι
1485 1408 1791 1482 ἆναγκαιον

103 1491 238 1564 ἡμῖν
250 1492 564 1546 κινδυνεύει
577 1490 716 1547 εἶναι
729 1489 789 1546 τὸ
804 1491 1057 1563 μαθημα,
1072 1492 1255 1563 ἐπειδη
1274 1497 1534 1563 φαίνεταί
1546 1513 1608 1563 γε
1619 1511 1854 1564 προς-Β

59 1595 65 1600 ·
102 1574 416 1643 αναγκοὶζον
455 1571 597 1644 αὐτῇ
628 1578 695 1646 τῇ
734 1573 922 1645 νοήσει
949 1581 1189 1644 χρῆσθαι
1219 1572 1322 1645 τὴν
1351 1573 1536 1646 ψυχὴν
1566 1575 1654 1631 ἐπ’
1685 1573 1790 1631 αὖ·

101 1655 206 1724 τὴν
233 1654 335 1726 τὴν
365 1653 661 1726 ἀλήθειανς
696 1658 806 1712 Καὶ
835 1658 937 1727 μὲν
968 1657 1053 1727 δή,
1095 1662 1228 1727 ἔφη,
1274 1655 1493 1727 σφόδρα
1540 1679 1603 1728 γε
1651 1670 1799 1714 ποιεῖ

105 1735 255 1792 αὐτό.
298 1742 368 1791 Τι’
380 1739 477 1791 δαί
485 1762 500 1803 ;
535 1738 661 1791 τόδε
679 1737 782 1808 ἤδη
803 1740 1104 1808 ἐπεσκέψω,
1121 1735 1193 1802 ὡς
1213 1742 1340 1794 οἵτε
1361 1739 1528 1811 φύσει
1546 1745 1791 1810 λογιστι-

102 1819 191 1873 κοὶ
212 1822 288 1882 εἰς
307 1817 486 1873 πάντα
506 1817 571 1873 τὰ
590 1819 890 1890 μαθήματα
919 1818 991 1883 ὠς
1014 1824 1141 1883 ἔπος
1161 1824 1335 1876 εἰπεῖν
1363 1818 1504 1886 ὀξεῖς
1532 1821 1787 1893 φύονται,

105 1903 163 1955 οἵ
180 1922 236 1955 τε
255 1904 496 1971 βραδεῖς,
518 1896 590 1955 ἄν
610 1903 671 1956 ἐν
689 1901 866 1956 τούτω
890 1905 1237 1957 παιδευθῶσι
1255 1904 1347 1958 καὶ
1375 1902 1786 2002 γυμνάσωνται,

101 1977 212 2036 κᾶν
229 1979 402 2051 μηδὲν
419 1979 553 2036 ἄλλο
576 1979 1009 2053 ὠφεληθωσιν,
987 1982 1136 2054 ὅμως
1158 1991 1233 2048 εἴς
1252 2006 1313 2054 γε
1333 1982 1392 2039 τὸ
1416 1982 1666 2054 ὀξύτεροι
1685 1983 1791 2041 αὐ-

99 2064 184 2117 τοὶ
221 2059 408 2118 αὑτων
442 2067 737 2133 γίγνεσθαι
774 2065 977 2129 πάντες
1014 2066 1382 2133 ἐπιδιδόασιν;
1413 2065 1619 2138 ’Ἑστιν,
1662 2072 1787 2170 ἔφη,

100 2143 291 2208 οὕτως.
338 2146 447 2199 Καὶ
475 2145 604 2216 μήν,
636 2168 708 2210 ως
742 2138 1021 2218 ἐγωμαι,
997 2145 1032 2201 α’
1059 2169 1122 2217 γε
1156 2152 1316 2218 μείζω
1354 2147 1533 2204 πόνον
1569 2151 1790 2220 παρέχει

19 2235 28 2277 .’
104 2226 456 2296 μανθάνοντι
477 2228 567 2282 καὶ
586 2233 896 2299 μελετωντι,
920 2226 1023 2284 οὐκ
1045 2226 1115 2284 ἄν
1134 2232 1336 2302 ῥαδίως
1366 2229 1498 2287 ουδε
1517 2232 1693 2287 πολλοὶ
1714 2227 1789 2287 ἀν

108 2306 288 2375 εὕροις
308 2305 382 2372 ὡς
398 2314 580 2365 τοῦτο.
622 2307 710 2366 Οὐ
738 2311 844 2381 γὰρ
865 2305 984 2367 ου’ν.
1015 2311 1256 2368 Πάντων
1286 2310 1350 2384 δὴ
1377 2314 1541 2369 ἕνεκα
1571 2314 1789 2370 τούτων

102 2387 206 2444 οὐκ
227 2388 464 2459 ἀφετέον
485 2389 545 2445 τὸ
568 2391 818 2463 μάθημα,
844 2390 967 2449 ἀλλ’
1000 2397 1058 2449 οί
1073 2393 1286 2462 ἄριστοι
1310 2393 1406 2460 τὰς
1433 2395 1631 2466 φύσεις
1659 2416 1790 2452 παι-

102 2474 314 2526 δευτέοι
332 2474 393 2526 ἐν
411 2470 577 2545 αὐτῷ.
613 2475 896 2546 Ξύμφημι,
922 2469 959 2546 ἦ
979 2472 1032 2530 δ’
1058 2474 1133 2540 ὅς.

243 2557 324 2608 lx.
370 2559 548 2610 Τοῦτο
568 2555 669 2626 μὲν
687 2563 898 2627 τοίνυν,
920 2557 1091 2628 εἷπον,
1116 2560 1176 2613 ἓν
1204 2556 1337 2629 ἡμῖν
1365 2563 1598 2615 κείσθω·
1652 2559 1788 2616 δευ-

99 2655 263 2703 τερον
284 2638 340 2690 δὲ
360 2633 420 2690 τὸ
440 2635 705 2707 ἐχόμενον
723 2638 927 2693 τούτου
949 2639 1286 2710 σκεψώμεθα
1308 2661 1416 2709 αρα
1439 2663 1491 2696 τι
1520 2642 1788 2715 προσήκει

100 2714 246 2786 ἡμῖν.
290 2715 364 2772 Τὸ
391 2730 580 2784 notum
615 2716 650 2790 ἦ
670 2727 1023 2791 γεωμετρίαν,
1046 2726 1168 2793 ἔφη,
1190 2722 1387 2791 λέγειςς
1426 2719 1578 2779 Αυτὸ
1600 2729 1785 2795 τοῦτο,

99 2791 174 2868 ἦν
193 2799 249 2853 δ’
270 2800 392 2869 ἐγώ.
418 2798 588 2856 Όσον
603 2806 725 2871 μέν,
747 2806 871 2873 ἔφη,
903 2801 1040 2873 πρὸς
1067 2825 1131 2858 τα
1162 2803 1429 2874 πολεμικὰ
1471 2802 1648 2861 αὐτοῦ
1675 2811 1788 2863 τεί-

1820 940 1913 986 5261

1820 2824 1852 2863 Ι)
