1962 3236
542 155 1021 204 ΠΟΛΙΤΕΙΑΣ
1048 148 1117 202 θ’.
1595 146 1700 203 275

17 297 132 347 πᾶν
152 289 235 346 ἀεὶ
254 293 484 359 τέταται,
515 289 606 343 καὶ
624 289 919 360 χρημάτων
946 308 1004 342 τε
1031 286 1123 341 καὶ
1149 283 1306 355 δόξης
1337 283 1532 355 ἥκιστα
1565 284 1700 340 τού-

17 393 129 426 των
148 371 327 444 τούτῳ
350 373 512 441 μέλει.
551 368 710 424 Πολύ
727 391 804 439 γε.
839 364 1157 438 Φιλομαθὲς
1174 365 1240 437 δὴ
1271 367 1363 421 καὶ
1384 364 1698 436 φιλόσοφον

17 459 320 516 καλοῦντες
339 450 474 506 αὐτὸ
495 450 633 506 κατὰ
651 451 862 518 τρόπον
880 445 952 504 ἂν
982 455 1269 518 καλοῖμεν;
1303 453 1434 512 Πῶς
1461 446 1571 518 γὰρ
1600 445 1699 514 οὕς

20 531 265 599 Οὐκοῦν,
304 527 374 603 ἦν
409 531 463 587 δ’
492 531 616 601 ἐγώ,
655 533 745 586 καὶ
784 530 937 600 ἄρχει
972 533 1030 584 ἐν
1062 541 1178 594 ταῖς
1213 540 1410 599 ψυχαῖς
1446 535 1557 583 τῶν
1597 527 1701 599 μὲν
1733 546 1764 588 c

20 619 200 682 τοῦτο,
220 621 334 668 τῶν
355 613 414 668 δὲ
438 612 499 667 τὸ
520 614 711 683 ἕτερον
730 615 972 681 ἐκείνων,
995 609 1264 679 ὁπότερον
1285 608 1357 666 ἄν
1382 610 1548 681 τύχῃς
1581 608 1702 665 Οὕ-

17 716 138 759 τως,
159 699 280 766 ἔφη.
303 694 413 749 Διὰ
430 701 600 749 ταῦτα
621 691 686 763 δὴ
709 694 798 747 καὶ
818 689 1139 760 ἀνθρώπων
1160 694 1408 762 λέγωμεν
1424 691 1490 746 τὰ
1511 696 1701 760 πρῶτοι

17 775 201 844 τριττὰ
235 780 367 846 γε’νη
406 774 573 844 εἶναι,
613 773 953 844 φιλόσοφον,
993 772 1311 843 φιλόνικον,
1351 775 1700 842 φιλοκερδές,

17 860 236 929 Κομιδῇ
275 878 352 926 γε.
401 858 509 911 Καὶ
546 855 768 927 ἡδονῶν
797 854 863 927 δὴ
903 861 1023 926 τρία
1064 859 1198 926 εἴδη,
1235 852 1605 925 ὑποκείμενον
1639 858 1701 910 ἓν

20 939 229 1011 ἑκάστῳ
248 938 491 1004 τούτων;
527 939 693 993 Πάνυ
711 959 788 1008 γε.
841 935 1005 992 Οἶσθ’
1041 930 1163 1006 οὖν,
1193 929 1266 1006 ἦν
1293 934 1343 991 δ’
1377 935 1504 1006 ἐγώ,
1535 935 1621 992 ὅτι
1657 940 1707 991 εἰ

19 1021 208 1084 θέλοις
227 1031 371 1090 τρεῖς
397 1020 682 1083 τοιούτους
701 1017 1039 1086 ἀνθρώπους
1059 1020 1118 1072 ἐν
1139 1018 1292 1088 μέρει
1319 1018 1552 1073 ἕκαστον
1572 1015 1702 1073 άνε-

21 1107 223 1172 ρωτᾷν,
244 1107 325 1165 τίς
345 1102 561 1155 τούτων
579 1105 693 1155 τῶν
709 1106 849 1172 βίων
870 1099 1104 1170 ἥδιστος,
1125 1097 1224 1153 τὸν
1255 1099 1457 1154 ἑαυτοῦ
1476 1099 1702 1164 ἕκαστος

18 1181 251 1252 μάλιστα
271 1180 686 1252 ἐγκωμιάσεται;
724 1179 755 1235 ὅ
783 1202 844 1249 γε
870 1176 1287 1250 χρηματιστικὸς
1316 1180 1453 1249 πρὸς
1477 1179 1537 1235 τὸ
1569 1202 1699 1252 κερ-
1729 1192 1764 1234 1>

21 1265 233 1316 δαίνειν
262 1260 364 1332 τὴν
390 1269 491 1317 τοῦ
517 1267 782 1332 τιμᾶσθαι
819 1258 1029 1331 ἡδονήν
1060 1258 1094 1330 ἦ
1124 1252 1226 1329 τὴν
1253 1267 1355 1315 τοῦ
1387 1261 1704 1331 μανθάνειν

21 1341 254 1408 οὐδενὸς
282 1341 439 1408 άξιάν
472 1344 631 1414 φήσει
666 1342 821 1410 εἶναι,
858 1346 907 1397 εἰ
933 1339 1005 1411 μὴ
1041 1348 1096 1396 εἴ
1124 1364 1174 1395 τι
1217 1339 1404 1396 αὐτῶν
1432 1340 1703 1414 άργύριον

22 1435 189 1488 ποιεῖς
222 1421 444 1495 Ἀληθῆ,
466 1429 586 1496 ἔφη.
631 1430 699 1479 Τι’
716 1425 773 1479 δὲ
794 1421 823 1479 ὁ
843 1422 1158 1493 φιλότιμος;
1197 1415 1269 1493 ἦν
1289 1420 1343 1477 δ’
1367 1422 1488 1493 ἐγώ·
1512 1423 1581 1480 οὐ
1601 1423 1703 1496 τὴν

19 1507 121 1576 μὲν
141 1504 247 1560 άπὸ
270 1512 383 1560 τῶν
398 1506 692 1576 χρημάτων
711 1502 920 1576 ἡδονὴν
940 1504 1214 1575 φορτικήν
1233 1527 1355 1560 τινα
1374 1503 1598 1576 ἡγεῖται,
1613 1508 1705 1562 καὶ

21 1582 95 1642 αὖ
115 1585 215 1658 τὴν
235 1585 342 1641 άπὸ
364 1593 465 1642 τοῦ
493 1588 823 1657 μανθάνειν,
847 1585 878 1642 ὅ
899 1609 947 1642 τι
976 1585 1048 1657 μὴ
1074 1585 1305 1658 μάθημα
1336 1586 1499 1659 τιμὴν
1529 1589 1703 1659 φέρει,

20 1667 236 1724 καπνὸν
256 1670 343 1723 καὶ
366 1674 675 1738 φλυαρίαν;
714 1667 924 1739 Οὕτως,
948 1673 1071 1739 ἔφη,
1096 1673 1216 1739 ἔχει.
1261 1669 1375 1724 Τόν
1395 1671 1453 1725 δὲ
1474 1671 1706 1740 φιλόσο-

20 1774 161 1822 φον,
190 1745 262 1821 ἦν
297 1750 347 1805 δ’
372 1751 508 1822 ἐγώ,
550 1758 605 1808 τί
642 1753 890 1823 οἰώμεθα
918 1750 1015 1816 τὰς
1042 1750 1212 1816 ἄλλας
1239 1748 1444 1822 ἡδονὰς
1468 1758 1705 1824 νομίζειν

21 1832 159 1901 πρὸς
177 1833 279 1904 τήν
301 1839 402 1889 τοῦ
423 1837 623 1890 εἰδέναι
642 1832 878 1906 τάληθὲς
898 1832 1007 1905 ὅπῃ
1029 1836 1134 1902 ἔχει
1165 1834 1255 1888 καὶ
1278 1835 1338 1888 ἐν
1367 1838 1446 1907 τῷ
1473 1833 1704 1909 τοιούτῳ
1730 1852 1763 1893 Ε

0 1917 126 1969 ετινὶ
159 1913 242 1970 ἀεὶ
271 1913 409 1970 εἶναι
433 1915 826 1985 μανθάνοντας
862 1920 957 1986 τῆς
974 1913 1179 1986 ἡδονῆς
1209 1913 1278 1969 ου’
1307 1914 1458 1970 πάνυ
1492 1916 1704 1989 πόρρω,

0 1998 115 2062 »καὶ
134 2003 323 2051 καλεῖν
342 2001 420 2070 τῷ
438 1995 557 2052 ὄντι
587 1995 905 2067 άναγκαίας,
939 1994 1010 2061 ὡς
1033 1994 1201 2052 οὐδὲν
1222 2001 1335 2052 τῶν
1364 1995 1550 2054 ἄλλων
1580 1999 1705 2054 δεό-

19 2099 207 2148 μενον,
230 2077 367 2148 εἰμὴ
390 2075 606 2149 ἀνάγκη
624 2072 723 2149 ἦν;
761 2072 862 2146 Εὖ,
886 2083 1009 2149 ἔφη,
1033 2082 1114 2133 δεῖ
1132 2080 1350 2132 εἰδέναι.

163 2157 440 2215 ν111.”οτε
477 2157 543 2231 δὴ
584 2153 704 2227 οὖν,
743 2158 916 2230 εἷπον,
954 2159 1433 2231 ἀμφισβητοῦνται
1469 2154 1705 2216 ἑκάστου

21 2245 123 2296 τοῦ
145 2244 326 2305 εἴδους
345 2243 406 2296 αἱ
423 2238 617 2311 ἡδοναὶ
630 2243 719 2297 καὶ
739 2239 906 2305 αὐτὸς
925 2239 954 2297 ὁ
977 2246 1113 2312 βίος,
1140 2239 1212 2312 μὴ
1235 2241 1319 2296 ὄτι
1337 2239 1476 2310 πρὸς
1494 2240 1554 2297 τὸ
1578 2242 1703 2298 κάλ·

23 2330 143 2378 λιον
173 2322 263 2376 καὶ
291 2328 503 2391 αἴσχιον
540 2327 638 2394 ζῇν
676 2323 812 2393 μηδὲ
842 2322 901 2379 τό
941 2334 1125 2394 χεῖρον
1161 2325 1250 2378 καὶ
1280 2322 1526 2395 ἄμεινον,
1562 2321 1702 2381 ἀλλὰ

23 2401 161 2471 πρὸς
181 2400 316 2458 αὐτὸ
335 2399 398 2458 τὸ
418 2401 579 2474 ἥδιον
598 2406 688 2459 καὶ
707 2401 1067 2475 ἀλυπότερον,
1097 2409 1213 2469 πῶς
1235 2402 1307 2460 ἂν
1337 2409 1588 2477 εἰδεῖμεν,
1620 2412 1702 2471 τίς
1734 2423 1820 2469 582

23 2483 210 2540 αὐτῶν
229 2482 572 2554 ἀληθέστατα
602 2487 775 2555 λέγεις
813 2483 897 2542 Οὐ
927 2484 1094 2552 πάνυ,
1130 2489 1253 2556 ἔφη,
1284 2490 1454 2556 ἔγωγε
1491 2492 1595 2558 ἔχω
1626 2492 1705 2544 εἰ-

22 2577 159 2621 πεῖν.
198 2562 343 2620 Ἀλλ’
387 2558 495 2620 ω’δε
524 2565 729 2621 σκόπει.
763 2571 871 2622 τίνι
899 2565 1000 2638 χρὴ
1032 2573 1323 2635 κρίνεσθαι
1346 2566 1412 2623 τὰ
1431 2572 1701 2638 μέλλοντα

21 2652 204 2711 καλῶς
242 2647 639 2718 κριθήσεσθαις
678 2642 771 2717 ἆρ’
809 2646 911 2704 οὐκ
941 2650 1191 2718 ἐμπειρίᾳ
1217 2669 1274 2703 τε
1313 2649 1404 2704 καὶ
1432 2650 1703 2723 φρονήσει

57 2730 111 2783 αὶ
130 2727 308 2802 λόγως
344 2723 380 2798 ἢ
407 2727 620 2783 τούτων
648 2733 758 2799 ἔχοι
793 2729 864 2785 ἄν
899 2752 978 2795 τις
1006 2732 1223 2801 βέλτιον
1246 2730 1555 2802 κριτήριον;
1593 2736 1702 2790 Καὶ

62 2814 138 2872 ὥς
165 2809 264 2876 ἄν,
298 2813 418 2882 ἔφη.
451 2810 662 2867 Σκόπει
691 2812 782 2883 δή·
819 2816 990 2881 τριῶν
1018 2810 1201 2868 ὄντων
1228 2816 1342 2868 τῶν
1369 2810 1594 2883 ἀνδρῶν
1620 2818 1701 2880 τίς

1354 2891 1443 2939 18*
