1962 3236
133 185 201 239 10
737 187 1213 236 ΠΛΑΤΩΝΟΣ

131 328 246 378 λων
277 321 369 383 καὶ
400 320 487 376 ἐπὶ
519 318 699 392 βλάβῃ
729 325 841 374 τῶν
864 321 1098 389 ἐχθρῶν.
1141 316 1241 389 οὐχ
1273 317 1449 384 οὕτως
1477 323 1680 390 ἔλεγες;
1714 317 1798 376 Οῦ

131 398 206 469 μὰ
239 399 339 456 τὸν
368 398 498 470 Δί’,
531 405 665 471 ἔφη,
705 398 828 455 ἀλλ’
862 398 1044 454 οὐκέτι
1077 398 1199 455 οἴδα
1229 404 1399 470 ἔγωγε
1437 399 1470 454 ὅ
1497 423 1549 455 τι
1583 406 1797 470 ἔλεγον·

128 487 292 537 τοῦτο
319 485 504 552 μέντοι
524 485 705 552 ἔμοιγε
726 486 881 536 δοκεῖ
898 484 1001 550 ἔτι,
1024 477 1257 551 ὠφελεῖν
1278 479 1380 552 μὲν
1397 479 1528 545 τούς
1547 486 1743 552 φίλους
1765 478 1800 552 ἡ

130 563 482 634 δικαιοσύνη,
515 561 776 633 βλάπτειν
797 563 856 615 δὲ
885 561 1015 625 τοὺς
1042 561 1290 631 ἐχθρούς.
1332 567 1535 626 Φίλους
1554 565 1613 617 δὲ
1631 568 1803 632 λέγεις

77 654 109 696 G
130 642 269 699 εἶναι
292 643 531 715 πότερον
553 641 684 707 τοὺς
714 646 1019 707 δοκοῦντας
1047 643 1256 716 ἑκάστῳ
1277 642 1546 715 χρηστοὺς
1566 642 1733 710 εἶναι,
1766 640 1803 713 ἢ

127 721 259 788 τοῦς
281 722 467 794 ὄντας,
496 719 604 779 κάν
638 722 711 795 μὴ
736 727 967 793 δοκῶσι,
1004 725 1095 779 καὶ
1119 723 1354 794 ἐχθροὺς
1386 722 1669 789 ὡσαύτως-ς
1702 729 1802 780 Εἰ·-

128 803 226 869 κὸς
249 807 379 878 μέν,
403 810 507 876 ἔφη
522 847 537 877 ,
559 802 658 870 οὓς
678 805 749 860 ἄν
767 827 846 870 τις
863 803 1059 876 ἡγῆται
1075 805 1345 876 χρηστούς
1358 848 1372 874 ,
1392 813 1600 876 φιλεῖν,
1627 804 1724 870 οὓς
1744 804 1799 861 δ’

129 880 200 939 ὅίν
219 884 528 956 πονηρούς,
549 897 743 956 μισεῖν.
791 881 907 957 Ἆρ’
931 907 1036 940 ουν
1055 884 1158 955 οὐχ
1185 883 1599 955 ἁμαρτάνουσιν
1623 890 1680 941 οι
1699 886 1800 940 άν-

127 973 348 1034 θρωποι
366 968 490 1036 περὶ
505 973 696 1038 τοῦτο,
725 965 864 1021 ω’στε
885 970 1070 1021 δοκεῖν
1088 964 1273 1030 αὐτοῖς
1293 966 1532 1031 πολλοὺς
1549 966 1649 1037 μὲν
1668 987 1803 1036 χρη-

130 1044 295 1110 στοὺς
321 1045 460 1101 εἶναι
490 1046 564 1117 μὴ
591 1046 782 1117 ὄντας,
812 1043 1053 1110 πολλοὺς
1077 1046 1137 1101 δε
1158 1045 1512 1115 τούναντίον;
1529 1045 1802 1119 Ἀμαρτά-

124 1143 339 1184 νουσιν.
405 1129 635 1194 Τούτοις
665 1128 772 1201 ἄρα
804 1132 861 1184 οἱ
884 1131 985 1199 μὲν
1011 1127 1218 1199 ἀγαθοὶ
1251 1131 1466 1200 ἐχθροί,
1493 1133 1549 1185 οἱ
1565 1133 1624 1184 δὲ
1643 1129 1804 1183 κακοὶ

129 1215 306 1281 φίλοι;
336 1210 501 1266 Πάνυ
531 1233 609 1281 γε.
659 1207 807 1266 ”Αλλ
840 1210 987 1280 ὅμως
1017 1214 1232 1266 δίκαιον
1257 1210 1381 1266 τότε
1399 1210 1642 1280 τούτοις,
1672 1209 1803 1274 τούς

69 1309 106 1350 D
129 1291 230 1364 μὲν
250 1293 530 1364 πονηροὺς
552 1291 812 1365 ὠφελεῖν,
845 1293 975 1358 τοὺς
995 1295 1053 1349 δὲ
1072 1291 1323 1363 ἀγαθούς
1346 1292 1624 1365 βλάπτειν.
1661 1298 1801 1349 Φαί-

127 1394 290 1431 νεται.
333 1373 497 1430 Ἀλλά
518 1373 630 1446 μὴν
651 1378 708 1431 οἵ
728 1397 791 1445 γε
820 1372 1025 1444 ἀγαθοὶ
1050 1379 1255 1430 δίκαιοί
1267 1396 1323 1429 τε
1351 1378 1441 1430 καὶ
1460 1371 1565 1430 οἷοι
1585 1373 1657 1446 μὴ
1680 1374 1802 1430 άδι-

126 1466 259 1510 κεῖν.
318 1452 540 1527 Ἀληθῆ.
596 1455 753 1511 Κατὰ
790 1455 855 1527 δὴ
890 1455 990 1511 τὸν
1022 1455 1124 1511 σὸν
1152 1456 1321 1525 λόγον
1347 1455 1477 1520 τούς
1495 1459 1665 1527 μηδὲν
1685 1456 1800 1510 άδι-

125 1543 363 1600 κοῦντας
382 1540 596 1592 δίκαιον
613 1543 794 1602 κακῶς
812 1549 1002 1592 ποιεῖν.
1034 1540 1339 1607 Μηδαμῶς,
1362 1542 1483 1608 ἔφη,
1503 1533 1546 1593 ὦ
1564 1538 1802 1605 Σώκρα-

125 1637 235 1681 τες·
257 1615 502 1687 πονηρὰς
518 1616 625 1688 γὰρ
645 1622 822 1674 ἔοικεν
841 1617 980 1673 εἶναι
1000 1615 1028 1673 6
1049 1616 1224 1687 λόγος.
1271 1619 1415 1683 Τοὺς
1434 1616 1659 1681 άδίκους
1674 1616 1796 1686 ἄρα,

123 1691 197 1767 ἦν
225 1698 280 1752 δ’
311 1698 446 1769 ἐγώ,
480 1702 693 1755 δίκαιον
712 1698 1002 1771 βλάπτειν,
1035 1697 1166 1762 τοὺς
1196 1697 1255 1754 δὲ
1287 1703 1530 1763 δικαίους
1549 1697 1797 1768 ὠφελεῖν.

127 1771 307 1844 Οὗτος
325 1781 539 1835 ἐκείνου
558 1786 798 1836 καλλίων
820 1785 1087 1851 φαίνεται.
1129 1787 1366 1844 Πολλοῖς
1385 1780 1494 1849 ἄρα
1509 1821 1524 1849 ,
1558 1774 1602 1834 c3
1622 1781 1800 1834 Πολέ-

124 1881 321 1930 μαρχε,
356 1861 718 1933 ξυμβήσεται,
752 1859 874 1916 ὅσοι
905 1861 1301 1932 διημαρτήκασι
1329 1868 1440 1916 τῶν
1461 1859 1795 1931 ἀνθρώπων,

31 1992 33 1995 .
69 1950 102 1991 Ε
127 1944 340 1996 δίκαιον
361 1940 500 1997 εἶναι
519 1942 649 2007 τοὺς
667 1942 770 2013 μὲν
791 1947 987 2013 φίλους
1004 1943 1270 2014 βλάπτειν
1284 1963 1294 1974 ·
1315 1944 1549 2012 πονηροὶ
1567 1942 1673 2011 γὰρ
1694 1939 1797 1994 αύ-

124 2032 236 2085 τοῖς
256 2026 386 2077 εἰσί·
413 2022 545 2086 τοῦς
574 2022 625 2078 δ’
663 2021 901 2093 ἐχθροὺς
921 2022 1182 2093 ω’φελεῖν·
1216 2022 1419 2093 ἀγαθοὶ
1438 2022 1567 2092 γάρ·
1590 2024 1679 2077 καὶ
1700 2020 1800 2076 οὕ-

123 2123 229 2167 τως
258 2104 494 2173 ἐροῦμεν
523 2101 657 2158 αὐτὸ
691 2101 1020 2159 τούναντίον
1048 2103 1086 2175 ἢ
1113 2102 1213 2159 τὸν
1242 2108 1564 2174 Σιμωνίδην
1589 2107 1799 2173 ἔφαμεν

118 2182 316 2253 λέγειν.
358 2185 468 2240 Καὶ
497 2183 670 2255 μάλα,
702 2189 834 2256 ἔφη,
869 2184 1014 2240 οὕτω
1036 2188 1336 2257 ξυμβαίνει.
1374 2183 1512 2240 ἀλλὰ
1542 2183 1798 2255 μεταθώ-

123 2272 271 2334 μεθα
285 2285 296 2296 ·
316 2265 717 2336 κινδυνεύομεν
733 2265 841 2337 γὰρ
864 2265 966 2321 οὐκ
986 2265 1172 2338 ὀρθῶς
1189 2265 1287 2321 τὸν
1307 2271 1472 2337 φίλον
1490 2267 1579 2321 καὶ
1596 2264 1799 2336 ἐχθρὸν

122 2346 344 2400 θέσθαι.
375 2351 506 2410 Πῶς
525 2350 781 2417 θέμενοι,
803 2342 850 2402 ὦ
867 2351 1206 2419 Πολέμαρχε;
1241 2346 1355 2403 Τόυ
1375 2353 1647 2403 δοκοῦντα
1666 2369 1799 2417 χρη-

125 2426 286 2496 στόν,
316 2433 518 2483 τοῦτον
550 2433 717 2499 φίλον
735 2428 889 2485 εἶναι.
938 2436 1068 2484 Νῦν
1092 2430 1150 2485 δὲ
1168 2435 1311 2499 πῶς,
1342 2423 1414 2499 ἦν
1447 2428 1500 2483 δ’
1533 2427 1667 2498 ἐγώ,
1700 2450 1797 2498 με·-

123 2508 457 2579 ταθσόμεθας
499 2508 612 2565 Τόν
634 2510 911 2567 δοκοῦντά
929 2533 1013 2581 τε,
1046 2505 1082 2582 ἦ
1103 2509 1154 2566 δ’
1179 2510 1267 2580 ὅς,
1288 2510 1494 2566 καὶτὸν
1515 2511 1648 2566 ὄντα
1666 2532 1798 2583 χρη-

6 2599 92 2643 335
126 2588 258 2644 στὸν
277 2595 444 2660 φίλον
458 2613 468 2624 ·
488 2589 589 2646 τόν
609 2595 668 2647 δὲ
687 2596 961 2648 δοκοῦντα
980 2596 1097 2664 με’ν,
1118 2591 1251 2648 ὅντα
1273 2595 1330 2647 δὲ
1350 2593 1441 2664 μή,
1463 2597 1646 2648 δοκεῖν
1661 2589 1798 2647 άλλὰ

120 2669 195 2740 μὴ
216 2669 355 2724 εἶναι
373 2676 563 2741 φίλον·
600 2675 691 2730 καὶ
712 2675 837 2746 περὶ
855 2681 957 2729 τοῦ
973 2675 1184 2744 ἐχθροῦ
1204 2671 1310 2729 δε“
1281 2696 1315 2744 η
1335 2672 1471 2744 αὐτὴ
1493 2678 1663 2737 θέσις.
1697 2676 1798 2726 Φί-

122 2758 217 2815 λος
235 2772 339 2821 μεν
358 2752 426 2822 δή
438 2794 453 2822 ,
486 2776 561 2818 ως
580 2759 750 2825 ἔοικε,
770 2755 949 2810 τούτω
968 2777 1043 2810 τω
1066 2755 1212 2828 λόγω
1235 2753 1262 2810 ὁ
1287 2751 1499 2824 ἀγαθὸς
1517 2757 1689 2819 ε’,σται
1710 2754 1797 2820 ε’χ-

121 2837 264 2900 θρος
293 2829 401 2885 δὲ
374 2853 403 2885 0
434 2835 688 2904 πονηρός.
744 2841 871 2891 Ναί.
931 2835 1187 2899 Κελεύεις
1218 2832 1283 2904 δὴ
1308 2831 1450 2904 ἡμᾶς
1471 2839 1796 2900 προσθεῖναι

1943 0 1962 304 -ι

1956 306 1962 527 ¹
