1962 3236
251 172 354 225 282
864 162 1339 226 ΠΛΑΤῼΝΟΣ

249 312 456 363 σιλικαί
483 329 541 363 τε
570 309 658 362 καὶ
694 307 948 377 xes-uuam
986 313 1116 364 Ναί.
1170 314 1442 364 Πλεῖστον
1471 309 1556 380 δή,
1589 311 1756 383 οἶμαι,
1791 312 1927 386 ἀλη-

245 395 389 453 θοῦς
407 386 612 459 ἡδονῆς
635 389 726 442 καὶ
746 392 946 453 οἰκείας
966 386 995 443 6
1016 389 1291 458 τύραννος
1321 387 1628 464 ἀφεστήξει,
1661 391 1690 449 6
1722 393 1780 449 δὲ
1808 393 1925 451 ὀλί-

247 485 450 539 γιστον.
485 467 734 539 Ἀνάγκη.
770 471 879 524 Καὶ
906 468 1209 541 ἀηδέστατα
1230 470 1354 542 ἄρα,
1389 471 1561 543 εἷπον,
1593 471 1622 529 6
1650 475 1924 546 τύραννος

248 551 521 622 βιώσεται,
560 549 588 606 ὁ
626 550 685 606 δὲ
721 549 982 622 βασιλεὺς
1008 550 1217 623 ἥδιστα.
1256 551 1447 624 Πολλὴ
1478 552 1711 626 ἀνάγκη.
1754 555 1921 613 Οἷσθ’

249 628 370 703 οὖν,
391 627 462 702 ἦν
495 630 545 687 δ’
581 633 707 703 ε’γώ,
738 632 850 707 ὅσῳ
883 632 1214 706 ἀηδέστερον
1239 641 1301 711 ζῇ
1331 637 1605 707 τύραννος
1632 641 1923 709 βασιλέως;

237 710 334 769 ’Ὰν
366 722 535 785 εἴπῃς,
569 718 689 785 ἔφη.
735 721 917 785 Τριῶν
944 713 1183 786 ἡδονῶν,
1218 716 1292 784 ῶς
1330 723 1525 789 ἔοικεν,
1566 717 1770 791 οὐσῶν,
1799 728 1926 791 μιᾶς

247 798 348 867 μὲν
365 801 607 867 γνησίας,
630 801 788 853 δυοῖν
808 797 865 855 δὲ
884 800 1107 869 νόθαιν,
1126 807 1239 855 τῶν
1258 801 1454 856 νόθων
1481 807 1555 866 εἰς
1584 801 1643 858 τὸ
1677 805 1924 859 ἐπέκεινα

190 904 221 945 0
248 878 494 951 ὑπερβὰς
513 879 542 935 ὁ
562 879 852 951 τύραννος,
875 880 1075 951 φυγῶν
1100 882 1276 952 νόμον
1301 905 1356 936 τε
1376 885 1466 937 καὶ
1495 882 1679 954 λόγον,
1703 886 1925 950 δούλαις

245 966 349 1018 τισὶ
373 962 710 1033 δορυφόροις
738 961 962 1035 ἡδοναῖς
989 968 1242 1033 ξυνοικεῖ,
1276 965 1366 1018 καὶ
1395 962 1580 1037 ὁπόσῳ
1610 967 1925 1021 ἐλαττοῦται

246 1042 375 1099 οὐδὲ
394 1043 544 1099 πάνυ
563 1043 760 1117 ῥᾴδιον
780 1048 967 1114 εἰπεῖν,
990 1045 1135 1115 πλὴν
1155 1054 1286 1110 ἴσως
1307 1038 1426 1100 ὦδε.
1466 1051 1618 1110 Πῶς;
1639 1050 1760 1117 ἔφη.
1789 1045 1918 1103 Ἀπὸ

244 1132 347 1180 τοῦ
375 1124 730 1197 ὀλιγαρχικοῦ
762 1133 941 1197 τρίτος
972 1149 1081 1181 που
1109 1125 1138 1182 ὁ
1174 1127 1449 1197 τύραννος
1484 1125 1825 1199 ἀφειστήκει·
1864 1131 1924 1184 ἐν

246 1211 392 1281 μέσῳ
412 1206 520 1277 γὰρ
550 1206 735 1262 αὐτῶν
765 1207 792 1263 ὁ
823 1207 1112 1278 δημοτικὸς
1129 1202 1216 1278 ἦν.
1253 1214 1382 1263 Ναί.
1423 1207 1652 1264 Οὐκοῦν
1671 1212 1761 1264 καὶ
1790 1207 1923 1280 ἡδο-

245 1295 345 1359 νῆς
377 1293 541 1362 τρίτῳ
573 1290 780 1361 εἰδώλῳ
811 1288 948 1357 πρὸς
987 1287 1259 1359 ἀλήθειαν
1295 1288 1392 1344 ἀπ’
1431 1294 1645 1346 ἐκείνου
1681 1295 1927 1356 ξυνοικοῖ

244 1368 333 1439 ἄν,
365 1373 415 1424 εἰ
443 1368 509 1423 τὰ
535 1367 787 1437 πρόσθεν
817 1367 1025 1439 ἀληθῆ;
1059 1367 1265 1434 Οὕτως.
1293 1367 1353 1425 Ὁ
1392 1374 1453 1426 δέ
1485 1393 1547 1440 γε
1583 1369 1925 1442 ὀλιγαρχικὸς

179 1470 212 1510 D
243 1448 352 1506 ἀπὸ
379 1457 482 1505 τοῦ
500 1455 789 1521 βασιλικοῦ
807 1444 879 1505 αὖ
908 1457 1102 1520 τρίτος,
1131 1451 1228 1505 ἐὰν
1258 1456 1332 1516 εἰς
1362 1450 1565 1507 ταύτόν
1590 1450 1921 1525 ἀριστοκρα-

243 1530 399 1587 τικὸν
434 1533 524 1587 καὶ
556 1529 844 1602 βασιλικὸν
881 1539 1138 1602 τιθῶμεν.
1185 1538 1377 1604 Τρίτος
1404 1533 1524 1605 γάρ.
1585 1539 1922 1605 Τριπλασίου

245 1613 369 1684 ἄρα,
389 1606 462 1684 ἦν
482 1611 537 1668 δ’
558 1612 680 1682 ἐγώ,
702 1613 1025 1682 τριπλάσιον
1056 1612 1279 1688 ἀριθμῶ
1297 1613 1545 1685 ἀληθοῦς
1566 1613 1768 1687 ἡδονῆς
1786 1613 1923 1687 ἀφέ-

246 1713 408 1766 στηκε
425 1694 715 1765 τύραννος.
738 1699 1011 1749 Φαίνεται.
1048 1692 1334 1751 Ἐπίπεδον
1354 1694 1468 1766 ἄρ’,
1491 1702 1648 1768 ἔφην,
1669 1694 1740 1761 ὡς
1761 1703 1919 1767 ἔοικε,

244 1773 305 1830 τὸ
346 1778 576 1830 εἴδωλον
605 1773 741 1830 κατὰ
779 1774 879 1830 τὸν
914 1782 1016 1832 τοῦ
1054 1776 1264 1847 μήκους
1300 1775 1548 1848 ἀριθμὸν
1584 1776 1786 1850 ἡδονῆς
1823 1800 1904 1833 τυ-

245 1862 511 1927 ραννικῆς
541 1853 612 1911 ἄν
643 1865 742 1927 εἴη.
784 1861 999 1928 Κομιδῇ
1033 1879 1108 1928 γε.
1145 1856 1300 1913 Κατά
1331 1859 1389 1914 δὲ
1421 1859 1659 1929 δύναμιν
1688 1863 1777 1915 καὶ
1806 1865 1922 1930 τρί-

243 1959 345 2008 την
366 1936 538 2008 αὔξην
569 1941 739 2009 δῆλον
772 1939 838 2009 δὴ
872 1937 1178 1995 ἀπόστασιν
1210 1939 1348 2010 ὅσην
1380 1940 1700 2012 ἀφεστηκώς
1736 1947 1921 2010 γίγνε-

243 2041 348 2073 ται.
386 2026 596 2090 Δῆλον,
629 2024 751 2090 ἔφη,
789 2026 865 2093 τῷ
896 2042 959 2090 γε
989 2027 1293 2094 λογιστικῷ.
1337 2020 1564 2076 Ούκοῦν
1592 2021 1690 2076 εὀἷν
1716 2042 1796 2085 τις
1823 2044 1916 2092 με-

184 2125 217 2164 E
246 2103 550 2168 ταστρέψας
586 2098 820 2174 ἀληθείᾳ
862 2097 1063 2170 ἡδονῆς
1099 2103 1198 2155 τὸν
1232 2103 1456 2172 βασιλέα
1501 2108 1603 2156 τοῦ
1638 2102 1919 2170 τυράννου

246 2178 594 2251 ἀφεστηκότα
625 2183 772 2252 λέγῃ,
807 2180 942 2236 ὅσον
981 2180 1320 2252 ἀφέστηκεν,
1365 2185 1916 2239 ἐννεακαιεικοσικαι-

246 2260 830 2325 επτακοσιοπλασιάκις
863 2260 1024 2332 ἥδιον
1043 2260 1216 2317 αὐτὸν
1249 2267 1421 2328 ζῶντα
1461 2259 1682 2333 εὑρήσει
1700 2271 1918 2319 τελειω-

243 2348 407 2414 θείσῃ
428 2348 494 2414 τῇ
514 2342 1005 2412 πολλαπλασιώσει,
1027 2340 1127 2397 τὸν
1158 2346 1216 2397 δὲ
1248 2344 1529 2413 τύραννον
1559 2343 1918 2416 ἀνιαρότερον

240 2429 309 2494 ’τῇ
334 2421 473 2494 αὐτῇ
492 2423 663 2494 ταύτῃ
693 2423 1005 2478 ἀποστάσει.
1041 2423 1359 2495 Ἀμήχανον,
1381 2429 1504 2495 ἔφη,
1535 2426 1797 2495 λογισμὸν
1815 2449 1917 2480 κα-

242 2504 628 2575 ταπεφόρηκας
646 2510 741 2575 τῆς
771 2505 1168 2575 διαφορότητος
1195 2517 1312 2560 τοῖν
1342 2503 1587 2575 ἀνδροῖν,
1619 2513 1720 2560 τοῦ
1747 2527 1804 2561 τε
1833 2512 1917 2561 δι-

126 2607 213 2654 588
244 2591 403 2642 καίου
422 2589 512 2642 καὶ
530 2593 632 2641 τοῦ
650 2584 863 2657 ἀδίκου,
885 2584 1023 2655 πρὸς
1040 2586 1249 2658 ἡδονήν
1267 2609 1324 2641 τε
1345 2589 1435 2642 καὶ
1453 2586 1650 2657 λύπην.
1668 2588 1775 2641 Καὶ
1793 2590 1916 2656 μέν·

242 2689 326 2723 τοι
351 2669 441 2722 καὶ
463 2665 649 2738 ἀληθῆ
678 2670 770 2722 καὶ
802 2668 1153 2738 προσήκοντά
1173 2690 1251 2739 γε,
1272 2662 1344 2739 ἦν
1364 2666 1416 2723 δ’
1443 2667 1565 2738 ἐγώ,
1592 2673 1730 2738 βίοις
1749 2665 1913 2735 ἀριθ-·

245 2748 370 2818 μόν,
415 2757 565 2819 εἴπερ
611 2743 796 2814 αὐτοῖς
835 2749 1214 2820 προσήκουσιν
1251 2748 1446 2820 ἡμέραι
1478 2750 1568 2803 καὶ
1596 2748 1790 2811 νύκτες
1824 2751 1911 2805 καὶ

241 2836 408 2899 μῆνες
427 2833 515 2884 καὶ
536 2833 789 2886 ἐνιαυτοί.
821 2829 977 2886 Ἀλλά
1009 2832 1135 2902 μήν,
1159 2837 1281 2901 ἔφη,
1313 2828 1703 2898 προσήκουσιν.
1765 2829 1918 2885 Οὐκ-
