1962 3236
202 124 206 127 ·
260 99 364 151 238
822 101 1289 148 ΠΛΑΤΩΝΟΣ,

197 262 199 264 ·
259 255 316 288 τε
337 234 427 288 καὶ
447 231 526 297 οἷς
546 236 791 288 ἐθέλοιεν
812 231 996 295 ἄλλοις
1025 230 1200 285 πολλὰ
1224 227 1294 284 ἂν
1325 234 1665 305 δαπανῶντο.
1705 232 1961 304 'Aulum-2

262 330 447 383 στατα,
470 317 588 383 ἔφη.
631 310 857 367 Οὐκοῦν
882 313 971 365 καὶ
990 312 1249 379 φειδωλοὶ
1269 311 1579 380 χρημάτων,
1611 312 1704 367 ἅτε
1734 319 1916 382 τιμῶν-

260 417 347 458 τες
367 395 458 449 καὶ
479 392 547 448 οὐ
569 399 823 463 φανερῶς
843 391 1127 462 κτώμενοι,
1150 395 1523 461 φιλαναλωταὶ
1546 393 1602 447 δὲ
1633 393 1936 463 ἀλλοτρίων

263 473 330 529 δι’
357 477 675 544 ἐπιθυμίαν,
698 475 787 528 καὶ
804 474 990 545 λάθρᾳ
1008 471 1103 536 τὰς
1123 471 1328 543 ἡδονάς
1342 473 1735 544 καρπούμενοι,
1756 473 1938 546 ῶσπερ

263 559 451 619 παῖδες
473 557 678 624 πατέρα
697 551 796 608 τὸν
825 553 1001 623 νόμον
1020 551 1535 624 ἀποδιδράσκοντες,
1559 554 1657 625 οὐχ
1690 553 1794 610 ὑπὸ
1820 577 1940 610 πει-

259 643 403 699 θοῦς
433 634 552 689 ἀλλ’
594 632 701 688 ὑπὸ
737 638 857 705 βίας
883 637 1304 704 πεπαιδευμένοι
1335 634 1423 689 διὰ
1456 636 1516 691 τὸ
1547 643 1642 706 τῆς
1670 634 1941 706 ἀληθινῆς

263 715 498 786 Μούσης
520 722 614 786 τῆς
646 716 779 785 μετὰ
810 713 992 785 λόγων
1028 737 1085 770 τε
1123 717 1213 771 καὶ
1250 722 1580 786 φιλοσοφίας
1612 716 1962 787 ἠμεληκέναι,

199 815 229 857 c
261 798 351 852 καὶ
407 800 791 868 πρεσβυτέρως
840 795 1218 866 γυμναστικὴν
1262 804 1528 868 μουσικῆς
1581 799 1936 867 τετιμηκέναι,
1960 839 1962 842 .

259 878 641 946 Παντάπασιν,
665 882 786 947 ἔφη,
809 879 978 945 λέγεις
997 880 1333 948 μεμιγμένην
1365 883 1644 933 πολιτείαν
1674 882 1732 932 ἐκ
1763 882 1937 931 κακοῦ

259 982 316 1015 τε
338 963 426 1016 καὶ
448 958 686 1030 ἀγαθοῦ.
727 962 1005 1029 Μέμικται
1023 958 1147 1030 γάρ,
1169 953 1242 1029 ἦν
1262 959 1315 1014 δ’
1339 960 1470 1029 ἐγώ·
1508 960 1934 1027 διαφανέστατον
1960 1014 1962 1017 ,

262 1039 310 1095 δ’
341 1044 401 1094 ἐν
421 1038 561 1111 αὐτῇ
582 1041 729 1095 ἐστὶν
760 1040 821 1093 ἓν
850 1061 900 1093 τι
938 1038 1113 1109 μόνον
1151 1038 1259 1095 ὑπὸ
1298 1047 1398 1095 τοῦ
1433 1045 1772 1111 θυμοειδοῦς
1804 1062 1936 1111 κραμ

261 1128 506 1189 τοῦντος,
529 1126 860 1190 φιλονεικίαι
881 1122 971 1175 καὶ
992 1127 1306 1192 φιλοτιμίαι.
1347 1122 1587 1192 Σφόδρα
1606 1143 1686 1192 γε,
1715 1116 1753 1191 ἦ
1778 1120 1830 1175 δ’
1862 1118 1938 1184 ὅς.

264 1201 508 1272 Οὐκοῦν,
530 1196 601 1272 ἦν
632 1200 682 1256 δ’
722 1201 844 1272 ἐγώ,
877 1201 1014 1272 αὕτη
1038 1202 1139 1272 μὲν
1167 1201 1199 1272 ἡ
1233 1208 1475 1257 πολιτεία
1506 1201 1649 1257 οὕτω
1682 1213 1942 1271 γεγονυῖα

197 1306 232 1346 1)
267 1286 358 1340 καὶ
377 1283 601 1354 τοιαύτη
625 1283 696 1337 ἄν
715 1305 795 1347 τις
815 1291 914 1352 εἴη,
938 1282 1008 1347 ὡς
1028 1283 1174 1356 λόγω
1197 1290 1374 1354 σχῆμα
1402 1291 1671 1348 πολιτείας
1691 1281 1937 1353 ὑπογρά-

266 1377 447 1433 ψαντα
484 1364 556 1436 μὴ
597 1363 837 1436 ἀκριβῶς
871 1364 1292 1435 ἀπεργάσασθαι
1331 1364 1420 1419 διὰ
1458 1366 1518 1420 τὸ
1560 1369 1805 1435 ἐξαρκεῖν
1842 1367 1953 1434 μὲν,

267 1450 404 1503 ἰδεῖν
424 1449 515 1501 καὶ
545 1448 603 1501 ἐκ
634 1452 728 1516 τῆς
764 1444 1094 1517 ὑπογραφῆς
1121 1446 1222 1501 τόν
1249 1468 1305 1500 τε
1337 1446 1683 1502 δικαιότατον
1719 1449 1808 1501 καὶ
1843 1445 1944 1501 τὸν

267 1526 625 1597 ἀδικώτατον,
665 1525 950 1597 ἀμήχανον
980 1530 1036 1582 δὲ
1061 1528 1218 1598 μήκει
1257 1531 1420 1597 ἔργον
1454 1526 1593 1582 εἶναι
1630 1528 1806 1591 πάσας
1843 1527 1943 1596 μὲν

266 1613 552 1678 πολιτείας,
576 1607 753 1662 πάντα
768 1607 826 1662 δὲ
845 1609 957 1678 ἤθη
970 1611 1140 1677 μηδὲν
1160 1609 1538 1676 παραλιπόντα
1559 1611 1814 1663 διελθεῖν.
1835 1610 1940 1663 Καὶ

265 1688 469 1761 ὀρθῶς)
491 1693 611 1760 ἔφη·

403 1775 460 1824 V.
506 1776 595 1835 Τίς
615 1763 719 1826 οὖν
743 1769 771 1825 6
796 1769 931 1826 κατὰ
952 1771 1158 1842 ταύτην
1189 1771 1289 1842 τὴν
1315 1778 1593 1827 πολιτείαν
1623 1769 1793 1841 ἀνήρ;
1829 1776 1942 1834 πῶς

265 1873 322 1908 τε
350 1851 649 1922 γενόμενος
669 1852 823 1917 ποῖός
844 1856 903 1908 τέ
920 1875 997 1917 τις
1019 1852 1123 1917 ῶνς
1161 1852 1325 1924 Οἶμαι
1343 1856 1460 1924 μέν,
1482 1851 1638 1956 ἔφηὸ
1660 1850 1942 1922 Ἀδείμαν-

266 1954 375 2004 τος,
398 1933 560 2005 ἐγγύς
579 1955 629 1989 τι
651 1931 824 1989 αὐτὸν
843 1933 1177 1999 Γλαύκωνος
1205 1939 1434 1990 τουτουῒ
1459 1939 1658 1989 τείνειν
1690 1932 1850 1987 ε’νεκά
1880 1953 1941 2000 γε

209 2047 242 2086 E
269 2019 621 2085 ‹postovetm'wg
645 2014 818 2084 Ἴσως,
839 2017 910 2085 ἦν
939 2015 988 2070 δ’
1024 2015 1148 2085 ε’γῶ,
1178 2015 1343 2070 τοῦτό
1371 2036 1456 2084 γε·
1498 2013 1636 2068 ἀλλά
1667 2035 1760 2083 μοι
1794 2017 1948 2068 δοκεῖ

267 2097 398 2151 τάδε
419 2094 486 2151 οὐ
506 2097 645 2151 κατὰ
667 2103 868 2151 τοῦτον
898 2091 1217 2166 πεφυκέναι.
1282 2095 1360 2151 To}
1390 2107 1547 2162 ποῑα;
1585 2092 1942 2150 Αὐθαδέστε-

268 2177 372 2246 ρόν
397 2199 452 2232 τε
474 2181 560 2232 δεῖ
574 2175 763 2246 αὐτόν,
796 2171 866 2248 ἦν
898 2175 949 2232 δ’
990 2178 1113 2247 ἐγώ,
1146 2176 1284 2232 εἶναι
1311 2179 1400 2233 καὶ
1431 2176 1940 2248 ὑποαμουσότερον,

268 2259 615 2328 φιλόμουσον
635 2257 803 2313 δὲκαὶ
823 2258 1094 2329 φιλήκοον
1113 2260 1230 2329 μέν,
1261 2256 1556 2330 ῥητορικὸν
1585 2255 1635 2313 δ’
1673 2255 1940 2329 οὐδαμῶς.

152 2376 239 2423 549
267 2342 356 2395 καὶ
380 2340 606 2404 δούλοις
633 2340 735 2410 μέν
770 2362 848 2404 τις
886 2337 956 2395 ἀν
992 2338 1181 2411 ἄγριος
1211 2348 1291 2413 εἴη
1324 2339 1352 2395 6
1388 2338 1742 2408 τοιοῦτος,ού
1772 2362 1942 2395 κατα-

269 2425 501 2491 φρονῶν
535 2421 772 2490 δούλων,
814 2419 996 2490 ω’σπερ
1025 2418 1054 2476 6
1089 2424 1290 2486 ικανῶς
1313 2423 1758 2491 πεπαιδευμένος,
1788 2423 1942 2475 ἐλευ-

271 2503 458 2573 θέροις
479 2500 583 2556 δε
557 2500 774 2573 ήμερος,
796 2501 1079 2572 ἀρχόντων
1097 2502 1154 2558 δε
1167 2503 1386 2572 σφόδρα
1407 2501 1668 2573 ὑπήκοος,
1682 2508 1942 2572 φίλαρχος

270 2583 329 2638 δὲ
347 2584 437 2639 καὶ
459 2581 761 2654 φιλότιμος,
785 2581 888 2639 οὐκ
922 2582 1028 2638 ἀπό
1059 2589 1160 2638 τοῦ
1193 2587 1371 2654 λέγειν
1399 2582 1567 2650 ἀξιῶν
1596 2582 1784 2652 ἄρχειν
1811 2579 1937 2635 οὐδ’

269 2661 376 2720 ἀπὸ
397 2664 654 2720 τοιούτου
679 2662 924 2735 οὐδενός,
945 2663 1065 2720 ἀλλ’
1087 2663 1192 2720 ἀπὸ
1218 2670 1396 2735 ἔργων
1413 2671 1524 2719 τῶν
1543 2685 1600 2718 τε
1630 2667 1940 2731 πολεμικῶν

269 2747 360 2799 καὶ
385 2752 498 2800 τῶν
517 2745 723 2817 περὶτὰ
754 2745 1038 2817 πολεμικά,
1071 2744 1517 2816 φιλογυμναστής
1546 2746 1606 2798 τέ
1630 2764 1709 2807 τις
1739 2737 1818 2796 ῶν
1851 2744 1939 2798 καὶ
