1962 3236
19 0 95 86 ξ
265 0 277 4 ,

555 135 564 142 ’
603 153 1088 202 ΠΟΛΙΤΕΙΑΣ
1121 144 1175 207 ς’.
1519 117 1523 120 ’
1640 146 1742 200 175

62 290 286 358 μεγέθει
306 286 408 358 μὲν
431 289 523 342 καὶ
546 286 705 358 ῥώμῃ
730 283 871 355 ὑπὲρ
891 282 1022 348 τούς
1050 287 1112 340 έν
1141 288 1207 355 τῇ
1228 286 1326 353 νηῒ
1349 283 1578 352 πάντας,
1599 279 1744 337 ὑπό-

62 390 259 439 κωφον
278 368 337 425 δὲ
356 371 447 425 καὶ
466 366 684 438 ὁρῶντα
705 365 966 431 ὡσαύτως
984 364 1163 438 βραχύ
1180 386 1232 420 τι
1252 365 1343 420 καὶ
1360 364 1742 435 γιγνώσκοντα

62 453 184 521 περὶ
211 456 492 505 ναυτικῶν
515 451 673 519 ἕτερα
695 454 941 517 τοιαῦτα,
963 444 1094 511 τοὺς
1115 446 1174 502 δὲ
1195 444 1402 510 ναύτας
1421 444 1743 512 στασιάζον-

60 553 158 596 τας
175 529 312 598 πρὸς
334 528 606 601 ἀλλήλους
624 531 748 596 περὶ
768 534 862 599 τῆς
888 527 1290 599 κυβερνήσεως,
1312 529 1546 583 ἕκαστον
1564 524 1742 597 οἰόμε-

61 633 165 666 νον
189 616 305 667 δεῖν
345 616 644 683 κυβερνᾷν,
681 609 816 679 μήτε
850 608 1107 679 μαθόντα
1147 607 1366 664 πώποτε
1401 606 1503 679 τὴν
1546 611 1744 679 τέχνην

60 692 193 762 μήτε
229 697 421 762 ἔχοντα
457 689 740 756 ἀποδεῖξαι
776 689 1110 744 διδάσκαλον
1141 691 1343 746 ἑαυτοῦ
1371 691 1509 762 μηδὲ
1536 689 1744 762 χρόνον

58 774 120 828 ἐν
150 764 195 842 ᾦ
225 773 523 843 ἐμάνθανε,
562 769 702 840 πρὸς
730 773 789 826 δὲ
824 770 1042 834 τούτοις
1067 771 1385 840 φάσκοντας
1411 772 1548 841 μηδὲ
1589 774 1745 827 διδα-

58 851 194 907 κτὸν
206 851 362 923 εἶναι,
375 850 516 907 ἀλλά
530 852 622 907 καὶ
640 849 740 906 τὸν
757 853 988 921 λέγοντα
1003 848 1076 915 ὡς
1088 850 1351 906 διδακτὸν
1371 853 1622 922 ἑτοίμους
1641 874 1743 907 κα-
1770 861 1803 904 G

59 935 362 1004 τατέμνειν,
392 932 596 997 αύτούς
625 933 683 988 δὲ
722 931 875 1004 αὐτῷ
902 930 986 988 ἀεὶ
1013 938 1088 1006 τῷ
1118 934 1417 1007 ναυκλήρῳ
1450 933 1745 1004 περικεχύ-

61 1023 198 1070 σθαι
227 1016 524 1084 δεομένους
551 1014 642 1068 καὶ
676 1013 857 1068 πάντα
888 1019 1200 1085 ποιοῦντας,
1222 1013 1373 1079 ὅπως
1401 1012 1474 1070 ἂν
1503 1021 1661 1086 σφίσι
1682 1012 1742 1070 τό

62 1094 336 1165 πηδάλιον
365 1099 642 1165 ἐπιτρέψῃ,
664 1096 839 1149 ἐνίοτε
859 1092 913 1148 δ’
935 1090 1008 1149 ἀν
1027 1093 1100 1164 μὴ
1121 1099 1394 1151 πείθωσιν
1421 1094 1561 1151 ἀλλὰ
1582 1094 1744 1151 ἄλλοι

64 1183 292 1248 μᾶλλον,
312 1175 443 1241 τούς
463 1176 565 1246 μὲν
585 1174 789 1239 ἄλλους
807 1171 844 1245 ἢ
863 1172 1305 1241 ἀποκτιννύντας
1324 1173 1360 1247 ἢ
1372 1177 1742 1248 ἐκβάλλοντας

65 1262 124 1316 ἐκ
148 1266 244 1330 τῆς
273 1257 429 1328 νειός,
458 1255 558 1313 τὸν
581 1255 639 1312 δὲ
669 1268 930 1326 γενναῖον
962 1258 1280 1329 ναύκληρον
1311 1259 1675 1332 μανδραγόρᾳ
1708 1256 1743 1330 ἢ

61 1343 208 1414 μέθῃ
232 1338 268 1412 ἥ
285 1362 394 1396 τινι
412 1338 560 1413 ἄλλω
582 1342 1022 1409 ξυμποδίσαντας
1040 1346 1134 1410 τῆς
1152 1337 1292 1404 νεώς
1321 1339 1508 1411 ἄρχειν
1527 1342 1743 1412 χρωμέ-

62 1444 198 1487 νους
223 1433 335 1486 τοῖς
352 1427 556 1491 ένοῦσι,
579 1422 671 1476 καὶ
689 1421 950 1485 πίνοντάς
966 1442 1025 1475 τε
1043 1422 1134 1476 καὶ
1153 1419 1572 1493 εὐωχουμένους
1582 1428 1742 1478 πλεῖν

63 1501 136 1568 ὥς
157 1504 216 1559 τό
240 1501 385 1567 εἰκὸς
407 1501 539 1567 τούς
559 1503 864 1572 τοιούτους,
896 1501 1035 1572 πρὸς
1062 1502 1120 1559 δὲ
1140 1503 1358 1568 τούτοις
1377 1505 1742 1569 ἐπαινοῦντας

60 1586 331 1640 ναυτικὸν
350 1585 452 1654 μὲν
472 1591 779 1650 καλοῦντας
798 1586 889 1641 καὶ
908 1583 1314 1656 κυβερνητικὸν
1340 1586 1431 1641 καὶ
1451 1585 1741 1657 έπιστάμε-
1771 1609 1808 1650 1)

0 1725 1 1733 ἵ
62 1689 167 1722 νον
199 1665 265 1721 τά
295 1663 433 1722 κατὰ
466 1672 625 1735 ναῦν,
657 1663 717 1731 ὃς
747 1662 820 1721 ἂν
851 1667 1257 1738 ξυλλαμβάνειν
1290 1668 1470 1732 δεινὸς
1503 1661 1559 1739 ᾖ,
1597 1666 1747 1732 ὅπως

0 1805 1 1810 ,
59 1746 324 1817 ἄρξουσιν
352 1742 389 1817 ἦ
418 1752 708 1812 πείθοντες
735 1743 772 1818 ἦ
803 1747 1116 1818 βιαζόμενοι
1150 1746 1252 1803 τὸν
1280 1749 1618 1820 ναύκληρον,
1645 1748 1744 1806 τὸν

0 1842 1 1849 ’
62 1826 212 1899 δὲμὴ
245 1834 500 1884 τοιοῦτον
522 1829 791 1898 ψέγοντας
816 1826 889 1893 ὡς
918 1827 1209 1899 ἄχρηστον,
1241 1836 1342 1884 τοῦ
1374 1830 1433 1886 δὲ
1464 1828 1745 1900 ἀληθινοῦ

64 1908 413 1981 κυβερνήτου
451 1911 575 1978 πέρι
602 1907 732 1980 μηδ’
762 1911 1060 1978 ἐπαΐοντες,
1092 1908 1176 1965 ὅτι
1208 1908 1423 1981 ἀνάγκη
1455 1908 1610 1984 αὐτῷ
1641 1909 1744 1982 τὴν

60 1993 372 2062 ἐπιμέλειαν
390 1998 670 2046 ποιεῖσθαι
691 1993 949 2046 ἐνιαυτοῦ
968 1992 1059 2046 καὶ
1080 1989 1243 2061 ὡρῶν
1263 1992 1352 2047 καὶ
1373 1989 1622 2062 ούρανοῦ
1651 1993 1742 2048 καὶ

60 2069 280 2142 ἄστρων
299 2075 391 2129 καὶ
409 2073 741 2143 πνευμάτων
759 2075 851 2129 καὶ
871 2072 1096 2128 πάντων
1115 2080 1227 2128 τῶν
1252 2079 1318 2144 τῇ
1347 2076 1509 2146 τέχνῃ
1528 2092 1742 2145 προση-

63 2154 295 2223 κόντων,
315 2160 366 2211 εἰ
380 2159 562 2226 μέλλει
583 2178 659 2211 τω
683 2155 803 2212 ὅντι
830 2154 968 2219 νεώς
988 2153 1213 2225 ἀρχικὸς
1243 2160 1486 2227 ἔσεσθαι,
1508 2155 1558 2212 ὅ.)
1689 2156 1742 2194 ”⁶

61 2237 390 2333 κυβερνήσει
409 2237 506 2292 έάν
524 2239 586 2293 τέ
599 2259 743 2302 τινες
760 2238 1076 2309 βούλωνται
1096 2237 1193 2293 έάν
1213 2259 1270 2293 τε
1290 2237 1380 2310 μή,
1395 2238 1531 2310 μήτε
1543 2262 1615 2310 τε

64 2318 268 2373 τούτου
293 2317 426 2389 μήτε
446 2323 676 2390 μελέτην
705 2319 949 2391 οἰόμενοι
977 2319 1218 2376 δυνατὸν
1241 2319 1380 2377 εἶναι
1408 2327 1601 2393 λαβεῖν
1628 2305 1741 2392 αμα

64 2402 154 2455 καὶ
175 2399 276 2469 τὴν
296 2401 712 2499 κυβερνητικήν.
751 2401 1019 2458 τοιούτων
1039 2402 1105 2474 δὴ
1126 2405 1250 2503 περὶ
1268 2403 1366 2469 τὰς
1386 2411 1524 2470 ναῦς
1551 2427 1741 2475 γιγνο-

65 2485 249 2552 μένων
266 2480 366 2536 τὸν
385 2479 458 2546 ὥς
477 2480 701 2554 ἀληθῶς
727 2485 1128 2555 κυβερνητικὸν
1156 2484 1257 2556 οὐχ
1285 2484 1410 2556 ἡγεῖ
1423 2509 1494 2541 αν
1522 2484 1654 2559 τῷ”
1622 2507 1742 2542 οντι

64 2565 519 2637 μετεωροσκόπον
540 2587 595 2621 τε
618 2568 706 2621 καὶ
726 2564 1029 2638 ἀδολέσχην
1049 2570 1139 2623 καὶ
1162 2566 1436 2637 ἄχρηστόν
1465 2585 1623 2638 σφισι
1641 2589 1743 2622 κα-
1771 2586 1859 2634 489

62 2654 279 2704 λεῖσθαι
310 2645 417 2703 ὑπὸ
459 2654 570 2703 τῶν
607 2650 666 2703 έν
699 2660 814 2713 ταῖς
853 2648 998 2704 οὕτω
1029 2653 1560 2719 κατεσκευασμέναις
1580 2651 1745 2705 ναυσὶ

67 2729 396 2800 πλωτήρων;
431 2732 534 2784 Καὶ
557 2729 722 2799 μάλα,
754 2735 858 2800 ἔφη
888 2728 916 2785 ὁ
949 2728 1305 2799 Ἀδείμαντος.
1349 2728 1436 2787 Ού
1467 2730 1554 2802 δή,
1584 2724 1654 2802 ἦν
1684 2728 1740 2785 δ’

66 2812 188 2880 ἐγώ,
210 2810 357 2881 οἶμαι
378 2815 599 2867 δεῖσθαι’
627 2830 685 2866 σε
717 2813 1104 2881 ἐξεταζομένην
1134 2809 1236 2881 τὴν
1265 2812 1451 2867 εἰκόνα
1482 2815 1635 2883 ἰδεῖν,
1658 2808 1741 2867 ὅτι
