1962 3236
219 143 288 196 32
846 147 1319 197 ΠΛΑΤΩΝΟΣ

219 278 368 348 θρόν
398 281 489 335 καὶ
516 280 694 352 ἐαυτῷ
724 281 814 335 καὶ
839 292 951 343 τοῖς
980 282 1232 343 δικαίοις·
1254 262 1291 348 ἦ
1312 280 1449 348 γάρ;
1481 286 1609 337 Ναί.
1673 288 1890 338 Δίκαιοι

145 362 190 403 ’Β
222 363 286 416 δέ
311 359 362 431 γ’
396 365 560 429 εἰσίν,
603 354 647 415 ὦ
672 363 826 430 φίλε,
855 362 944 415 καὶ
978 363 1034 413 οἱ
1058 367 1212 425 θεοί;
1236 359 1549 424 ’Ἐστωσαν,
1592 367 1712 432 ἔφη.
1785 365 1894 417 Καὶ

220 450 375 506 θεοῖς
393 440 502 509 ἄρα
525 439 724 511 ἐχθρὸς
744 446 893 496 ἔσται
914 438 942 494 ὁ
967 439 1185 510 ἄδικος,
1216 435 1262 496 ὦ
1287 443 1644 513 Θρασύμαχε,
1680 441 1709 498 ὁ
1732 442 1790 498 δὲ
1810 447 1894 497 δί-

221 545 373 587 καιος
392 527 565 592 φίλος.
628 520 864 592 Εὐωχοῦ
888 528 991 576 τοῦ
1021 522 1222 591 λόγου,
1256 527 1387 593 ἔφη,
1417 531 1676 591 θαρρῶν·
1698 521 1767 578 οὐ
1785 523 1892 594 γὰρ

220 607 395 675 ἔγωγέ
410 620 496 658 σοι
526 603 952 674 ἐναντιώσομαι,
981 606 1072 658 ίνα
1101 604 1174 674 μὴ
1204 609 1383 659 τοῖσδε
1412 604 1747 675 ἀπέχθωμαι.
1787 604 1894 660 Ἴθι

221 679 374 772 δῇ,
336 708 407 755 ην
426 683 477 739 δ’
502 684 626 784 ἐγώ,
648 682 823 739 καὶτὰ
842 682 1008 739 λοιπά
1027 705 1118 753 μοι
1139 690 1234 754 τῆς
1253 687 1542 749 ἑστιάσεως
1559 684 1891 789 ἀποπλήρω-

194 772 326 821 σον
348 764 787 836 ἀποκρινόμενος
806 764 991 835 ωσπερ
1011 768 1101 820 καὶ
1120 773 1242 820 νῦν.
1304 765 1388 821 ὅτι
1418 789 1519 837 μεν
1546 766 1654 837 γάρ
1685 768 1773 821 καὶ
1795 786 1893 822 σο-

221 847 462 918 φώτεροι
500 848 592 902 καὶ
619 844 880 917 ἀμείνους
915 847 1007 901 καὶ
1038 844 1406 913 δυνατώτεροι
1439 849 1696 913 πράττειν
1726 850 1781 902 οί
1809 851 1893 901 δί-

220 949 369 983 καιοι
390 933 683 998 φαίνονται
697 970 712 995 ,
743 932 800 983 οί
816 928 875 984 δὲ
895 928 1076 981 ἄδικοι
1110 925 1277 982 οὐδὲν
1295 927 1556 995 πράττειν
1574 925 1692 997 μετ’
1721 925 1893 999 ἀλλή-

167 1020 198 1062 C
222 1016 338 1064 λων
358 1004 470 1064 οἷοί
483 1030 540 1063 τε
553 1050 567 1075 ,
590 1007 728 1063 ἀλλά
749 1006 815 1078 δὴ
835 1013 924 1062 καὶ
943 1004 1042 1071 οὓς
1061 1028 1244 1076 φαμεν
1263 1009 1584 1077 ἐρρωμένως
1603 1008 1823 1063 πώποτέ
1841 1031 1887 1063 τι

221 1086 328 1159 μετ’
352 1087 608 1158 ἀλλήλων
626 1095 788 1159 κοινῇ
807 1093 1005 1157 πρᾶξαι
1026 1089 1252 1151 ἀδίκους
1272 1085 1452 1154 ὄντας,
1473 1093 1639 1142 τοῦτο
1662 1085 1730 1142 οὐ
1750 1110 1891 1144 παν-

219 1168 462 1224 τάπασιν
482 1167 688 1240 ἀληθὲς
708 1173 961 1240 λέγομεν·
992 1167 1062 1224 οὐ
1089 1169 1195 1238 γὰρ
1226 1164 1299 1223 ἀν
1320 1167 1606 1238 ἀπείχοντο
1636 1167 1890 1239 ἀλλήλων

218 1254 419 1323 κομιδῇ
449 1250 604 1315 ὅντες
631 1250 842 1319 ἄδικοι,
884 1249 1020 1305 ἀλλὰ
1044 1253 1215 1320 δῆλον
1244 1249 1327 1304 ὅτι
1350 1254 1483 1320 ἐνῆν
1501 1272 1581 1314 τις
1601 1247 1786 1314 αὐτοῖς
1804 1254 1890 1305 δι-

219 1332 519 1407 καιοσύνη,
550 1329 584 1403 ἢ
616 1330 820 1396 αὐτοὺς
838 1335 1007 1387 ἐποίει
1025 1331 1184 1402 μήτοι
1204 1332 1295 1386 καὶ
1321 1330 1595 1402 ἀλλήλους
1613 1353 1674 1401 γε
1695 1335 1786 1387 καὶ
1807 1329 1887 1402 ἐφ’

221 1410 319 1476 οὓς
348 1411 524 1485 ᾔεσαν
550 1410 662 1483 ἅμα
691 1411 929 1482 ἀδικεῖν,
963 1411 1030 1467 δι’
1052 1411 1122 1482 ἣν
1142 1418 1381 1479 ἔπραξαν
1421 1410 1457 1467 α’
1487 1417 1754 1479 ἔπραξαν,
1778 1412 1891 1482 ὥρ-

220 1512 402 1566 μησαν
422 1495 482 1548 δὲ
500 1494 586 1549 ἐπὶ
603 1493 669 1548 τὰ
690 1495 852 1550 ἄδικα
872 1494 1055 1566 ἀδικια
1085 1492 1458 1566 ἡμιμόχθηροι
1486 1494 1665 1559 ὄντες.
1698 1496 1813 1549 ἐπεὶ
1839 1498 1895 1550 οἵ

153 1581 188 1623 D
218 1598 282 1647 γε
301 1574 653 1646 παμπόνηροι
665 1577 755 1631 καὶ
775 1579 967 1641 τελέως
985 1551 1166 1631 ἄδικοι
1185 1580 1378 1640 τελέως
1399 1579 1495 1632 εἰσὶ
1518 1577 1609 1633 καὶ
1628 1577 1890 1643 πράττειν

219 1656 512 1712 ἀδύνατοι
550 1661 725 1710 ταῦτα
744 1659 845 1726 μὲν
862 1659 968 1711 οὐν
987 1656 1070 1711 ὅτι
1091 1656 1267 1722 οὕτως
1286 1663 1393 1727 ἔχει
1408 1699 1426 1752 ⁹.
1453 1657 1751 1727 μανθάνω,
1773 1654 1887 1712 ἀλλ’

218 1737 320 1807 οὐχ
355 1735 429 1801 οὖς
454 1735 525 1791 σὺ
543 1735 603 1791 τὸ
637 1745 858 1806 πρῶτον
877 1741 1108 1793 ἐτίθεσο.
1148 1743 1198 1793 εί
1214 1737 1380 1793 δὲκαὶ
1401 1737 1631 1807 ἄμεινον
1650 1742 1817 1803 ζῶσιν
1838 1742 1895 1793 οἰ

219 1822 419 1874 δίκαιοι
444 1826 558 1872 τῶν
587 1816 795 1873 ἀδίκων
827 1821 919 1874 καὶ
947 1818 1428 1889 εὐδαιμονέστεροί
1455 1826 1622 1884 εἰσιν,
1659 1817 1796 1887 ὅπερ
1824 1817 1884 1874 τό

217 1899 454 1968 ὕστερον
494 1898 860 1971 προύθέμεθα
900 1905 1214 1965 σκέψασθαι
1230 1944 1241 1956 .
1276 1904 1553 1956 σκεπτέον.
1595 1907 1888 1971 φαίνονται

213 1981 314 2052 μὲν
333 1977 439 2036 οὖν
458 1983 548 2036 καὶ
570 1988 679 2037 νῦν
693 2025 706 2043 ,
737 1980 811 2045 ὥς
829 1985 894 2051 γέ
907 2005 1000 2052 μοι
1021 1987 1176 2037 δοκεῖ
1185 2025 1197 2043 ,
1217 1985 1271 2047 ἐξ
1293 1975 1373 2036 ὦν
1392 1986 1708 2051 είρηκαμεν·
1740 1980 1888 2051 ὅμως

217 2059 267 2116 δ’
300 2066 375 2117 ἔτι
401 2065 617 2133 βέλτιον
649 2066 928 2118 σκεπτέον.
972 2062 1041 2117 οὐ
1067 2062 1175 2159 γὰρ
1209 2066 1331 2131 περὶ
1357 2070 1457 2117 τοῦ
1486 2062 1835 2130 ἐπιτυχόντος
1855 2061 1883 2118 ὁ

215 2142 377 2211 λόγος
392 2185 406 2212 ,
429 2141 567 2198 ἀλλα
593 2147 716 2240 περὶ
736 2149 836 2198 τοῦ
857 2141 1049 2198 ὅντινα
1068 2144 1278 2211 τρόπον
1299 2143 1399 2213 χρὴ
1420 2149 1531 2214 ζῇν.
1563 2144 1777 2198 Σκόπει
1797 2145 1883 2215 δή,

215 2227 333 2294 ἔφη.
391 2230 626 2293 Σκοπω,
656 2226 728 2295 ἠν
749 2222 798 2279 δ’
825 2228 958 2294 ἐγω·
997 2231 1093 2279 καί
1107 2247 1200 2295 μοι
1223 2230 1370 2295 λέγε·
1396 2229 1549 2279 δοκεῖ
1562 2232 1618 2279 τί
1638 2244 1724 2280 σοι
1746 2224 1886 2281 εἶναι

156 2307 241 2350 Ε“
217 2325 390 2360 ιππου
409 2310 600 2375 ἔργον;
608 2304 845 2375 Ἔμοιγε.
875 2300 989 2375 Ἆρ’
1019 2300 1125 2361 οὖν
1154 2313 1316 2362 τοῦτο
1337 2329 1408 2360 αν
1425 2314 1581 2376 θείης
1599 2308 1732 2361 xal‘'
1708 2328 1882 2362 ιππου

212 2391 303 2443 καὶ
325 2386 499 2442 ἄλλου
518 2387 759 2443 ὁτουοῦν
780 2394 975 2457 ἔργον,
1005 2386 1038 2443 ὃ
1060 2411 1131 2442 αν
1150 2385 1186 2458 ἢ
1205 2389 1359 2461 μόνω
1379 2393 1567 2459 ἐκείνῳ
1589 2410 1718 2459 ποιῃ
1742 2411 1824 2453 τις
1848 2413 1882 2461 η

213 2468 434 2538 ἅριστας
457 2468 543 2524 Οὐ
563 2469 837 2540 μανθάνω
852 2512 866 2538 ,
889 2477 1010 2541 ἔφη.
1052 2469 1192 2526 Ἀλλ’
1218 2464 1347 2526 οἶδε·
1370 2468 1492 2525 ἔσθ’
1513 2468 1621 2542 ὅτῳ
1642 2466 1714 2524 ἀν
1734 2470 1881 2544 ἄλλω

212 2549 404 2621 ἴδοιςῆ
425 2549 767 2621 ὀφθαλμοῐς;
809 2550 895 2608 Οὐ
926 2557 1074 2623 δῆτα.
1157 2559 1226 2608 Τί
1249 2558 1310 2607 δέ
1322 2578 1336 2619 ;
1375 2551 1640 2615 ἀκούσαις
1669 2551 1817 2625 ἄλλῳ
1848 2547 1885 2623 ἢ

213 2631 377 2699 ὠσίν,
412 2633 699 2704 Οὐδαμῶς.
747 2631 977 2689 Οὐκοῦν
1007 2638 1230 2699 δικαίως
1259 2630 1331 2689 ἀν
1349 2643 1519 2688 ταῦτα
1539 2635 1754 2688 τούτων
1771 2655 1884 2700 φα-

93 2736 179 2780 353
210 2715 310 2783 μὲν
340 2719 471 2783 ἔργα
507 2715 672 2783 εἷναι;
712 2716 879 2771 Πάνυ
909 2738 985 2786 γε.
1046 2723 1115 2771 Τί
1140 2719 1203 2772 δέ
1213 2742 1227 2782 ;
1262 2723 1499 2786 μαχαίρᾳ
1532 2713 1603 2770 ἀν
1633 2716 1883 2784 ἀμπέλου
1960 2756 1962 2791 3

208 2802 386 2864 κλῆμα
407 2795 699 2870 ἀποτέμοις
724 2800 813 2853 καὶ
834 2804 997 2871 σμίλῃ
1015 2801 1103 2854 καὶ
1122 2798 1310 2862 ἄλλοις
1329 2804 1576 2863 πολλοῖς;
1616 2802 1745 2860 Πῶς
1772 2798 1881 2868 γὰρ
