1962 3236
237 191 340 241 316
850 188 1327 237 ΠΛΑΤΩΝΟΣ

239 327 298 379 ἐν
317 326 479 388 παντὶ
499 329 574 396 τῷ
600 328 808 379 ἔπειτα
847 318 994 375 οὕτω
1022 318 1128 389 γὰρ
1159 318 1648 419 εὐδαιμονέστατος
1670 294 1909 393 γίγνεται

240 405 553 473 ἄνθρωπος.

374 490 498 539 XVI.
535 485 642 539 Καὶ
664 482 729 553 δὴ
753 476 858 538 οὖν
877 484 965 538 καὶ
985 482 1109 537 τότε
1131 481 1159 538 6
1185 484 1402 538 ἐκεῖθεν
1422 483 1653 554 άγγελος
1683 486 1910 557 ἤγγελλε

1907 104 1910 105 =
1903 25 1916 34 x

1915 0 1962 134 „ma-{2¹4

237 567 332 623 τὸν
352 570 452 638 μὲν
481 564 773 637 προφήτην
802 562 977 628 οὕτως
1008 569 1203 620 εἰπεῖν·
1243 567 1333 620 καὶ
1362 571 1652 640 τελευταίῳ
1683 569 1911 639 ἐπιόντι,
1944 592 1947 593 ’

238 647 339 712 ξύν
362 653 446 719 νῷ
477 649 733 719 ἑλομένῳ,
764 645 1047 710 συντόνως
1072 650 1233 711 ζῶντι
1266 657 1437 701 κεῖται
1467 651 1586 719 βίος
1615 645 1911 719 ἀγαπητός,

238 727 306 783 οὐ
327 728 512 797 κακός,
534 727 669 797 μήτε
689 724 717 782 ὁ
739 725 925 795 ἅρχων
945 729 1203 795 αἱρέσεως
1222 725 1484 797 ἀμελείτω
1512 728 1646 798 μήτε
1666 727 1694 783 ὁ
1722 737 1914 784 τελευ-

237 816 350 871 τῶν
369 806 678 879 ἀθυμείτω·
717 807 967 871 εἰπόντος
994 806 1052 861 δὲ
1079 811 1252 861 ταῦτα
1287 807 1385 862 τὸν
1423 814 1644 875 πρῶτον
1676 809 1912 879 λαχόντα

238 895 342 961 ἔφη
365 889 539 956 εὐθὺς
559 889 781 944 ἐπιόντα
810 887 912 959 τὴν
940 893 1201 958 μεγίστην
1219 893 1522 955 τυραννίδα
1553 891 1791 961 ἑλέσθαι,
1823 892 1912 944 καὶ

237 971 344 1026 ὑπὸ
370 970 694 1041 ἀφροσύνης
710 991 766 1024 τε
789 971 878 1023 καὶ
898 973 1222 1039 λαιμαργίας
1242 966 1309 1022 οὐ
1341 968 1520 1024 πάντα
1546 973 1750 1034 ἱκαναῖς
1779 969 1914 1024 ἀνα-
1951 1000 1956 1001 ’

239 1053 587 1123 σκεψάμενον
618 1052 857 1120 ἑλέσθαι,
889 1047 1010 1105 ἀλλ’
1042 1047 1214 1104 αὐτὸν
1242 1056 1439 1105 λαθεῖν
1461 1053 1700 1105 ἐνοῦσαν
1727 1053 1917 1122 εἰμαρ-

239 1136 429 1204 μένην,
452 1136 664 1188 παίδων
693 1129 867 1187 αὑτοῦ
895 1130 1126 1203 βρώσεις
1154 1133 1246 1186 καὶ
1276 1129 1414 1186 ἄλλα
1446 1131 1609 1187 κακά·
1651 1131 1832 1202 ἐπειδὴ
1857 1133 1917 1187 δὲ
1953 1136 1962 1179 ‘3

239 1212 375 1270 κατὰ
399 1212 601 1284 σχολὴν
622 1214 955 1281 σκέψασθαι,
978 1211 1287 1266 κόπτεσθαί
1301 1233 1360 1266 τε
1378 1213 1470 1266 καὶ
1491 1210 1797 1280 ὀδύρεσθαι
1817 1212 1916 1282 τὴν

240 1299 466 1365 αἵρεσιν,
486 1293 587 1349 οὐκ
601 1295 905 1365 ἐμμένοντα
917 1304 1027 1356 τοῖς
1040 1300 1440 1362 προρρηθεῖσιν
1452 1289 1559 1347 ὑπὸ
1574 1297 1675 1348 τοῦ
1695 1292 1916 1363 προφή-
1956 1318 1962 1340 ι

240 1397 339 1430 του
355 1397 366 1407 ·
388 1373 456 1430 οὐ
475 1373 583 1444 γὰρ
615 1371 815 1429 ἑαυτὸν
838 1377 1119 1428 αἰτιᾶσθαι
1139 1378 1252 1426 τῶν
1276 1377 1482 1442 κακῶν,
1513 1371 1650 1427 ἀλλά
1670 1372 1842 1442 τύχην
1860 1393 1916 1427 τε
1954 1401 1962 1434 2

1956 1181 1962 1226 ³

1953 1238 1962 1310 ’ἱ

1950 1342 1962 1395 ἐ

239 1459 329 1513 καὶ
366 1460 628 1526 δαίμονας
664 1456 754 1509 καὶ
796 1474 974 1509 παντα
1002 1458 1212 1523 μᾶλλον
1248 1450 1380 1507 ἀνθ’
1421 1454 1637 1507 ἑαυτοῦ.
1677 1451 1817 1507 εἶναι
1859 1453 1918 1508 δὲ

241 1536 414 1593 αὐτὸν
432 1559 544 1591 των
565 1539 623 1590 ἐκ
649 1542 751 1590 τοῦ
779 1533 1028 1605 οὐρανοῦ
1051 1531 1323 1604 ἡκόντων,
1345 1536 1406 1588 ἐν
1434 1535 1734 1605 τεταγμένῃ
1758 1541 1917 1588 πολι-
1939 1531 1962 1597 (ἶ

240 1624 353 1673 τεία
375 1621 435 1673 ἐν
454 1622 529 1689 τῷ
557 1619 802 1688 προτέρῳ
824 1620 924 1687 βίῳ
943 1615 1265 1685 βεβιωκότα,
1293 1612 1453 1669 ἔθει’
1430 1613 1567 1668 ἀνευ
1589 1617 1962 1686 φιλοσοφίας

240 1698 434 1769 ἀρετῆς
454 1696 831 1795 μετειληφότα.
883 1695 954 1760 ὡς
975 1695 1033 1750 δε
1052 1697 1142 1750 καὶ
1171 1700 1346 1751 εἰπεῖν
1375 1692 1477 1750 οὐκ
1501 1695 1760 1759 ἐλάττους
1781 1693 1927 1749 εἶναι
1960 1702 1962 1708 '

194 1811 197 1815 ·
242 1783 300 1835 ἐν
336 1791 447 1843 τοῖς
495 1778 766 1842 τοιούτοις
812 1775 1210 1847 αλισκομένους
1256 1798 1387 1840 τους
1426 1779 1484 1830 ἐκ
1532 1783 1634 1831 τοῦ
1672 1776 1955 1845 ουρανοῦ·

239 1861 491 1932 ἥκοντας,
531 1859 625 1915 ἅτε
661 1860 852 1915 πόνων
890 1857 1302 1929 ἀγυμνάστους·
1348 1862 1464 1912 τῶν
1507 1856 1556 1911 δ’
1596 1860 1654 1912 ἐκ
1691 1863 1788 1927 τῆς
1822 1863 1921 1927 γῆς

240 1942 370 2007 τοὺς
394 1940 651 2010 πολλούς,
674 1941 768 1996 ἅτε
789 1938 995 2004 αὐτούς
1013 1961 1069 1994 τε
1092 1938 1474 2009 πεπονηκότας
1496 1937 1699 2004 ἄλλους
1728 1961 1785 1994 τε
1817 1941 1920 1994 ἑω-

243 2022 494 2092 ρακότας,
518 2022 619 2078 οὐκ
641 2025 692 2088 ἐξ
724 2026 1022 2092 ἐπιδρομῆς
1041 2019 1139 2085 τάς
1161 2024 1393 2087 αἱρέσεις
1413 2028 1703 2075 ποιεῖσθαι.
1746 2018 1829 2074 διὸ
1853 2019 1919 2089 δὴ

241 2107 332 2160 καὶ
350 2110 660 2174 μεταβολην
691 2110 802 2158 τῶν
824 2109 1013 2158 κακῶν
1042 2103 1134 2157 καὶ
1163 2108 1277 2155 τῶν
1304 2098 1538 2170 ἀγαθῶν
1558 2112 1672 2164 ταῖς
1698 2107 1922 2165 πολλαῖς
1952 2158 1954 2161 ,

240 2192 354 2239 τῶν
381 2191 577 2253 ψυχῶν
609 2189 919 2253 γίγνεσθαι,
958 2184 1050 2236 καὶ
1087 2181 1174 2236 διά
1213 2179 1317 2250 τὴν
1353 2186 1456 2235 τοῦ
1483 2180 1695 2252 κλήρου
1731 2182 1919 2252 τύχην.
1952 2181 1956 2188 ’

241 2266 356 2320 ἐπεὶ
375 2273 522 2328 εἴτις
542 2263 642 2331 ἀεί,
665 2261 832 2319 ὁπότε
852 2268 927 2327 εἰς
937 2261 1038 2317 τὸν
1058 2262 1265 2317 ἐνθάδε
1285 2268 1412 2333 βίον
1425 2259 1731 2334 ἀφικνοῖτο,
1753 2261 1921 2331 ὑγιῶς
1947 2267 1952 2274 ‘

241 2353 543 2416 φιλοσοφοῖ
556 2347 646 2400 καὶ
666 2343 694 2399 ὁ
718 2351 918 2416 κλῆρος
949 2343 1100 2417 αὐτῷ
1130 2351 1223 2414 τῆς
1253 2345 1511 2414 αἱρέσεως
1537 2343 1609 2415 μὴ
1642 2347 1701 2400 ἐν
1730 2352 1921 2399 τελευ-

242 2433 411 2492 ταίοις
445 2431 648 2496 πίπτοι,
679 2426 997 2481 κινδυνεύει
1029 2428 1086 2480 ἐκ
1115 2429 1229 2479 ταῖν
1260 2427 1479 2480 ἐκεῖθεν
1512 2423 1926 2495 ἀπαγγελλομέ-’

242 2531 359 2563 νων
390 2506 458 2563 οὐ
486 2506 662 2578 μόνον
694 2507 899 2563 ἐνθάδε
933 2503 1281 2576 εὐδαιμονεῖν
1309 2503 1398 2576 ἄν,
1429 2503 1568 2560 ἀλλά
1598 2508 1688 2559 καὶ
1708 2503 1808 2575 τὴν
1829 2508 1921 2560 ἐν·-

241 2592 411 2644 θένδε
431 2591 601 2644 ἐκεῖσε
625 2590 716 2644 καὶ
736 2592 904 2659 δεῦρο
924 2587 1091 2643 πάλιν
1111 2591 1338 2658 πορείαν
1358 2584 1462 2641 οὐκ
1481 2582 1551 2640 ἄν
1577 2591 1812 2656 χθονίαν
1831 2586 1922 2640 καὶ

243 2680 496 2739 τραχεῖαν
514 2670 874 2741 πορεύεσθαι,
895 2668 1035 2726 ἀλλὰ
1056 2675 1207 2724 λείαν
1236 2690 1293 2723 τε
1321 2670 1414 2724 καὶ
1443 2666 1726 2737 οὐρανίαν.
1784 2665 1923 2721 ταύ-

244 2771 343 2818 την
370 2750 476 2820 γὰρ
500 2748 567 2820 δὴ
597 2754 702 2820 ἔφη
722 2749 826 2820 τὴν
844 2754 987 2806 θέαν
1008 2749 1166 2817 ἀξίαν
1187 2749 1325 2806 εἶναι
1345 2753 1498 2818 ἰδεῖν,
1521 2747 1595 2812 ὦς
1614 2749 1836 2803 ἕκασται
1868 2749 1933 2802 al>

128 2854 213 2899 620
243 2832 410 2898 ψυχαὶ
445 2828 687 2900 ᾑροῦντο
726 2833 858 2896 τοὺς
890 2837 1071 2903 βίους·
1123 2832 1366 2902 ἐλεεινήν
1394 2851 1452 2885 τε
1478 2827 1585 2899 γὰρ
1618 2833 1754 2884 ἰδεῖν
1786 2827 1923 2884 εἶναι
