1962 3236
240 137 347 191 370
813 140 1301 187 ΠΛΑΤΩΝΟΣ·
1863 153 1920 195 52

241 272 508 344 πήγνυσι·
553 270 615 328 τὸ
650 269 710 326 δὲ
737 269 887 339 παρὰ
920 269 1095 340 φύσιν
1121 274 1502 342 ξυναγόμ-ενον
1531 274 1757 344 μάχεται
1780 288 1918 334 κατα

242 354 418 425 φύσιν
436 351 570 408 αὐτὸ
602 350 764 407 ἑαυτὸ
786 356 863 415 εἰς
891 349 1222 406 τούναντίον
1248 350 1546 408 άπωθυῦν·
1576 363 1645 427 τῇ
1678 355 1744 428 δὴ
1776 359 1922 430 μάχῃ

242 437 427 507 καὶτῷ
449 437 656 506 σεισμῷ
673 431 854 507 τούτῳ
873 431 1075 502 τρόμος
1102 434 1194 488 καὶ
1223 430 1374 502 ῥῖγος
1403 434 1586 506 ἐτέθη,
1615 438 1834 506 ψυχρόν
1861 459 1919 493 τε

240 517 302 571 τὸ
344 515 529 579 πάθος
565 511 716 568 ἅπαν
751 519 916 568 τοῦτο
952 516 1044 568 καὶ
1078 513 1139 569 τὸ
1177 517 1330 584 δρῶν
1367 512 1501 570 αὐτὸ
1538 521 1695 587 ἔσχεν
1726 517 1918 590 ὄνομα.

240 595 484 666 σκληρὸν
514 595 591 663 δέ,
620 593 773 658 ὅσοις
800 590 874 649 ἄν
902 591 1060 665 ἡμῶν
1086 593 1119 666 ἡ
1152 594 1287 665 σὰρξ
1312 593 1531 669 ὑπείκῃ·
1571 598 1824 669 μαλακὸν
1844 601 1917 664 δέ,

239 675 344 731 ὅσα
363 672 436 730 ἂν
454 680 520 747 τῇ
541 679 729 743 σαρκί·
766 674 905 744 πρὸς
929 674 1138 746 ἄλληλά
1157 698 1214 731 τε
1234 675 1424 773 οὕτως.
1463 677 1676 734 ὑπείκει
1695 679 1755 735 δὲ
1777 679 1923 736 ’ὅσον

176 764 205 803 C
239 759 326 812 ἐπὶ
347 762 586 828 σμικροῦ
604 753 907 827 βαίνει·τό
930 755 989 811 δε
1007 758 1068 812 ἐκ
1087 777 1450 827 τετραγωνων
1469 755 1538 814 ὄν
1556 760 1794 831 βάσεων,
1822 759 1918 816 ὅτε

236 837 474 911 βεβηκὸς
493 838 731 909 σφόδρα,
751 835 1198 893 ἆντιτυπώτατον
1217 838 1418 938 εἶδος,
1398 839 1429 895 ό
1449 846 1506 896 τί
1527 863 1586 896 τε
1612 838 1684 897 οἶν
1714 847 1790 906 εἰς
1810 858 1919 896 πυ·-

237 920 476 991 κνότητα
507 917 699 986 ξυνιὸν
726 924 986 989 πλείστην
1017 917 1308 975 ἀντίτονον
1336 923 1372 992 ᾐ
1401 921 1648 991 μάλιστα.
1684 922 1830 994 βαρὺ
1860 922 1919 977 δὲ

237 1003 328 1058 καὶ
349 1007 572 1070 κοῦφον
590 997 726 1070 μετὰ
750 1006 846 1069 τῆς
863 1005 963 1054 τοῦ
982 998 1130 1055 κάτω
1150 1000 1373 1070 φύσεως
1398 1001 1516 1057 ἅνω
1535 1023 1594 1058 τε
1623 1005 1922 1074 λεγομένης

236 1076 667 1152 ἐξεταζόμενον’
640 1078 713 1135 άν
723 1083 1002 1152 δηλωθείη
1017 1081 1345 1151 σαφέστατα.
1367 1083 1535 1153 φύσει
1553 1084 1659 1154 γὰρ
1682 1084 1749 1155 δή
1768 1102 1921 1147 τινας

237 1164 444 1228 τόπους
470 1161 572 1218 δύο
594 1162 734 1218 εἶναι
761 1163 1107 1233 διειληφότας
1136 1167 1260 1236 διχῇ
1278 1163 1339 1219 τὸ
1362 1171 1475 1220 πᾶν
1500 1169 1800 1234 ἐναντίους,
1821 1163 1920 1220 τὸν

236 1243 340 1315 μὲν
356 1243 524 1315 κάτω,
539 1244 677 1313 πρὸς
693 1240 762 1299 ὃν
779 1247 1003 1313 φέρεται
1021 1243 1199 1299 πάνθ’
1220 1244 1323 1300 ὅσα
1342 1244 1465 1300 τινα
1487 1245 1658 1315 ὄγκον
1669 1245 1920 1316 σώματος

237 1330 359 1396 ἔχει,
381 1325 483 1381 τὸν
499 1322 553 1380 δ’
575 1323 711 1392 ἅνω,
732 1322 874 1396 πρὸς
891 1321 959 1380 ὃν
979 1322 1255 1391 ἀκουσίως
1273 1330 1483 1397 ἔρχεται
1514 1333 1643 1396 πᾶν,
1676 1325 1780 1383 οὐκ
1818 1326 1917 1398 ὄρ-

177 1421 211 1461 1)
241 1406 356 1463 &dv
378 1404 597 1476 οὐδαμῇ
615 1409 880 1504 v‘ogu‘gew·
917 1413 1018 1461 τοῦ
1034 1405 1141 1477 γὰρ
1172 1408 1376 1472 παντὸς
1406 1407 1654 1479 οὐρανοῦ
1682 1425 1920 1479 σφαιρο-

237 1485 460 1552 ειδοῦς’
437 1487 615 1555 ὄντος,
637 1484 742 1540 όσα
760 1486 862 1556 μὲν
881 1483 1170 1556 ἀφεστῶτα
1200 1495 1328 1544 ἴσον
1358 1494 1459 1543 τοῦ
1486 1493 1661 1560 μέσου
1688 1492 1919 1559 γέγονεν

237 1574 451 1639 ἔσχατα,
473 1566 678 1639 ὁμοίως
697 1565 837 1622 αὐτὰ
855 1567 957 1639 χρὴ
984 1573 1180 1639 ἔσχατα
1211 1573 1536 1641 πεφυκέναι,
1566 1569 1627 1626 τὸ
1659 1571 1718 1626 δὲ
1748 1573 1919 1640 μέσον

235 1649 302 1707 τὰ
323 1648 463 1705 αὐτὰ
483 1653 655 1720 μέτρα
674 1655 787 1704 τῶν
806 1651 1052 1721 ἐσχάτων
1069 1649 1380 1723 ἀφεστηκὸς
1395 1655 1458 1708 ἐν
1475 1659 1552 1726 τῷ
1581 1651 1916 1721 καταντικρὺ

235 1737 475 1803 νομίζειν
494 1735 581 1787 ἃει
605 1731 834 1787 πάντων
863 1730 1019 1787 εἶναι.
1058 1739 1160 1788 τοῦ
1191 1731 1259 1804 δὴ
1288 1733 1506 1804 κόσμου
1534 1732 1708 1806 ταύτῃ
1735 1753 1919 1803 πεφυ-

237 1814 400 1878 κότος
417 1818 472 1869 τί
485 1819 599 1868 τῶν
619 1815 923 1884 εἰρημένων
950 1812 1067 1869 ἅνω
1097 1836 1178 1880 τις
1199 1812 1237 1885 ἦ
1254 1814 1402 1870 κάτω
1420 1816 1708 1885 τνθέμενος
1731 1813 1834 1870 οὐκ
1856 1817 1918 1870 ἐν

235 1900 360 1969 δίκῃ
384 1899 528 1962 δόξει
558 1895 618 1950 τὸ
649 1895 820 1966 μηδὲν
850 1903 1136 1967 προσῆκον
1164 1894 1340 1967 ὄνομα
1370 1900 1578 1966 λέγεινς
1614 1894 1643 1951 ὁ
1676 1895 1778 1967 μὲν
1808 1896 1915 1967 γὰρ

237 1981 403 2048 μέσος
421 1979 481 2033 ἐν
500 1975 655 2051 αὐτῷ
673 1978 842 2043 τόπος
858 1976 987 2034 οὔτε
1006 1978 1158 2034 κάτω
1183 1979 1446 2048 πεφυκώς
1469 1977 1598 2034 οὔτε
1627 1977 1742 2032 ὅῖνω
1760 1979 1915 2046 λέγε-

235 2069 371 2116 σθαι
390 2063 617 2129 δίκαιος,
639 2057 762 2116 ἀλλ’
784 2057 920 2115 αὐτὸ
940 2064 1002 2116 ἐν
1018 2063 1165 2134 μέσῳ
1181 2081 1192 2092 ·
1213 2058 1243 2113 ὁ
1264 2058 1326 2114 δὲ
1341 2061 1496 2125 πέριξ
1517 2057 1644 2113 οὔτε
1666 2059 1731 2128 δὴ
1753 2062 1916 2128 μέσος

238 2139 358 2197 οὔτ’
383 2146 522 2211 ἔχων
542 2141 817 2212 διάφορον
832 2139 1011 2196 αὑτοῦ
1039 2142 1203 2209 μέρος
1231 2140 1421 2210 ἕτερον
1439 2141 1684 2210 θατέρου
1702 2146 1916 2209 μᾶλλον

171 2241 204 2282 Ε
236 2219 377 2293 πρὸς
394 2221 456 2276 τὸ
477 2223 648 2291 μέσον
664 2222 707 2292 ἤ
724 2244 776 2277 τι
791 2227 907 2277 τῶν
926 2220 1275 2289 καταντικρύ.
1312 2226 1414 2275 τοῦ
1433 2221 1494 2275 δὲ
1514 2218 1715 2291 ὁμοίως
1732 2221 1910 2291 πάντη

237 2303 551 2373 πεφυκότος
569 2303 698 2359 ποῖά
718 2324 799 2367 τις
820 2306 1097 2373 ἐπιφέρων
1115 2301 1358 2372 ὀνόματα
1388 2299 1541 2375 αὐτῷ
1573 2304 1792 2357 ἐναντία
1822 2305 1914 2357 καὶ
1958 2334 1962 2337 -

235 2389 311 2456 πῇ
348 2390 529 2449 καλῶς
562 2380 638 2439 ἄν
674 2383 861 2455 ἡγοῖτο
896 2387 1102 2454 λέγειν;
1139 2389 1190 2439 εἰ
1220 2383 1326 2454 γάρ
1361 2405 1412 2438 τι
1447 2385 1538 2439 καὶ
1571 2382 1797 2452 στερεὸν
1832 2391 1914 2453 εἴη

155 2480 211 2526 63
243 2466 382 2522 κατὰ
399 2468 569 2537 μέσον
586 2471 688 2521 τοῦ
717 2464 921 2530 παντὸς
954 2469 1222 2537 ἰσοπαλές,
1250 2470 1326 2530 εἰς
1352 2463 1519 2520 οὐδὲν
1542 2463 1614 2519 ἄν
1644 2485 1774 2519 ποτε
1802 2471 1914 2519 ταῖν

235 2547 477 2617 ἐσχάτων
496 2549 743 2618 ἐνεχθείη
766 2545 857 2602 διὰ
876 2544 978 2617 τὴν
1006 2546 1184 2617 πάντη
1213 2544 1507 2618 ὁμοιότητα
1537 2544 1748 2601 αὐτῶν·
1786 2542 1911 2600 ἀλλ’

237 2633 288 2684 εἰ
302 2631 393 2684 καὶ
406 2632 530 2698 περὶ
548 2625 684 2683 αὐτὸ
706 2627 999 2699 πορεύοιτό
1016 2649 1097 2692 τις
1113 2629 1174 2683 ἐν
1192 2629 1397 2700 κύκλῳ,
1414 2627 1676 2690 πολλάκις
1693 2624 1765 2681 ἂν
1783 2626 1913 2689 στὰς

237 2707 502 2774 ἀντίπους
518 2707 721 2765 ταύτὸν
741 2706 917 2764 αὐτοῦ
942 2709 1092 2764 κάτω
1122 2711 1214 2764 καὶ
1241 2708 1359 2763 ἄνω
1388 2713 1688 2778 προσείποι.
1726 2706 1786 2761 τὸ
1807 2705 1910 2776 μὲν

235 2791 340 2858 γὰρ
361 2790 512 2860 ὅλον,
532 2791 788 2863 καθάπερ
808 2799 1016 2862 εἴρηται
1034 2797 1145 2846 νῦν
1163 2790 1250 2860 δή,
1269 2788 1612 2860 σφαιροειδὲς
1631 2786 1716 2858 ὅν,
1737 2785 1801 2843 τό
1804 2807 1907 2842 που
