1962 3236
665 119 1144 169 ΠΟΛΙΤΕΙΑΣ
1164 112 1226 183 β’.
1717 119 1790 172 39

107 262 236 314 κίαν
263 262 359 327 τῆς
387 252 770 325 δικαιοσύνης,
800 250 986 324 ἀληθῆ
1016 251 1295 322 οἰόμενος,
1328 248 1402 317 ῶς
1420 251 1587 324 φήσει
1609 251 1639 309 ὁ
1662 257 1787 327 περὶ

107 345 210 397 τοῦ
227 336 487 394 τοιούτου
504 333 676 405 λόγου
694 336 896 405 λέγων·
937 334 1055 390 ἐπεὶ
1085 340 1143 390 εἴ
1161 353 1244 398 τις
1260 332 1519 406 τοιαύτης
1538 336 1786 403 ἐξουσίας

109 419 505 491 ἐπιλαβόμενος
538 419 712 488 μηδέν
746 436 881 472 ποτε
915 417 1102 473 ἐθέλοι
1127 411 1387 486 ἀδικῆσαι
1410 416 1548 488 μηδὲ
1584 415 1784 484 ἅψαιτο

109 510 221 559 τῶν
257 500 588 568 ἀλλοτρίων,
629 495 974 562 ἀθλιώτατος
1008 498 1110 567 μὲν
1147 492 1220 552 ἀν
1256 496 1471 564 δόξειεν
1498 496 1640 554 εἶναι
1673 511 1786 566 τοῖς

110 582 535 651 αἰσθανομένοις
559 580 651 634 καὶ
678 575 1071 649 ἀνοητότατος,
1109 580 1392 636 ἐπαινοῖεν
1417 578 1473 635 δ’
1507 575 1580 636 ἀν
1610 580 1786 637 αὐτὸν

108 663 362 734 ἀλλήλων
378 663 632 717 ἐναντίον
642 662 1013 725 ἐξαπατῶντες
1024 658 1298 732 ἀλλήλους
1315 660 1407 717 διὰ
1425 660 1527 719 τὸν
1542 668 1648 719 τοῦ
1660 661 1782 720 ἀδι-

106 753 324 803 κεῖσθαι
342 742 538 814 φόβον.
581 748 757 797 ταῦτα
773 742 877 812 μὲν
896 735 1005 797 οὖν
1023 740 1091 813 δὴ
1112 741 1303 808 οὕτως.

246 830 326 881 lv,
373 823 488 896 Τὴν
506 824 566 880 δὲ
594 829 776 894 κρίσιν
805 821 983 895 αὐτὴν
1001 830 1103 879 τοῦ
1132 829 1260 896 βίου
1278 828 1403 895 πέρι
1431 820 1513 881 ῶν
1532 829 1783 899 λέγομεν,
1814 832 1846 872 Ε

108 909 209 965 έάν
230 907 656 979 διαστησώμεθα
685 906 789 960 τόν
816 925 875 960 τε
902 905 1256 962 δικαιότατον
1272 907 1365 962 καὶ
1391 906 1492 962 τὸν
1510 905 1787 965 ἀδικώτα-

108 1012 207 1046 τον
223 1033 237 1058 ,
269 986 380 1046 οἷοί
398 986 450 1044 τ’
483 987 727 1059 ἐσόμεθα
746 998 930 1058 κρῖναι
949 984 1137 1055 ὀρθῶς
1150 1009 1161 1019 ·
1181 989 1308 1043 εἰδὲ
1324 987 1401 1059 μή
1414 1029 1428 1056 ,
1451 987 1535 1044 οὔ.
1578 994 1658 1055 τίς
1678 984 1786 1046 οὖν

108 1071 177 1143 δὴ
194 1070 230 1143 ἡ
251 1070 555 1137 διάστασις;
594 1068 694 1141 ἥδε
708 1092 719 1102 ·
758 1069 932 1140 μηδὲν
961 1067 1288 1140 ἀφαιρῶμεν
1308 1069 1446 1141 μήτε
1460 1077 1567 1128 τοῦ
1585 1069 1785 1128 ἀδίκου

107 1152 215 1208 ἀπὸ
244 1159 339 1223 τῆς
377 1150 612 1219 ἀδικίας,
643 1151 777 1222 μήτε
797 1158 901 1206 τοῦ
921 1154 1139 1206 δικαίου
1164 1148 1273 1206 ἀπὸ
1294 1157 1390 1223 τῆς
1408 1151 1782 1225 δικαιοσύνης,

106 1232 246 1290 ἀλλά
264 1234 454 1289 τέλεον
480 1232 743 1302 ἑκάτερον
767 1236 843 1295 είς
860 1229 920 1287 τό
944 1234 1148 1288 ἑαυτοῦ
1167 1231 1502 1304 ἐπιτήδευμα
1519 1241 1781 1307 τιθῶμεν.

106 1322 328 1386 πρῶτον
368 1313 470 1385 μὲν
504 1309 611 1370 οὖν
647 1310 676 1368 ὁ
718 1312 909 1379 ἄδικος
946 1312 1131 1386 ὥσπερ
1167 1317 1226 1370 οὗ
1251 1315 1422 1370 δεινοὶ
1459 1317 1787 1388 δημιουργοὶ

105 1402 327 1453 ποιείτω
343 1419 354 1429 ·
393 1391 512 1452 οἷον
535 1395 880 1467 κυβερνήτης
909 1394 1078 1467 ἄκρος
1109 1391 1147 1468 ἦ
1167 1396 1354 1467 ἰατρὸς
1369 1396 1438 1452 τά
1457 1418 1515 1452 τε
1534 1395 1786 1453 ἀδύνατα

105 1483 168 1534 ἐν
199 1485 266 1551 τῇ
306 1481 468 1550 τέχνῃ
504 1480 597 1534 καὶ
627 1478 694 1534 τά
716 1478 926 1534 δυνατὰ
957 1478 1369 1549 διαισθάνεται,
1407 1481 1499 1535 καὶ
1534 1489 1648 1545 τοῖς
1682 1481 1787 1551 μὲν
1813 1486 1896 1533 361

105 1563 382 1631 ἐπιχειρεῖ,
404 1557 472 1615 τά
494 1561 554 1615 δὲ
570 1562 633 1633 ἐᾷ
648 1602 663 1630 ,
685 1563 763 1615 ἔτι
782 1559 842 1615 δὲ
862 1560 959 1615 ἐὰν
979 1559 1088 1631 ἄρα
1107 1581 1184 1634 πῃ
1214 1567 1430 1634 σφαλῇ,
1467 1559 1658 1627 ἱκανὸς
1686 1563 1786 1616 έπ-

106 1649 521 1713 ανορθοῦσθαι·
561 1640 707 1698 οὕτω
733 1644 825 1699 καὶ
853 1641 884 1698 ὁ
915 1641 1106 1708 ἄδικος
1133 1646 1421 1714 ἐπιχειρῶν
1459 1641 1648 1716 ὀρθῶς
1672 1654 1786 1708 τοῖς

105 1723 403 1795 ἀδικήμασι
421 1728 763 1794 λανθανέτω,
786 1729 837 1780 εἰ
853 1728 1035 1795 μέλλει
1054 1725 1276 1798 σφόδρα
1295 1725 1483 1792 ἄδικος
1496 1725 1637 1783 εἶναι
1650 1747 1662 1758 ·
1683 1723 1786 1782 τὸν

106 1803 474 1876 ἁλισκόμενον
496 1806 555 1861 δὲ
575 1811 796 1875 φαῦλον
830 1803 1082 1877 ἡγητέον·
1127 1807 1325 1878 ἐσχάτη
1353 1804 1459 1878 γὰρ
1479 1803 1664 1863 ἀδικία
1685 1810 1784 1862 δο-

106 1898 222 1943 κεῖν
242 1891 459 1943 δίκαιον
489 1885 630 1943 εἶναι
657 1885 732 1959 μὴ
754 1885 903 1943 ὄντα.
943 1890 1136 1943 δοτέον
1166 1881 1272 1943 οὖν
1291 1894 1370 1963 τῷ
1397 1891 1593 1954 τελέως
1610 1886 1782 1963 ἀδίκῳ

105 1969 207 2040 τὴν
230 1969 568 2040 τελεωτάτην
592 1966 842 2037 ἀδικίαν,
882 1966 1097 2025 καὶούκ
1126 1967 1485 2042 ἀφαιρετέον,
1528 1967 1653 2026 ἀλλ’
1688 1972 1784 2026 έα-

104 2053 231 2107 τέον
246 2048 315 2105 τά
335 2050 562 2120 μέγιστα
582 2048 883 2105 ἀδικοῦντα
894 2049 996 2121 τὴν
1009 2056 1271 2122 μεγίστην
1293 2051 1462 2117 δόξαν
1476 2048 1630 2126 αὐτῷ
1640 2072 1785 2124 παρ-

106 2133 462 2188 εσκενακέναι
483 2136 559 2196 εἰς
579 2130 969 2203 δικαιοσύνην,
1001 2133 1093 2188 καὶ
1113 2130 1212 2187 ἐὰν
1242 2131 1352 2203 ἀρα
1383 2132 1701 2204 σφάλληταί
1712 2153 1781 2204 τι,
1826 2150 1856 2190 Β

107 2216 567 2281 ἐπανορθοῦσθαι
589 2217 812 2288 δυνατῷ
831 2213 997 2284 εἶναι,
1031 2215 1212 2285 λέγειν
1233 2236 1291 2271 τε
1312 2217 1487 2290 ἱκανῷ
1505 2214 1626 2271 ὄντι
1645 2214 1787 2286 πρὸς

104 2294 166 2351 τὸ
189 2300 431 2362 πείθειν,
454 2297 552 2351 έάν
573 2317 624 2351 τι
643 2296 917 2367 μηνύηται
937 2301 1050 2351 τῶν
1069 2294 1451 2369 ἀδικημάτων,
1472 2298 1564 2353 καὶ
1583 2296 1785 2370 βιάσα-

108 2385 243 2432 σθαι
263 2375 367 2432 ὅσα
388 2373 461 2432 ἀν
488 2382 611 2447 βίας
630 2381 841 2450 δέηται,
873 2375 966 2433 διά
992 2399 1051 2433 τε
1079 2375 1343 2450 ἀνδρείαν
1372 2381 1464 2435 καὶ
1483 2378 1676 2451 ῥώμην
1693 2382 1785 2435 καὶ

108 2456 199 2513 διά
235 2456 592 2530 παρασκευὴν
627 2464 807 2530 φίλων
843 2461 934 2516 καὶ
963 2456 1170 2526 οὐσίας.
1219 2468 1420 2517 τοῦτον
1449 2462 1510 2518 δὲ
1529 2466 1786 2517 τοιοῦτον

106 2542 301 2603 θέντες
318 2538 417 2592 τὸν
438 2541 654 2595 δίκαιον
679 2539 811 2611 παρ’
834 2540 1010 2597 αὐτὸν
1037 2544 1273 2614 ῖστῶμεν
1291 2550 1370 2617 τῷ
1395 2543 1572 2617 λόγῳ,
1605 2540 1786 2612 ἄνδρα

107 2618 326 2676 ἁπλοῦν
355 2621 445 2674 καὶ
472 2632 759 2691 γενναῖον,
789 2621 910 2678 κατ’
933 2624 1213 2695 Αἰσχύλον
1243 2622 1312 2680 οὐ
1344 2628 1531 2680 δοκεῖν
1562 2620 1685 2680 ἀλλ’
1706 2623 1786 2680 εἶ-
1820 2651 1822 2653 ·

109 2724 201 2757 ναι
229 2699 454 2771 ἀγαθὸν
482 2704 764 2757 ἐθέλοντα.
806 2702 1134 2774 ἀφαιρετέον
1153 2705 1220 2776 δὴ
1250 2703 1312 2761 τὸ
1336 2708 1537 2763 δοκεῖν.
1594 2709 1646 2762 εί
1675 2703 1783 2777 γὰρ

108 2782 252 2850 δόξει
273 2786 482 2848 δίκαιος
512 2783 677 2851 εἶναι,
719 2788 936 2841 ἔσονται
967 2784 1120 2860 αὐτῷ
1147 2789 1295 2858 τιμαὶ
1326 2789 1415 2843 καὶ
1449 2789 1649 2859 δωρεαὶ
1689 2790 1786 2843 δο-
1830 2805 1863 2848 0
