1962 3236
737 129 1125 172 PRAEPA'I'lo.
1718 141 1822 171 xxix

32 249 319 304 adoptandum
350 246 503 289 ruerat.
536 267 595 276 —
620 246 670 290 P.
698 244 785 289 102
813 242 847 287 C
874 239 1026 286 ἁπλαῖ
1045 244 1100 294 V,
1130 235 1278 283 ἁπλαὶ
1313 242 1487 294 reliqui,
1522 244 1665 283 nescio
1698 245 1826 295 unde,

34 320 114 350 neo
141 318 244 349 mox
270 318 308 347 c.
343 303 400 347 10
429 304 514 346 sibi
545 309 799 345 constantes.
831 323 892 335 -·-
927 302 974 343 P.
1006 299 1090 345 103
1116 293 1369 347 Α’ἆτόνως
1398 300 1459 348 H,
1498 291 1685 347 οἷτόπως
1714 300 1827 353 libri,

32 378 119 418 quo
150 376 303 412 sensu,
329 363 494 416 ignoro.
553 359 700 412 Neque
726 361 838 403 enim
869 360 1007 402 virum
1034 359 1191 400 bonum
1218 370 1314 398 eum
1346 358 1527 407 dixeris,
1561 359 1634 409 qui
1662 358 1705 398 in
1731 370 1827 411 per·

33 421 342 463 turbationibus
367 419 499 462 animi
525 418 689 458 nesciat
717 430 801 469 quo
833 430 880 459 se
903 423 1060 465 vertat3
1087 416 1205 468 atqui
1234 415 1280 456 id
1307 421 1372 455 est
1397 408 1583 461 ἀτόπως
1611 408 1749 467 ἔχειν,
1782 423 1828 456 ut

34 479 175 522 Alcib.
197 492 240 533 p.
270 475 377 526 116;
410 476 572 528 conjeci
599 475 744 529 igitur,
769 475 886 526 quod
899 485 1158 542 praegresso
1181 465 1406 518 σύντονος
1437 472 1678 526 oppositum
1705 475 1830 525 quasi

32 530 204 588 ἀπαθῆ
218 534 288 577 vel
304 527 602 584 ἀναίσθητον
618 532 824 572 adversus
844 529 982 584 παθη
1001 530 1423 587 significet.—1bid.
1441 524 1690 579 πλεονάζεν
1702 529 1825 572 Geld.

0 549 4 650 1
34 607 89 636 ex
117 595 236 636 libris
260 593 373 640 suis,
404 590 533 631 ceteri
563 581 845 639 πλεονάζειν.
866 612 924 620 -
951 590 998 629 Ρ.
1028 587 1111 631 103
1137 587 1173 629 D
1203 574 1341 628 αὗται
1367 582 1455 640 γὰρ
1480 582 1558 627 ταὶ
1589 589 1628 629 V
1661 595 1703 628 et
1735 587 1829 630 Gel-

0 658 4 699 l
33 653 187 699 derus,
214 637 350 691 αὗται
381 640 468 701 γὰρ
497 649 626 688 ceteri
657 659 752 688 cum
783 659 867 688 uuo
900 647 1046 687 codice
1076 659 1160 687 non
1192 646 1380 700 optimo,
1412 658 1538 697 quem
1563 653 1708 686 contra
1740 658 1829 686 ser-

0 721 3 754 Ι
33 709 174 752 monis
203 708 216 748 l
350 706 473 758 sequi
501 704 623 745 nefas
650 703 799 746 habui.
830 728 891 738 —-
913 705 960 745 P.
990 704 1074 745 104
1101 703 1135 744 Β
1166 700 1419 759 πρεσβίστα
1445 703 1596 756 scripsi
1625 709 1672 744 ut
1701 715 1743 757 p.
1773 701 1830 744 97

0 759 3 811 Ι
33 767 91 816 Ε;
122 775 240 817 ποεσ
283 756 381 805 ’στα
412 764 476 812 V,
508 755 768 818 πρεσβῦττα
808 763 959 814 ceteri,
1002 761 1117 812 quod
1149 768 1288 801 tamen
1329 762 1366 801 si
1401 762 1663 814 probabant,
1701 761 1828 802 etiam

0 837 3 872 ι
34 825 230 879 superius
260 823 499 863 restitutum
530 821 763 874 oportebat.
794 841 853 850 -·
890 818 934 858 P.
973 819 1057 860 104
1088 818 1123 858 Ι)
1154 810 1417 871 ἐπουράνιοι
1447 819 1487 856 V
1521 826 1562 860 et
1599 817 1828 862 Gelderus:

0 893 3 922 ι
30 874 299 934 &evodum
326 879 453 921 ceteri
478 891 574 920 cum
606 878 771 919 duobus
799 877 1023 918 mediocris
1047 875 1145 916 fidei
1168 875 1285 916 libris
1307 874 1386 917 <1⁵0
1407 887 1544 927 neque
1574 875 1629 916 ad
1659 887 1829 916 sensum
1885 916 1888 917 γ

0 953 3 978 ι
33 948 154 993 apte,
187 939 289 990 quia
316 931 375 977 τὰ
406 928 675 986 &nomnium
701 936 857 976 rectius
885 934 1160 982 caelestibus,
1195 933 1343 974 inferis
1376 939 1515 973 autem
1545 926 1604 972 τὰ
1629 925 1830 984 ἐπουρά-

0 1017 1 1022 =
34 1009 117 1037 not
145 1001 437 1050 opponuntur,
477 1001 521 1034 ut
547 993 672 1047 Apol.
704 1006 743 1035 c.
778 991 833 1041 3,
863 992 1044 1033 Phaedr.
1074 1004 1112 1032 c.
1141 989 1222 1040 37;
1254 990 1385 1032 multo
1417 997 1559 1031 tamen
1591 991 1829 1032 inconside-

0 1073 1 1088 ι
79 1056 167 1095 ,ἰυε
204 1054 334 1094 iidem
362 1052 541 1105 ipseque
574 1050 777 1092 Gelderus
808 1063 906 1091 mox
936 1049 1138 1092 Valcken.
1175 1049 1354 1102 conject.
1387 1039 1474 1088 ὅθι
1500 1061 1576 1103 pro
1606 1040 1679 1088 ὅτι
1713 1061 1828 1090 rece-

45 1118 207 1164 lerunt,
237 1109 359 1162 quasi
389 1109 493 1149 haec
521 1110 613 1162 ipse
641 1109 822 1161 scriptor
853 1107 966 1161 apud
997 1107 1156 1147 inferos
1187 1112 1354 1147 exstare
1389 1113 1577 1148 narraret
1611 1119 1690 1147 nec
1727 1106 1831 1148 alio-

36 1182 130 1210 rum
158 1168 302 1222 potius
327 1160 523 1216 ψευδέσι
550 1159 703 1217 λόγοις
728 1166 955 1214 tribueret,
990 1178 1072 1216 quo
1102 1155 1175 1204 ὅτι
1203 1163 1398 1216 obliquae
1430 1165 1632 1205 orationis
1659 1165 1828 1218 signum

34 1224 351 1279 simplicissima
381 1231 590 1265 structura
621 1222 816 1265 refertur.

153 1339 254 1385 erit.
287 1351 332 1393 p.
367 1339 450 1382 107
482 1339 515 1379 Β
542 1335 639 1379 ἴστε
670 1331 756 1390 μὲν
786 1337 842 1386 Η,
876 1333 1010 1389 ἴσμεν
1037 1336 1156 1385 libri,
1196 1337 1312 1388 quod
1341 1337 1423 1376 nisi
1449 1338 1723 1389 sequentibus
1753 1350 1829 1391 op-

37 1407 240 1452 ponatur,
278 1398 432 1438 misere
469 1396 709 1451 languebit,
748 1396 989 1449 oppositum
1021 1401 1162 1435 autem
1196 1387 1281 1446 μὲν
1318 1400 1430 1435 certe
1461 1394 1674 1447 postulat,
1716 1396 1831 1446 quod

38 1456 208 1509 optione
238 1455 338 1496 data
361 1461 501 1495 utrum
529 1462 627 1508 post
653 1451 787 1506 ἴσμεν
814 1454 1041 1494 insererem
1070 1464 1122 1492 an
1152 1452 1291 1505 prima
1315 1464 1499 1505 persona
1525 1452 1568 1492 in
1596 1452 1828 1493 secundam

37 1521 199 1554 mutata
238 1525 290 1555 ex
331 1513 428 1566 ipsa
464 1511 580 1553 illius
622 1511 786 1566 syllaba
822 1518 1011 1551 extrema
1050 1509 1305 1564 particulam
1342 1509 1611 1564 effingerem,
1657 1517 1831 1563 propter

35 1568 379 1612 συνεπίσπεσθε
402 1570 482 1623 (ita
504 1571 614 1611 enim
640 1570 738 1611 Tur.
767 1576 807 1610 et
831 1566 1116 1610 Schneider-us
1143 1569 1330 1608 scribere
1360 1566 1592 1621 debebant)
1620 1569 1831 1621 posterius

36 1627 231 1682 praetuli.
264 1648 322 1659 —
353 1627 401 1670 Ρ.
436 1627 517 1671 108
546 1629 586 1669 Α
614 1621 825 1668 διδόσθω
852 1627 915 1675 V,
949 1619 1165 1666 δεδόσθω
1195 1625 1293 1666 BST
1325 1633 1364 1666 et
1391 1623 1702 1675 Schneiderus,
1736 1625 1828 1676 sed,

7 1686 118 1726 nisi
145 1698 270 1737 quem
296 1686 427 1729 Bekk.
454 1686 608 1738 omisit,
637 1692 721 1726 tam
745 1684 902 1739 exigua
922 1684 1122 1725 librorum
1143 1683 1241 1732 fide,
1270 1690 1317 1723 ut
1346 1683 1539 1735 quamvis
1562 1683 1829 1724 commodam

34 1741 259 1784 lectionem
291 1743 490 1797 amplecti
521 1742 664 1786 nolim.
703 1765 763 1775 ·—
795 1743 841 1786 Ρ.
881 1741 962 1784 108
995 1742 1029 1782 Ε
1063 1735 1212 1793 πέραν
1249 1740 1283 1780 H
1321 1754 1375 1782 ex
1404 1740 1622 1794 praeclara
1655 1739 1830 1781 Heusdii

36 1801 284 1853 conjectura
307 1799 431 1854 Spec.
461 1801 548 1841 crit.
571 1813 615 1854 p.
643 1800 725 1843 134
756 1813 780 1840 a
813 1798 958 1840 Stallb.
993 1812 1159 1851 quoque
1193 1798 1352 1839 dudum
1382 1799 1581 1851 probata3
1610 1810 1734 1849 quem
1766 1798 1830 1837 ni-

36 1857 267 1899 nilominus
291 1870 388 1898 cum
408 1856 606 1901 Schneid.
633 1865 674 1899 et
694 1857 793 1901 Tur.
819 1855 1038 1910 vulgatum
1059 1854 1154 1896 πᾶν
1180 1856 1403 1896 retinuisse
1428 1856 1570 1897 miror.
1594 1878 1653 1886 —
1678 1856 1725 1896 P.
1747 1854 1831 1896 100

35 1914 71 1956 G
97 1905 251 1954 αὑτοῖν
280 1915 379 1962 VB,
408 1909 562 1954 αὐτῶν
587 1914 653 1956 ST
678 1923 718 1955 et
746 1912 1030 1955 Schneiderus
1059 1927 1111 1954 ex
1142 1913 1298 1953 Baiteri
1325 1913 1504 1965 conject.
1530 1925 1635 1962 non,
1666 1913 1830 1966 opinor,
1911 1967 1914 1969 ‚

36 1974 291 2022 necessaria,
327 1973 451 2014 modo
479 1974 668 2026 ipsorum
695 1973 868 2013 deorum
897 1972 1146 2011 sententiam
1174 1970 1338 2011 alienae
1365 1969 1584 2010 hominum
1614 1982 1830 2024 opponas;

36 2030 295 2083 ambiguitas
333 2042 383 2070 ea
424 2044 467 2071 re
512 2030 712 2076 evitatur,
761 2029 876 2081 quod
915 2028 1147 2069 humanum
1186 2039 1321 2082 genus
1361 2035 1433 2068 aut
1471 2029 1611 2082 prima
1650 2039 1832 2081 persona

36 2079 202 2140 (ἡμᾶς)
234 2095 307 2127 aut
335 2087 541 2142 singulari
570 2100 744 2128 numero
777 2080 1010 2141 (θνητὸν)
1043 2092 1310 2130 memoratur.
1341 2106 1393 2114 -
1422 2086 1468 2127 P.
1505 2085 1588 2128 110
1610 2084 1642 2125 B
1668 2080 1749 2125 καὶ
1774 2078 1831 2124 τὰ

33 2143 129 2185 τῶν
150 2142 384 2197 γυναιιιῶν
414 2145 452 2186 V
474 2153 514 2186 et
535 2143 840 2191 Schneiderus,
868 2132 989 2200 κᾷτα
1012 2157 1050 2186 τ.
1077 2156 1117 2196 γ.
1146 2143 1247 2184 BST
1271 2156 1365 2184 cum
1391 2144 1503 2193 Par„
1535 2143 1658 2195 quus
1688 2150 1831 2184 tamen

37 2201 80 2243 ln
116 2211 200 2243 tam
235 2202 318 2244 levi
351 2203 591 2244 discrimine
623 2204 780 2270 exigua
813 2203 1041 2243 auctoritas
1069 2207 1154 2254 cst;
1199 2202 1353 2242 rectius
1388 2214 1441 2241 ex
1471 2201 1620 2243 eodem
1649 2214 1749 2242 mox
1775 2194 1834 2240 τὰ

34 2250 154 2301 αὐτὰ
191 2261 472 2315 recepissent,
508 2261 580 2302 ubi
610 2254 754 2301 ταυτὰ
791 2259 959 2307 nullus,
989 2259 1182 2314 plerique
1207 2256 1351 2299 ταῦτα
1385 2258 1587 2300 exhibere
1622 2259 1829 2299 videntur.

33 2337 94 2349 -
119 2316 164 2357 P.
202 2317 279 2360 111
315 2318 347 2359 C
374 2311 565 2370 φελλέας
595 2318 649 2366 Η,
679 2314 880 2365 Φελλέως
906 2318 1026 2366 libri;
1062 2317 1303 2358 emendavit
1329 2316 1546 2370 Sauppius
1572 2316 1707 2370 Epist.
1738 2317 1830 2359 crit.

37 2386 82 2429 p.
111 2373 168 2417 63
198 2384 427 2429 praeeunte
452 2375 629 2426 Rossio,
658 2377 729 2429 qui
762 2389 892 2428 quum
924 2376 1024 2416 alibi
1061 2384 1148 2415 tum
1179 2373 1338 2429 griech.
1372 2375 1676 2430 Kt’inigsreisen
1704 2375 1752 2415 T.
1779 2374 1829 2415 11.

36 2443 82 2485 p.
115 2431 173 2475 70
207 2446 261 2474 ex
291 2434 385 2487 ipso
417 2434 549 2475 nostri
582 2434 663 2475 loci
695 2433 924 2475 scholiasta
954 2426 1121 2486 φελλέα
1152 2446 1235 2474 non
1274 2433 1495 2487 proprium
1533 2432 1611 2474 sed
1639 2431 1832 2486 appella-

39 2490 171 2529 tivum
196 2502 348 2531 nomen
365 2502 457 2531 esse
478 2492 635 2538 docuit,
660 2504 744 2543 quo
766 2493 936 2532 omnino
958 2492 1047 2545 agri
1070 2492 1212 2532 saxosi
1237 2490 1545 2545 significentun
1569 2489 1626 2533 οἳ.
1649 2488 1830 2544 Hesych.

38 2545 87 2587 Τ.
111 2546 161 2590 ll.
194 2559 237 2600 p.
273 2545 396 2588 1499.
432 2549 533 2589 Item
563 2561 605 2601 p.
641 2548 720 2590 111
748 2548 783 2589 D
813 2542 880 2596 εἰς
912 2541 1060 2601 αὐτὴν
1089 2562 1166 2603 pro
1199 2541 1266 2596 εἰς
1291 2540 1439 2600 αὑτὴν
1468 2547 1751 2588 Schneiderus
1781 2560 1828 2588 ex

19 2606 299 2657 conjectura,
331 2611 375 2645 ut
405 2604 592 2655 videtur,
624 2606 702 2647 sed
740 2607 981 2655 verissima,
1015 2607 1052 2647 si
1083 2607 1253 2658 quidem
1287 2618 1369 2647 non
1405 2606 1499 2658 ipsa
1530 2603 1658 2646 tellus
1690 2606 1831 2645 Attica

0 2639 79 2714 {ln
112 2675 185 2710 se,
217 2662 292 2703 sed
323 2663 364 2702 in
397 2662 556 2717 largam
586 2662 751 2716 potius,
788 2676 871 2715 qua
903 2663 1086 2705 obducta
1110 2663 1258 2708 fucrit,
1293 2662 1469 2703 humum
1501 2674 1635 2715 aquas
1663 2661 1832 2716 pluvias

0 2715 250 2773 lncepine
286 2719 450 2765 dicitur.
480 2741 530 2750 —
551 2721 656 2761 lbid.
689 2720 793 2766 ταῖς
818 2727 915 2762 ante
945 2714 1174 2772 πρότερον
1206 2713 1366 2767 οὔσαις
1397 2720 1507 2761 idem
1543 2733 1637 2762 cum
1671 2721 1700 2760 P
1727 2727 1766 2761 et
1800 2720 1831 2760 B

0 2745 148 2864 §.Me
180 2779 344 2827 omisit,
378 2779 477 2830 quia
503 2778 792 2832 praedicativa
824 2786 1031 2819 structura
1061 2787 1146 2819 est:
1182 2779 1252 2819 ubi
1275 2779 1418 2830 fontes
1446 2778 1610 2830 pridem
1633 2779 1830 2830 ficerunt.-

0 2865 34 2921 5.

0 2926 20 2957 5

0 3010 31 3123 ἕ

0 3149 27 3169 4.

4 3180 22 3226 ἴ
