1962 3236
615 122 1100 171 ΠΟΛΙΤΕΙΑΣ
1127 114 1180 181 ζ’.
1643 120 1746 174 207

30 294 34 299 ·
66 263 183 321 θῶς
200 257 259 313 δὲ
278 260 630 330 τετραμμένῳ
652 253 784 312 οὐδὲ
801 256 1061 329 βλέποντι
1079 249 1139 310 οἷ
1148 257 1275 324 ἔδει,
1293 260 1459 311 τοῦτο
1482 259 1747 328 διαμηχα-

67 337 359 410 νήσασθαι.
386 336 566 392 Ἐοικε
589 340 715 407 γάρ,
746 340 867 406 ἔφη.
906 337 985 390 AC
1009 335 1112 406 μὲν
1145 339 1340 391 τοίνυν
1368 335 1530 392 ἄλλαι
1560 335 1749 406 ἀρεταὶ

62 420 405 490 καλούμεναι
423 423 600 489 ψυχῆς
618 417 1050 474 κινδυνεύουσιν
1069 418 1235 489 ἐγγύς
1260 440 1312 473 τι
1338 417 1479 474 εἶναι
1505 426 1619 474 τῶν
1646 426 1749 475 τοῦ

63 501 343 572 σώματος·
382 506 460 574 τῷ
497 499 617 555 ὄντι
654 498 760 569 γὰρ
798 496 902 552 οὐκ
938 501 1165 554 ἐνοῦσαι
1202 499 1477 571 πρότερον
1510 499 1749 573 ὕστερον

61 583 413 653 ἐμποιεῖσθαι
443 585 600 635 ἔθεσί
619 599 677 634 τε
704 581 796 633 καὶ
816 577 1142 649 ἀσκήσεσιν·
1180 577 1215 652 ἡ
1249 584 1309 637 δὲ
1339 586 1439 636 τοῦ
1468 588 1746 653 φρονῆσαι
1781 599 1814 639 Ε

61 663 267 728 παντὸς
279 669 492 733 μᾶλλον
510 662 802 728 θειοτέρου
815 658 964 725 τινὸς
981 662 1256 733 τυγχάνει,
1282 661 1353 728 ὡς
1376 669 1573 733 ἔοικεν,
1587 655 1747 733 οὖσα,

69 742 99 799 ὃ
118 746 219 815 τὴν
242 744 345 815 μὲν
363 742 607 813 δύναμιν
627 738 892 796 οὐδέποτε
912 741 1236 813 ἀπόλλυσιν,
1258 742 1366 799 ὑπὸ
1387 747 1447 800 δὲ
1474 752 1567 817 τῆς
1591 765 1751 818 περι-

59 833 278 897 αγωγῆς
293 825 564 895 χρήσιμον
581 825 671 879 καὶ
692 820 974 893 ὠφέλιμον
995 824 1086 877 καὶ
1107 821 1384 894 ἄχρηστον
1404 819 1479 880 αὖ
1497 829 1586 881 καὶ
1606 831 1745 896 βλα-
1776 840 1863 886 519

59 906 226 979 βερὸν
245 914 504 977 γίγνεται.
546 902 580 976 ἢ
605 904 763 960 οὔπω
781 903 1137 975 ἐννενόηκας,
1162 927 1277 961 των
1297 910 1614 978 λεγομένων
1643 928 1747 962 πο-

62 1014 93 1045 2
99 998 247 1061 ηρών
267 994 387 1061 μέν,
410 997 606 1060 σοφων
627 991 702 1059 δέ,
735 986 809 1053 ὡς
838 986 1005 1059 δριμὺ
1033 991 1135 1058 μὲν
1164 991 1354 1059 βλέπει
1376 990 1439 1045 τὸ
1473 990 1749 1061 ψυχάριον

59 1075 148 1127 καὶ
182 1071 346 1136 ὀξέως
356 1076 537 1172 ’,διορᾷ
566 1078 738 1126 ταῦτα
770 1068 859 1140 ἐφ’
893 1068 927 1125 ἃ
958 1073 1266 1143 τέτραπται,
1307 1093 1382 1138 ως
1419 1070 1490 1129 οὐ
1524 1075 1750 1146 φαύλην

39 1161 188 1226 ,ἔχον
218 1154 318 1225 τὴν
350 1154 498 1224 ὄψιν,
527 1161 690 1224 κακίᾳ
721 1153 775 1208 δ’
805 1152 1229 1226 ἠναγκασμένον
1261 1153 1573 1227 ὑπηρετειν,
1608 1153 1748 1211 ὥστε

57 1236 171 1310 ὅσῳ
192 1234 264 1292 ἂν
283 1234 547 1306 ὀξύτερον
574 1239 768 1308 βλέπῃ,
802 1236 1049 1310 τοσούτῳ
1082 1244 1252 1292 πλείω
1278 1238 1421 1293 κακὰ
1453 1238 1749 1309 ἐργαζόμε-

57 1340 187 1383 νον;
208 1318 372 1374 Πάνυ
389 1321 492 1389 μὲν
512 1312 633 1388 οὖν,
657 1323 782 1389 ἔφη.
819 1324 996 1374 Τοῦτο
1019 1320 1224 1390 μέντοι,
1245 1315 1318 1392 ἦν
1337 1319 1385 1376 δ’
1415 1321 1539 1391 ἐγώ,
1569 1318 1629 1375 τὸ
1653 1327 1750 1391 τῆς

56 1400 314 1471 τοιαύτης
337 1402 562 1471 φύσεως
582 1406 632 1456 εἰ
660 1403 719 1456 ἐκ
751 1400 947 1466 παιδὸς
977 1399 1153 1467 εὐθὺς
1181 1403 1530 1474 κοπτόμενον
1561 1424 1747 1472 περιε-

58 1483 203 1553 κόπη
224 1482 320 1548 τὰς
347 1490 441 1553 τῆς
467 1485 732 1552 γενέσεως
769 1487 1047 1554 ξυγγενεῖς
1085 1483 1270 1557 ὥσπερ
1306 1489 1662 1558 μολυβδίδας,
1691 1489 1751 1540 αἳ
1780 1505 1812 1545 Β

58 1566 124 1633 ὀὴ
146 1566 372 1629 ἐδωδαῖς
396 1585 452 1619 τε
474 1565 565 1619 καὶ
585 1564 853 1619 τοιούτων
874 1562 1099 1635 ἡδοναῖς
1119 1587 1175 1620 τε
1196 1567 1288 1622 καὶ
1310 1572 1566 1638 λιχνείαις
1578 1587 1744 1637 προς-

57 1655 217 1714 φυεῖς
245 1644 569 1715 γιγνόμεναι
600 1647 758 1715 [περὶ]
791 1645 940 1700 κάτω
972 1650 1275 1718 στρέφουσι
1309 1645 1413 1718 τὴν
1444 1653 1539 1718 τῆς
1569 1653 1746 1718 ψυχῆς

56 1723 215 1790 ὄψιν·
253 1719 335 1780 ὦν
367 1730 416 1781 εἰ
450 1724 767 1796 ἀπαλλαγὲν
805 1730 1226 1798 περιεστρέφετο
1269 1734 1344 1795 εἰς
1379 1727 1614 1801 τάληθῆ,
1654 1730 1745 1784 καὶ

56 1809 239 1863 ἐκεῖνα
259 1804 332 1861 ἄν
361 1806 421 1863 τὸ
442 1805 576 1862 αὐτὸ
602 1815 765 1863 τοῦτο
797 1815 910 1863 τῶν
937 1807 1124 1865 αὐτῶν
1156 1808 1481 1879 ἀνθρώπων
1507 1807 1744 1875 ὀξύτατα

57 1888 219 1959 ἑώρα,
244 1887 428 1958 ὥσπερ
448 1891 536 1944 καὶ
555 1886 648 1959 ἐφ’
682 1887 718 1943 α’
738 1896 848 1944 νῦν
867 1893 1171 1961 τέτραπται.
1214 1891 1382 1957 Εἰκός
1411 1915 1491 1963 γε,
1513 1895 1635 1964 ἔφη.
1682 1895 1749 1946 Τί

55 1973 153 2025 δαί
159 1993 174 2034 ;
212 1971 337 2026 τόδε
358 1969 461 2026 οὐκ
483 1972 645 2038 εἰκός,
667 1965 739 2043 ἦν
760 1970 810 2027 δ’
837 1972 962 2042 ἐγώ,
995 1974 1085 2028 καὶ
1107 1971 1322 2046 ἀνάγκη
1344 1977 1402 2030 ἐκ
1423 1981 1537 2045 τῶν
1553 1994 1743 2045 προει-

53 2052 328 2122 ρημένων,
352 2050 485 2122 μήτε
516 2051 647 2116 τοὺς
677 2051 1046 2118 ἀπαιδεύτους
1068 2056 1158 2110 καὶ
1190 2053 1454 2126 ἀληθείας
1481 2053 1743 2126 ἀπείρους

53 2133 257 2197 [κανῶς
277 2132 348 2187 ἄν
367 2154 499 2188 ποτε
518 2134 686 2189 πόλιν
706 2137 1110 2206 ἐπιτροπεῦσαι,
1139 2138 1273 2208 μήτε
1292 2136 1422 2202 τοὺς
1443 2140 1503 2192 έν
1522 2142 1741 2210 παιδείᾳ
1775 2157 1807 2199 c

55 2214 330 2284 ἐωμένους
362 2218 662 2287 διατρίβειν
683 2215 772 2271 διὰ
805 2220 1011 2285 τέλους,
1032 2216 1164 2283 τούς
1191 2218 1293 2289 μὲν
1318 2217 1403 2275 ὅτι
1437 2217 1650 2282 σκοπὸν
1680 2221 1743 2275 ἐν

52 2301 130 2368 τῷ
156 2301 260 2368 βίῳ
291 2293 395 2351 οὐκ
427 2301 648 2366 ἔχουσιν
682 2300 799 2369 ἕνα,
838 2292 909 2355 οὗ
942 2305 1371 2372 στοχαζομένους
1401 2305 1489 2357 δεῖ
1523 2300 1741 2356 ἅπαντα

53 2376 333 2446 πράττειν,
357 2375 392 2431 ἃ
410 2374 483 2433 ἄν
501 2378 815 2448 πράττωσιν
837 2385 946 2454 ἰδίᾳ
959 2403 1016 2437 τε
1036 2386 1126 2438 καὶ
1149 2387 1402 2456 δημοσίᾳ,
1424 2381 1555 2449 τούς
1576 2384 1635 2440 δὲ
1655 2382 1740 2439 ὅτι

53 2457 274 2521 εκόντες
296 2480 434 2513 ειναι
455 2459 525 2515 οὐ
553 2461 877 2532 πράξουσιν,
915 2461 1213 2534 ἡγούμενοι
1245 2467 1305 2520 ἐν
1339 2463 1607 2536 μακάρων
1637 2464 1740 2535 νή-

53 2554 171 2604 σοις
207 2545 403 2605 ζωντες
441 2546 519 2596 ἔτι
554 2539 900 2615 ἀπωκίσθαι;
932 2541 1158 2616 Ἀληθῆ,
1189 2551 1309 2617 ἔφη.
1343 2545 1639 2617 Ἡμέτερόν
1670 2544 1736 2617 δὴ

50 2614 295 2690 loyen,
260 2644 332 2692 ην
353 2621 404 2677 δ’
429 2622 555 2692 ἐγώ,
587 2646 699 2678 των
731 2629 988 2680 οἰκιστων
1018 2625 1116 2690 τάς
1145 2648 1200 2680 τε
1228 2632 1510 2698 βελτίστας
1542 2627 1740 2698 φύσεις

51 2697 359 2772 ἀναγκάσαι
381 2702 682 2773 ἀφικέσθαι
704 2706 842 2774 πρὸς
873 2704 933 2760 τὰ
965 2705 1220 2777 μάθημα,
1251 2703 1280 2762 ὸ
1271 2705 1362 2763 ἐν
1381 2730 1455 2764 τω
1486 2707 1738 2778 πρόσθεν

52 2785 260 2854 ’φαμεν
281 2784 418 2841 εἶναι
438 2787 715 2857 μέγιστον,
740 2792 877 2843 ἰδεῖν
908 2809 964 2843 τε
994 2787 1055 2843 τὸ
1086 2786 1323 2859 ἀγαθὸν
1335 2792 1425 2846 καὶ
1455 2788 1733 2864 ἀναβῆναι
1762 2806 1799 2848 t>
