1962 3236
0 1701 4 1800 Ι

603 145 1086 194 ΠΟΛΙΤΕΙΑΣ
1117 136 1173 190 δ’.
1630 139 1732 192 105

20 297 208 346 Ιτερον
225 276 365 348 πρὸς
392 285 560 334 τοῦτο
589 280 887 350 βλέποντες
918 274 1049 341 τούς
1077 275 1330 346 φύλακας
1358 280 1731 345 καθιστῶμεν,

18 389 22 401 =
45 356 197 424 ὅπως
216 357 247 414 ὅ
267 382 318 415 τι
333 365 558 431 πλείστη
580 356 770 423 αὐτοῖς
780 355 1105 428 εὐδαιμονία
1123 356 1491 428 ἐγγενήσεται,
1513 350 1550 426 ἢ
1566 362 1731 412 τοῦτο

16 479 21 500 ,ι
42 440 147 511 μὲν
167 445 242 506 εἰς
259 441 362 512 τὴν
380 440 543 497 πόλιν
558 440 698 510 ὅλην
714 442 1019 510 βλέποντας
1028 439 1264 494 θεατέον
1283 441 1334 493 εἰ
1348 439 1531 509 ἐκείνῃ
1550 438 1736 507 ἐγγίγ-

45 542 213 590 νεται,
250 520 381 586 τούς
418 520 471 577 δ’
527 519 860 590 ἐπικούρους
906 519 1141 584 τούτους
1186 521 1277 575 καὶ
1314 517 1445 584 τοὺς
1480 517 1735 589 φύλακας

46 604 224 658 ἐκεῖνο
253 603 631 673 ἀναγκαστέον
658 611 837 655 ποιεῖν
856 601 948 655 καὶ
982 604 1255 671 πειστέον,
1287 598 1437 665 ὅπως
1460 597 1494 655 ὅ
1527 621 1580 655 τι
1606 599 1732 671 &¹90-
1761 616 1791 658 G

48 700 167 739 στοι
203 684 530 755 δημιουργοὶ
565 688 670 738 τοῦ
709 682 924 738 ἑαυτῶν
960 686 1129 750 ἔργου
1175 685 1412 752 ἔσονται,
1464 682 1556 736 καὶ
1603 678 1736 745 τούς

45 763 251 829 ἄλλους
269 764 515 829 ἅπαντας
534 760 814 833 ῶσαύτως,
828 763 919 817 καὶ
938 760 1087 817 οὕτω
1102 762 1390 833 ξυμπάσης
1407 768 1504 833 τῆς
1522 760 1737 827 πόλεως

44 843 425 917 αὐξανομένης
436 848 528 901 καὶ
548 852 731 910 καλῶς
748 846 1088 915 οἰκιζομένης
1106 846 1299 899 ἐατέον
1318 843 1467 908 ὅπως
1486 843 1736 908 ἑκάστοις

44 937 158 991 τοῖς
192 931 416 982 ἔθνεσιν
443 924 477 997 ἡ
508 926 678 995 φύσις
702 923 1006 981 ἀποδίδωσι
1033 931 1136 981 τοῦ
1165 923 1613 996 μεταλαμβάνειν
1640 922 1736 979 εύ-

50 1011 351 1078 δαιμονίας.

189 1093 248 1143 11.
287 1086 452 1158 Ἀλλ’,
480 1084 518 1160 ἦ
546 1088 600 1144 δ’
623 1088 702 1157 ὅς,
723 1096 905 1153 καλῶς
923 1110 1017 1159 μοι
1037 1092 1215 1153 δοκεῖς
1234 1092 1429 1158 λέγειν.
1461 1082 1580 1157 Ἆρ’
1611 1081 1734 1158 οὖν,

43 1164 116 1241 ἦν
135 1171 191 1226 δ’
212 1171 338 1242 ε’γῶ,
369 1173 460 1226 καὶ
478 1171 540 1226 τὸ
572 1172 779 1226 τούτου
814 1168 1064 1241 ἀδελφὸν
1093 1168 1236 1235 δόξω
1262 1186 1350 1224 σοι
1380 1176 1610 1240 μετρίως
1645 1172 1739 1225 λέ·-

7 1284 10 1292 ›
44 1273 193 1322 γειν·
239 1257 310 1307 Τί
321 1251 583 1323 μάλιστα·
629 1253 775 1317 Τούς
801 1251 1007 1317 ἄλλους
1037 1245 1112 1307 αὖ
1136 1251 1512 1323 δημιουργοὺς
1543 1250 1738 1307 σκόπει

46 1337 98 1387 εἰ
112 1334 243 1387 τάδε
264 1335 595 1405 διαφθείρει,
631 1332 772 1389 ωστε
794 1335 885 1389 καὶ
907 1332 1116 1397 κακούς
1133 1336 1446 1403 γίγνεσθαι.
1500 1330 1579 1386 Τα
1605 1342 1734 1386 ποῖα
1758 1346 1794 1386 D

0 1413 114 1503 δὴ
139 1419 340 1479 ταῦτα;
369 1420 638 1485 Πλοῦτος,
662 1408 734 1485 ἦν
754 1413 804 1469 δ’
830 1414 954 1485 ἐγώ,
975 1417 1066 1470 καὶ
1084 1419 1262 1470 πενία.
1297 1418 1429 1478 Πῶς
1448 1412 1546 1484 δή·
1533 1455 1547 1481 ,
1575 1405 1733 1468 Ὧδε·

0 1470 362 1566 πλουτήσας
389 1517 621 1566 χυτρευς
645 1499 817 1552 δοκεῖ
832 1513 920 1553 σοι
957 1501 1034 1552 ἔτι
1067 1494 1330 1567 θελήσειν
1359 1497 1739 1566 ἐπιμελεῖσθαι

45 1583 142 1647 τῆς
160 1578 376 1647 τε’χνης;
417 1575 708 1648 Οὐδαμῶς,
737 1583 861 1649 ἔφη.
906 1575 1097 1649 Ἀργός
1128 1580 1188 1634 δὲ
1214 1579 1306 1633 καὶ
1336 1574 1542 1648 άμελής
1571 1576 1740 1680 γενή-

0 1671 3 1694 ’
47 1674 200 1712 σεται
236 1665 451 1728 μαλλον
486 1657 655 1725 αὐτὸς
693 1658 894 1727 αὑτοῦ;
930 1660 1090 1716 Πολύ
1132 1680 1210 1729 γε.
1258 1656 1492 1715 Οὐκοῦν
1527 1663 1739 1713 κακίων

46 1738 280 1809 χυτρεὺς
306 1744 576 1809 γίγνεται;
621 1742 733 1795 Καὶ
760 1747 944 1810 τοῦτο,
982 1746 1107 1811 ἔφη,
1149 1741 1311 1795 πολύ.
1369 1741 1479 1795 Καὶ
1507 1739 1619 1811 μὴν
1647 1741 1741 1795 καὶ

0 1842 1 1853 ’
48 1819 264 1889 ὄργανά
282 1841 344 1890 γε
364 1819 437 1891 μὴ
458 1826 956 1893 ἔχων”παρέχεσθαι
975 1821 1084 1878 ὑπὸ
1109 1828 1300 1887 πενίας
1329 1821 1366 1893 ἤ
1396 1843 1447 1876 τι
1466 1819 1602 1876 ἄλλο
1625 1826 1740 1876 τῶν

51 1906 127 1966 εἰς
147 1903 249 1972 τήν
269 1906 481 1974 τέχνην,
503 1903 571 1959 τά
591 1926 647 1960 τε
669 1910 801 1974 ἔργα
822 1905 1168 1976 πονηρότερα
1189 1903 1477 1975 ἐργάσεται
1497 1905 1588 1959 καὶ
1605 1901 1738 1968 τοὺς
1763 1925 1799 1968 1⁴2

50 1987 185 2049 υἱεῖς
214 1982 251 2054 ἦ
283 1983 489 2050 ἄλλους
519 1985 619 2051 οὓς
652 1983 724 2042 ἄν
749 1986 982 2060 διδάσκῃ
1001 1993 1218 2057 χείρους
1246 1986 1622 2057 δημιουργούς
1652 1988 1739 2040 δι-

49 2065 280 2131 δάξεται.
315 2072 446 2131 Πῶς
465 2065 516 2122 δ’
551 2066 650 2134 οὕ;
681 2065 806 2123 ‘Tu'
844 2066 1177 2140 ἀμφοτέρων
1207 2068 1305 2138 δή,
1338 2072 1530 2132 πενίας
1559 2088 1618 2123 τε
1646 2067 1738 2122 καὶ

50 2144 314 2215 πλούτου,
335 2154 496 2217 χείρω
513 2152 615 2219 μὲν
634 2151 699 2205 τὰ
720 2157 833 2205 τῶν
851 2156 1061 2220 τεχνῶν
1082 2155 1232 2219 ἔργα,
1246 2155 1464 2221 χείρους
1482 2146 1543 2204 δὲ
1560 2145 1736 2204 αὐτοί.

53 2232 330 2282 Φαίνεται.
355 2226 548 2300 Ἕτερα
570 2232 658 2302 δή,
681 2229 755 2297 ὥς
772 2235 934 2299 ἔοικε,
956 2242 1069 2296 τοῖς
1085 2230 1327 2301 φύλαξιν
1347 2228 1678 2302 εὑρήκαμεν,
1702 2225 1737 2283 ὁὶ

51 2310 214 2362 παντὶ
243 2309 429 2382 τρόπῳ
463 2316 782 2381 φυλακτέον
811 2312 964 2378 ὅπως
993 2313 1206 2383 μήποτε
1243 2310 1449 2377 αὐτοὺς
1476 2311 1631 2383 λήσει
1661 2315 1737 2374 εἰς

50 2389 154 2459 τὴν
183 2390 348 2445 πόλιν
378 2394 718 2461 παραδύντα.
769 2402 910 2451 Ποῖα
938 2400 1140 2461 ταῦτα;
1177 2394 1432 2459 Πλοῦτός
1458 2415 1535 2463 τε,
1571 2386 1644 2463 ἦν
1682 2386 1734 2447 δ’

51 2470 178 2538 ἐγώ,
197 2472 287 2524 καὶ
308 2478 486 2541 πενία,
510 2470 582 2537 ῶς
601 2482 703 2528 τοῦ
730 2475 831 2545 μὲν
850 2474 1075 2546 τρυφὴν
1094 2476 1184 2529 καὶ
1204 2472 1407 2544 ἀργίαν
1425 2476 1516 2530 καὶ
1535 2493 1703 2529 νεωτε
1719 2504 1736 2513 -
1767 2496 1854 2541 422

50 2552 250 2620 ρισμὸν
278 2558 588 2620 ποιοῦντος,
619 2561 721 2608 τοῦ
750 2555 809 2611 δὲ
847 2554 1252 2624 ἀνελευθερίαν
1279 2557 1372 2611 καὶ
1402 2558 1735 2624 κακοεργίαν

48 2630 188 2700 πρὸς
215 2638 291 2705 τῷ
326 2642 690 2704 νεωτερισμῷ.
729 2636 896 2691 Πάνυ
923 2638 1027 2707 μὲν
1055 2630 1179 2705 οὖν,
1213 2641 1332 2707 ἔφη.
1371 2636 1499 2691 τόδε
1530 2637 1736 2707 μέντοι,

50 2707 94 2768 ὦ
114 2715 425 2783 Σώκρατες,
449 2716 659 2786 σκόπει,
679 2725 795 2783 πῶς
814 2715 945 2789 ἡμῖν
972 2715 1004 2789 η
1039 2719 1197 2781 πόλις
1217 2721 1304 2772 οΐα
1324 2716 1371 2772 τ’
1398 2721 1549 2773 ἔσται
1569 2723 1739 2773 πολε-

47 2810 188 2867 μεῖν,
210 2799 436 2853 ἐπειδὰν
454 2799 705 2869 χρήματα
724 2798 798 2870 μὴ
819 2803 1121 2871 κεκτημένη
1138 2793 1191 2870 ᾗ,
1206 2799 1385 2865 ἄλλως
1403 2820 1459 2855 τε
1474 2795 1582 2855 κᾶν
1599 2795 1741 2868 πρὸς

1 3107 45 3236 ’.εἰσὶ
