1962 3236
217 179 321 232 314
830 183 1309 232 ΠΛΑΤΩΝΟΣ

216 337 274 371 τε
293 317 383 372 καὶ
404 314 626 371 Κλωθώ
649 317 740 370 καὶ
759 314 1048 385 Ἄτροπον,
1076 312 1274 384 ὑμνεῖν
1292 313 1429 386 πρὸς
1447 316 1550 387 τὴν
1568 323 1681 373 τῶν
1693 320 1894 389 Σειρή-

220 418 337 452 νων
357 395 645 467 ἁρμονίαν,
665 395 908 465 Λάχεσιν
940 398 1040 465 μὲν
1069 395 1136 449 τὰ
1169 396 1453 468 γεγονότα,
1486 397 1708 453 Κλωθώ
1743 399 1802 454 δὲ
1830 399 1894 454 τά

215 478 367 549 ὄντα,
396 478 667 547 ’Ἀτροπον
692 476 752 531 δὲ
780 474 846 530 τὰ
869 479 1150 545 μέλλοντα.
1189 480 1281 532 καὶ
1309 477 1411 548 τὴν
1440 481 1543 549 μὲν
1570 477 1792 535 Κλωθώ
1829 484 1896 549 τῇ

217 563 367 630 δεξιᾷ
398 560 531 627 χειρὶ
569 559 955 628 ἐφαπτομένην
986 560 1444 629 συνεπιστρέφειν
1479 565 1580 615 τοῦ
1617 560 1892 631 ἀτράκτου

214 639 317 709 τὴν
339 643 438 705 ἔξω
455 639 782 710 περιφοράν,
816 642 1205 695 διαλείπουσαν
1234 641 1455 713 χρόνον,
1490 641 1591 712 τὴν
1620 645 1678 698 δὲ
1699 641 1895 709 ’Ἀτρο-

217 741 325 776 πον
341 726 406 793 τῇ
428 721 686 795 ἀριστερᾷ
717 718 812 785 τὰς
839 718 993 785 ἐντ’ὀς
1022 714 1096 775 αὖ
1128 719 1409 788 ὡσαύτως·
1447 722 1550 795 τὴν
1578 724 1637 780 δὲ
1657 724 1895 795 Λάχεσιν

213 808 273 860 ἐν
291 806 443 875 μέρει
463 804 718 875 ἑκατέρας
737 804 964 876 ἑκατέρᾳ
983 810 1048 876 τῇ
1075 808 1210 875 χειρὶ
1231 806 1590 876 ἐφάπτεσθαι.

147 906 182 947 1)
352 890 456 940 XV.
493 891 656 955 Σφᾶς
684 878 806 957 οὖν,
838 885 1023 955 ἐπειδὴ
1053 886 1372 956 ἀφικέσθαι,
1406 886 1581 953 εὐθὺς
1611 892 1725 942 δεῖν
1756 890 1894 942 ι’έναι

214 964 351 1036 πρὸς
377 965 479 1035 τὴν
498 965 753 1035 Λάχεσιν.
793 965 1087 1035 προφήτην
1107 960 1212 1020 οὖν
1237 966 1362 1021 τινά
1386 973 1531 1036 σφοῖς
1550 973 1771 1038 πρῶτον
1792 968 1892 1037 μὲν

214 1049 274 1102 ἐν
293 1047 439 1112 τάξει
458 1051 765 1117 διαστῆσαι,
787 1050 969 1101 ἔπειτα
998 1046 1241 1117 λαβόντα
1271 1050 1330 1103 ἐκ
1359 1055 1472 1103 τῶν
1493 1056 1587 1118 τῆς
1609 1050 1892 1118 Λαχέσεως

212 1129 470 1197 γονάτων
506 1128 746 1199 κλήρους
778 1148 837 1182 τε
869 1130 961 1182 καὶ
982 1132 1120 1198 βίων
1148 1133 1576 1199 παραδείγματα,
1611 1127 1891 1199 ἀναβάντα

213 1213 304 1264 ε’πί
335 1232 386 1264 τι
421 1216 570 1280 βῆμα
607 1207 826 1280 ὑψηλὸν
864 1214 1061 1264 εἰπεῖν·
1105 1207 1369 1280 Ἀνάγκης
1406 1209 1689 1281 θυγατρὸς
1724 1209 1894 1279 κόρης

211 1293 498 1360 Λαχέσεως
527 1290 705 1360 λόγος.
749 1291 915 1359 ψυχαὶ
944 1289 1227 1361 ἐφήμεροι,
1259 1289 1396 1362 ἀρχὴ
1432 1291 1598 1362 ἄλλης
1628 1289 1888 1359 περιόδου

151 1385 183 1424 Ε
213 1377 431 1442 θνητοῦ
449 1375 646 1441 γένους
664 1371 1084 1442 θανατηφόρου.
1123 1370 1224 1441 οὐχ
1244 1370 1388 1441 ὑμᾶς
1420 1375 1632 1442 δαίμων
1656 1372 1890 1442 λήξεται,

214 1450 337 1507 ἀλλ’
365 1449 519 1522 ὑμεῖς
538 1455 772 1522 δαίμονα
791 1451 1108 1522 αἱρήσεσθε.
1147 1459 1363 1521 πρῶτος
1383 1452 1435 1505 δ’
1468 1450 1496 1507 ὁ
1525 1449 1708 1522 λαχών
1737 1455 1872 1520 πρε-5-
1954 1492 1962 1502 ..

213 1554 304 1597 τος
321 1535 586 1602 αἱρείσθω
605 1538 748 1604 βίον,
771 1525 816 1606 ᾦ
834 1535 1096 1588 συνέσται
1121 1537 1174 1599 ἐξ
1195 1532 1453 1604 ἀνάγκης.
1486 1532 1648 1604 ἀρετή
1677 1536 1735 1587 δὲ
1763 1532 1891 1588 ἀδέ-
1956 1587 1958 1590 ,

214 1631 439 1682 σποτον,
459 1610 530 1684 ἣν
550 1618 724 1684 τιμῶν
744 1616 834 1668 καὶ
851 1613 1125 1683 ἀτιμάζων
1158 1618 1328 1671 πλέον
1356 1617 1448 1670 καὶ
1476 1619 1698 1670 ἔλαττον
1725 1612 1893 1683 αὐτῆς
1959 1685 1962 1688 ⁴

213 1696 440 1759 ἕκαστος
460 1695 578 1759 ἕξει.
637 1699 780 1749 αἰτία
801 1697 1092 1766 ἑλομένου·
1126 1695 1261 1761 θεὸς
1294 1695 1550 1760 ἀναίτιος.
1605 1702 1776 1750 ταῦτα
1815 1699 1893 1750 εἰ·
1958 1699 1962 1752 ἑ

211 1776 388 1831 πάντα
409 1778 563 1846 ῥῖψαι
585 1777 672 1831 ε’πὶ
691 1775 899 1841 πάντας
918 1778 1048 1842 τους
1067 1777 1323 1849 κλήρους,
1351 1777 1451 1833 τὸν
1472 1779 1531 1834 δὲ
1560 1775 1690 1846 παρ’
1717 1774 1890 1831 αὑτὸν
1919 1789 1944 1826 ’.

96 1869 183 1913 618
213 1856 454 1913 πεσόντα
472 1857 707 1912 ἕκαστον
727 1856 1094 1930 ἀναιρεῖσθαι,
1115 1858 1261 1929 πλὴν
1281 1851 1350 1914 οὗ
1365 1880 1376 1890 ·
1412 1861 1440 1913 ἓ
1457 1860 1515 1913 δὲ
1536 1856 1638 1913 οὐκ
1659 1860 1757 1930 ε’ᾆν
1771 1879 1781 1890 ·
1814 1859 1892 1927 τῷ

213 1939 272 1994 δὲ
319 1937 632 2011 ἀνελομένῳ
672 1942 843 2009 δῆλον
884 1939 1038 2010 εἶναι,
1079 1938 1313 2004 ὁπόστος
1360 1940 1606 2011 εἰλήχειν.
1661 1938 1794 2009 μετὰ
1834 1941 1892 1993 δὲ
1950 1951 1951 1954 ’

210 2028 372 2076 τοῦτο
394 2013 560 2083 αὖθις
588 2019 656 2075 τὰ
687 2027 801 2076 τῶν
836 2027 975 2092 βίων
1001 2027 1412 2093 παραδείγματα
1445 2027 1520 2086 εἰς
1545 2024 1604 2076 τὸ
1637 2021 1890 2088 πρόσθεν
1945 2087 1948 2091 ἢ

212 2108 376 2173 σφῶν
399 2109 587 2157 θεῖναι
625 2105 712 2157 ἐπὶ
747 2101 849 2173 τὴν
877 2111 1002 2174 γῆν,
1041 2104 1184 2158 πολὺ
1223 2108 1389 2158 πλείω
1427 2109 1538 2157 τῶν
1574 2100 1886 2171 παρόντων,

212 2183 350 2240 εἶναι
370 2183 429 2237 δὲ
456 2182 812 2238 παντοδαπά·
851 2184 1005 2249 ζώων
1032 2205 1088 2239 τε
1119 2182 1225 2253 γάρ
1252 2183 1477 2238 πάντων
1513 2187 1668 2253 βίους
1697 2184 1789 2238 καὶ
1822 2179 1886 2249 δὴ
1940 2243 1943 2245 ,

211 2266 302 2320 καὶ
330 2262 461 2327 τούς
493 2262 892 2332 ἀνθρωπίνους
927 2263 1196 2329 ἅπαντας·
1237 2268 1570 2332 τυραννίδας
1602 2284 1659 2318 τε
1695 2262 1801 2332 γὰρ
1828 2264 1888 2316 ἐν
1937 2303 1944 2309 -

211 2345 397 2409 αὐτοῖς
434 2343 591 2415 εἶναι,
628 2343 726 2410 τάς
752 2345 853 2417 μὲν
882 2349 1159 2414 διατελεῖς,
1192 2343 1289 2409 τὰς
1325 2346 1385 2401 δὲ
1414 2347 1505 2400 καὶ
1534 2341 1735 2413 μεταξὺ
1767 2346 1888 2397 δια-

210 2428 582 2496 φθειρομένας
601 2429 692 2481 καὶ
712 2430 786 2490 εἰς
805 2431 994 2490 πενίας
1013 2448 1070 2481 τε
1089 2428 1179 2481 καὶ
1198 2426 1382 2496 φυγὰς
1403 2427 1495 2480 καὶ
1528 2429 1602 2489 εἰς
1625 2429 1887 2493 πτωχείας
1933 2460 1939 2462 v

208 2506 567 2571 τελευτώσας·
591 2506 732 2562 εἶναι
752 2509 918 2562 δὲκαὶ
939 2511 1182 2578 δοκίμων
1202 2506 1427 2576 ἀνδρῶν
1445 2511 1618 2578 βίους,
1640 2503 1770 2568 τοὺς
1788 2503 1886 2575 μὲν

148 2600 180 2641 Β
210 2590 297 2644 ἐπὶ
323 2592 491 2643 εἴδεσι
528 2589 618 2643 καὶ
656 2587 794 2643 κατά
831 2590 1004 2659 κάλλη
1040 2591 1133 2644 καὶ
1164 2587 1268 2659 τὴν
1302 2587 1476 2659 ἄλλην
1510 2585 1683 2658 ἰσχύν·
1705 2608 1762 2649 τε
1795 2588 1886 2640 καὶ
1928 2641 1930 2646 ,

210 2667 471 2739 ἀγωνίαν,
502 2668 633 2734 τούς
667 2666 720 2724 δ’
754 2671 840 2725 ἐπὶ
869 2673 1052 2740 γένεσι
1085 2672 1175 2725 καὶ
1211 2670 1504 2739 προγόνων
1533 2666 1764 2738 ἀρεταῖς,
1797 2667 1884 2720 καὶ

211 2747 491 2819 ἀδοκίμων
516 2748 654 2804 κατὰ
674 2749 867 2821 ταύτά,
890 2749 1154 2815 ὡσαύτως
1175 2751 1234 2806 δὲ
1255 2752 1644 2819 καὶγυναικῶν
1659 2769 1670 2778 ·
1710 2752 1886 2816 ψυχῆς

210 2827 268 2882 δὲ
285 2829 437 2894 τάξιν
457 2829 559 2885 οὐκ
581 2834 782 2886 ἐνεῖναι
802 2829 891 2886 διὰ
911 2830 971 2886 τὸ
995 2829 1308 2900 ἀναγκαίως
1327 2833 1468 2899 ἔχειν
1498 2827 1668 2883 ἄλλον
1698 2828 1886 2896 ἑλομέ-
