1962 3236
134 213 180 242 ιν
827 205 1219 246 PRAEFATIO.

127 333 207 374 per
239 312 431 362 ἐπειδὰν
471 321 661 361 instituta
703 320 862 373 duplici
898 320 1075 373 apodosi
1117 319 1354 360 includatur
1393 319 1459 360 vel
1505 320 1589 361 duo
1628 322 1851 361 enunciata
1890 333 1915 362 a

130 370 400 418 παντάπασι
427 378 677 445 incipientia
706 378 822 419 velut
850 378 1115 441 appositione
1138 377 1318 443 quadam
1349 378 1456 416 iuter
1485 389 1531 417 se
1559 379 1704 428 juncta
1733 379 1841 424 sint,
1871 385 1918 418 ut

128 435 228 478 Crit.
261 449 299 477 c.
338 436 391 478 13
420 442 527 476 extr.
558 427 662 474 οὔτε
687 436 904 475 πείθεται
933 427 1035 473 οὔτε
1072 431 1231 474 πείθει
1261 427 1382 498 ἡμᾶς
1417 441 1459 474 et
1490 430 1665 474 τούτων
1698 427 1918 501 οὐδέτερα

129 493 282 545 ποιεῖ,
321 493 485 534 Politic.
524 505 559 536 c.
598 492 650 534 16
676 485 912 560 ἆμήχανοι
944 488 1022 530 καὶ
1049 483 1261 556 ἄτεχνοι
1266 484 1384 530 κατὰ
1417 483 1526 536 τοὺς
1555 486 1766 542 πρώτους
1794 479 1918 544 ἦσαν

125 547 323 615 χρόνους
351 558 392 590 et
422 541 471 589 ἐκ
498 541 672 589 τούτων
699 561 889 609 παντων
916 540 966 587 ἐν
992 540 1204 600 μεγάλαις
1231 542 1453 600 ἀπορίαις
1479 538 1625 601 ἦσαν,
1656 550 1833 603 Republ.
1866 549 1916 589 11.

132 609 183 649 17
216 601 325 648 οὐδὲ
361 618 410 658 γε
436 600 487 646 τὸ
526 601 753 656 παράπαν
782 604 844 654 ως
873 602 980 646 θεοὶ
1017 605 1152 652 θεοις
1184 604 1432 657 πολεμοῦσι
1471 614 1512 646 et
1548 604 1720 646 πολλοῦ
1749 604 1823 645 δει
1851 618 1919 657 γι-

127 663 443 717 γαντομαχίας
475 660 847 717 μυθολογητέονε
878 663 935 708 cf.
968 663 1247 716 Nagelsbach.
1277 665 1331 704 ad
1358 663 1477 707 Iliad.
1514 665 1543 703 1.
1571 662 1642 707 39.
1670 685 1726 694 ——
1755 663 1801 707 Ρ.
1833 662 1918 705 330

126 725 166 763 Α
198 718 318 763 πλέω
348 723 379 762 Ρ
411 729 451 762 et
483 722 793 772 Schneiderus,
822 718 965 761 πλείω
996 721 1148 760 VBST.
1179 743 1237 752 -
1267 723 1311 764 P.
1345 719 1429 762 332
1460 719 1490 760 C
1521 715 1633 772 ἐφη
1665 732 1701 759 ω
1739 713 1853 770 πρὸς
1887 721 1918 761 Ρ

126 787 168 820 et
197 778 224 818 S
266 792 362 819 cum
402 778 681 827 Schnefflero,
722 773 837 833 ἔφη,
882 771 999 829 πρὸς
1030 778 1124 819 VB
1153 790 1189 817 ω
1219 771 1338 829 πρὸς
1373 779 1431 826 Τ,
1467 781 1624 818 omisso
1659 791 1753 817 vum
1797 778 1917 818 Astio

125 831 241 889 ἔφη,
272 844 318 876 ut
349 835 534 877 Socratis
563 838 697 876 oratio
723 838 1013 884 continuetur,
1039 848 1106 886 qu
1099 835 1153 875 »d
1184 836 1296 875 idem
1326 836 1461 875 suasit
1483 834 1710 877 Neukirch.
1741 836 1780 874 in
1810 834 1915 875 Plat.

125 895 320 936 Politiam
354 900 517 945 quaest.
543 893 691 946 philol
716 902 826 946 part,
850 895 883 936 1.
916 892 1031 944 Lips.
1060 892 1195 936 1834:
1227 892 1465 932 hunctam
1458 905 1496 932 ·n
1530 902 1640 932 recte
1660 905 1748 943 Jam
1774 892 1918 933 ιεᾱειι-
1938 888 1941 890 ’

127 953 217 1004 guit
248 951 492 991 Sommerus
522 951 565 990 in
595 950 800 992 Zeitschr.
835 951 864 992 f
893 950 934 990 (1.
965 949 1141 989 Alte1.1h
1172 948 1295 992 1835,
1324 961 1366 1001 p.
1397 947 1498 989 971.
1520 971 1575 979 —
1608 949 1652 990 P.
1688 948 1768 989 341
1807 949 1835 988 Β
1863 938 1919 988 ὃν

127 1006 213 1048 νῦν
246 1003 305 1060 δὴ
339 1002 483 1060 ἔλεγες
517 1008 548 1047 Η
581 1021 676 1047 cum
716 1007 941 1048 Benedicto
976 1006 1096 1057 conj.
1134 1007 1175 1044 in
1207 1006 1314 1046 Plat.
1349 1005 1481 1046 libros
1515 1006 1567 1045 de
1598 1006 1759 1058 republ.
1794 1005 1914 1058 Lips.

126 1064 239 1108 1805
281 1071 321 1106 et
359 1065 509 1106 Faesio
549 1065 593 1104 in
626 1066 763 1105 Bremi
802 1064 949 1129 philol
984 1063 1119 1115 Beytr.
1152 1075 1195 1114 p.
1227 1062 1337 1112 286;
1368 1052 1395 1102 ὃ
1427 1061 1587 1112 VBST,
1627 1064 1742 1113 quod
1780 1064 1816 1102 si
1858 1064 1915 1104 ita

126 1121 410 1163 Schneideius
440 1128 601 1170 tuetur,
641 1129 685 1161 ut
717 1129 843 1173 neget
875 1111 929 1160 ὃν
962 1131 1099 1159 utrum
1137 1120 1191 1159 ad
1227 1095 1364 1172 λόγον
1402 1131 1454 1159 an
1486 1121 1540 1159 ad
1570 1114 1774 1171 α”ρχυντα
1811 1119 1920 1160 refe-

125 1179 303 1220 rendum
325 1180 379 1220 sit
403 1191 631 1234 apparere,
664 1179 710 1218 id
732 1180 871 1231 ipsum
894 1178 1073 1218 fortasse
1093 1178 1396 1229 grammatico,
1421 1178 1493 1228 qui
1515 1179 1742 1230 genuinam
1774 1177 1918 1217 lectio-

126 1249 223 1278 nem
246 1237 444 1286 mutavit,
439 1238 721 1304 ambiguum
753 1236 852 1284 fuit3
881 1235 1045 1275 Platoni
1079 1247 1159 1273 nou
1185 1234 1317 1275 fuisse
1349 1235 1494 1275 docem
1523 1236 1716 1300 proxime
1739 1247 1917 1286 sequen-

125 1296 184 1335 tia
212 1286 394 1359 ἰατρός,
434 1283 490 1333 ὃν
520 1285 625 1343 ἄρτι
662 1288 834 1347 ἔλεγες,
877 1300 917 1333 et
948 1290 1095 1336 ο,16;
1137 1287 1248 1344 λέγω
1281 1287 1331 1332 δὲ
1362 1283 1507 1341 ὅνπερ
1535 1291 1620 1332 νῦν
1656 1285 1715 1344 δὴ
1749 1288 1916 1344 ελεγον,

125 1346 208 1391 τὸν
236 1345 407 1404 μεγαλα
439 1345 703 1403 δυνάμενον
728 1350 1034 1390 πλεονεκτεῖν.
1069 1371 1125 1377 —
1154 1350 1197 1388 P.
1232 1348 1317 1391 345
1347 1349 1377 1390 C
1406 1348 1613 1390 πιαίνειν
1643 1352 1696 1394 Ρ,
1729 1347 1920 1397 ποιααι-

127 1421 227 1453 νειν
255 1409 395 1451 VBST
434 1417 474 1449 et
506 1409 808 1457 Schneiderus,
847 1409 960 1459 quod
996 1408 1218 1447 conectori
1249 1407 1390 1447 deberi
1427 1408 1520 1460 ipse
1561 1408 1740 1448 Palisini
1773 1419 1917 1460 margo

128 1464 290 1521 argum
333 1473 504 1508 nostrae
535 1467 725 1507 lectionis
766 1472 1017 1506 vetustatem
1048 1464 1112 1503 vel
1143 1466 1256 1515 quod
1295 1465 1338 1504 in
1370 1465 1465 1504 aliis
1497 1472 1559 1505 est
1598 1458 1826 1516 παχύνειν
1858 1472 1919 1504 te·

128 1533 275 1566 statur.
303 1546 362 1555 —-
384 1526 431 1568 P.
463 1523 546 1565 347
573 1526 609 1565 Α
638 1521 812 1574 ξυνιεῖς
839 1523 893 1572 Ρ,
924 1520 1086 1573 ξυνίης
1115 1521 1276 1565 VBST:
1306 1521 1363 1564 cf.
1388 1522 1443 1562 ad
1469 1521 1654 1589 Sophist.
1690 1534 1732 1575 p.
1758 1521 1844 1564 238
1872 1522 1918 1562 Ε.

127 1605 184 1614 —-
211 1584 256 1623 P.
287 1581 370 1623 347
399 1583 430 1621 Ε
461 1576 659 1649 πότερον
691 1593 872 1632 moxque
900 1575 1104 1628 ποτέρως
1136 1578 1170 1618 H
1201 1592 1235 1619 c.
1266 1581 1381 1620 Astio
1414 1591 1491 1631 pro
1528 1574 1733 1629 ποτέρως
1766 1589 1804 1618 et
1836 1575 1921 1618 πό·

129 1651 262 1692 τερον
291 1632 354 1685 (ὃς
385 1631 729 1706 ἀληθεστέρως,
760 1639 875 1690 quod
909 1651 958 1679 eo
991 1638 1131 1676 minus
1165 1636 1266 1677 femi
1300 1645 1483 1703 poterat,
1524 1638 1624 1688 quia
1655 1650 1705 1676 ue
1739 1637 1919 1702 positivo

127 1698 302 1749 quidem
327 1709 392 1743 ως
423 1690 614 1750 οέληθως
644 1697 714 1736 hic
735 1695 852 1736 locus
885 1695 1009 1739 foret.
1033 1716 1089 1724 —
1119 1695 1163 1734 P.
1187 1693 1271 1735 348
1301 1695 1332 1734 Β
1363 1688 1568 1744 ποτέρως
1595 1694 1656 1743 Η,
1685 1689 1920 1744 ὁποτέρως

132 1767 277 1796 omnes
311 1762 351 1796 et
382 1756 527 1807 scripti
561 1762 602 1795 et
632 1755 756 1800 editi,
790 1754 866 1794 sed
897 1762 1042 1793 contra
1066 1751 1226 1805 legem
1260 1752 1383 1803 cujus
1415 1764 1481 1791 me
1513 1751 1720 1792 vindicem
1745 1751 1834 1814 jam
1866 1746 1920 1791 ad

129 1811 316 1865 Sophist.
348 1825 390 1864 p.
426 1812 511 1854 236
542 1811 574 1851 Β
606 1811 825 1864 professus
858 1823 964 1850 sum.
994 1830 1041 1837 -
1079 1812 1119 1849 P.
1155 1808 1239 1850 348
1264 1808 1295 1848 D
1329 1802 1552 1862 βαλάντια
1584 1808 1639 1855 Η,
1671 1802 1922 1863 βαλλάντια

129 1872 165 1910 V
170 1868 267 1910 BST
293 1882 387 1909 cum
416 1867 672 1910 Schneidcio
700 1869 877 1921 ipsoque
902 1875 947 1906 ut
973 1866 1138 1907 videtur
1162 1866 1367 1914 Parisino,
1395 1867 1466 1917 qui
1494 1874 1633 1906 tamen
1665 1878 1791 1916 quum
1821 1865 1922 1906 alibi

80 1945 82 1947 ·
129 1939 278 1980 parum
310 1927 390 1967 sibi
423 1927 466 1965 in
492 1926 573 1966 hac
604 1938 732 1965 causa
765 1932 951 1974 constet,
985 1925 1233 1976 scriptuiam
1267 1925 1356 1980 1ᾒιιιιι
1384 1924 1440 1964 ad
1472 1922 1668 1988 Sympos.
1697 1934 1739 1974 p.
1773 1922 1857 1963 190
1887 1922 1919 1961 E

130 1985 354 2037 probatam
384 1996 494 2023 nunc
527 1996 694 2047 quoque
730 1983 894 2025 ietinui.
932 2003 990 2011 —
1029 1980 1075 2020 Ρ.
1109 1979 1195 2021 349
1230 1981 1260 2019 D
1298 1984 1322 2018 ο
1356 1975 1406 2019 δε
1438 1973 1500 2030 μὴ
1538 1972 1738 2019 ἐοικέναι
1769 1981 1798 2020 Ρ
1835 1992 1920 2019 sec.

114 2042 266 2093 praef.
296 2041 396 2080 Tur.
437 2052 479 2092 p.
507 2038 571 2084 X,
609 2033 632 2077 ὁ
667 2033 718 2078 δε
747 2031 811 2090 μὴ
846 2031 908 2089 μὴ
939 2031 1049 2076 gom.
1085 2036 1220 2076 VBST
1252 2045 1291 2076 ct
1324 2036 1605 2076 Schneiderus
1639 2049 1734 2076 cum
1777 2037 1922 2103 paucis

131 2099 248 2138 libris
279 2098 413 2149 iisque
445 2103 544 2148 post
570 2094 832 2148 Stephanum
860 2096 1026 2135 demum
1061 2094 1249 2146 collatis,
1284 2100 1329 2133 ut
1353 2093 1422 2133 hic
1448 2094 1622 2134 alteram
1653 2095 1920 2161 negationem

131 2166 184 2195 ex
213 2155 323 2206 conj.
359 2154 576 2195 addidisse
602 2153 819 2198 videatuu
862 2160 970 2192 certe
998 2162 1163 2203 praeter
1197 2152 1513 2191 necessitatem.
1553 2164 1682 2202 quum
1717 2162 1741 2189 ο
1775 2144 1825 2190 δε
1852 2164 1922 2191 so-

132 2212 218 2251 lum
248 2212 336 2262 jam
370 2212 624 2252 contiaiium
658 2211 893 2263 antegressi
926 2206 1156 2261 significet.
1189 2208 1244 2248 cf
1277 2208 1328 2248 V.
1366 2208 1567 2273 143V11.
1600 2210 1643 2256 2,
1675 2207 1746 2248 IX.
1784 2209 1804 2248 1
1839 2215 1920 2250 etc.

132 2290 188 2297 --
219 2268 265 2311 P.
295 2268 380 2310 352
412 2269 463 2310 D.
497 2260 558 2313 ιός
591 2264 639 2319 ’γε’
668 2278 747 2318 μοι
773 2267 802 2305 Ρ
831 2274 870 2306 et
898 2268 935 2306 V
970 2278 1003 2304 c.
1039 2264 1256 2316 plurimis,
1299 2256 1361 2311 ὥς
1396 2256 1445 2316 ’γ’
1474 2255 1577 2314 ἐμοὶ
1606 2263 1726 2310 BST.
1754 2265 1824 2316 qui
1858 2272 1922 2305 ta-

135 2338 230 2366 men
271 2327 355 2379 ipsi
391 2338 486 2377 sup
524 2337 566 2378 p.
607 2324 693 2365 329
724 2326 761 2363 Α
801 2324 1014 2377 vulgatam
1059 2323 1309 2365 tolet-aiunt.
1355 2335 1431 2362 nec
1469 2322 1659 2375 profecto
1697 2323 1922 2363 mutandae

133 2395 258 2423 causa
286 2389 370 2429 est3
407 2382 461 2425 cf.
486 2382 656 2435 Protag.
685 2394 722 2424 e.
746 2380 802 2422 28
826 2390 866 2421 et
889 2380 1094 2422 Sommei.
1117 2381 1158 2420 in
1187 2380 1300 2434 Allg.
1324 2378 1549 2423 Schulzeit.
1580 2379 1707 2432 1830,
1729 2392 1771 2432 p.
1796 2379 1919 2422 1046.

135 2463 191 2470 —
221 2441 269 2484 P.
301 2441 386 2483 354
411 2439 444 2480 B
470 2433 561 2478 αἰεὶ
594 2441 624 2479 Ρ
657 2446 696 2478 et
724 2439 777 2487 V,
810 2432 880 2478 ἀεὶ
911 2438 1021 2478 BST.

251 2555 373 2607 Reip.
398 2554 426 2594 l.
457 2555 509 2596 II.
534 2565 578 2606 p.
599 2553 682 2595 358
703 2555 740 2592 Α
770 2558 867 2605 post
897 2546 1086 2603 ψέγεται
1115 2551 1240 2604 vulgo
1274 2551 1488 2602 adiectum
1520 2541 1683 2588 οἷδικιά
1714 2541 1766 2587 δ’
1794 2541 1922 2588 ἔπαι-

137 2611 285 2655 vetrae
314 2611 468 2652 sustuli
502 2624 596 2651 cum
622 2611 653 2650 P
681 2610 858 2660 aliisque
890 2609 1033 2659 libris,
1068 2621 1173 2660 quos
1203 2610 1294 2662 ipse
1320 2607 1600 2648 Schneiderus
1631 2611 1788 2658 partim
1816 2608 1923 2657 opti-

136 2682 222 2710 mos
261 2677 303 2710 et
343 2681 447 2709 raro
484 2674 632 2710 contra
674 2669 860 2719 reliquos
898 2668 1190 2715 conspirantes
1235 2673 1471 2718 nuncupat:
1513 2666 1577 2704 cui
1620 2665 1697 2703 etsi
1737 2664 1921 2703 concedo

139 2727 275 2767 omitti
306 2726 411 2766 haec
435 2727 562 2765 etiam
590 2731 760 2777 propter
787 2724 1076 2763 homoeoteleu
1098 2736 1148 2762 on
1184 2726 1392 2776 potuisse.
1432 2734 1513 2761 non
1545 2728 1682 2760 tannen
1711 2721 1823 2771 quod
1849 2733 1924 2773 po-

136 2785 217 2824 tuit
249 2795 416 2836 semper
443 2795 590 2822 revera
613 2782 769 2822 factum
797 2788 883 2828 est,
915 2789 1158 2831 tamumque
1190 2783 1308 2820 abest
1334 2787 1379 2819 ut
1405 2781 1532 2829 plura
1557 2780 1713 2818 omnino
1741 2780 1782 2818 in
1811 2778 1925 2818 codi-

138 2842 251 2882 cibus
283 2853 430 2882 errore
461 2840 727 2880 librariorum
762 2840 911 2879 omissa
939 2851 1060 2890 quam
1087 2851 1223 2889 prava
1256 2837 1477 2877 sedulitate
1507 2836 1684 2875 immissa
1714 2847 1808 2875 esse
1835 2847 1922 2874 cre-
