1962 3236
574 139 1137 212 HOAITEIAzy'.
1654 143 1721 197 97

37 286 180 346 αὐτὰ
201 285 357 356 εἶναι,
387 286 478 341 καὶ
498 281 683 340 οὐκέτι
710 278 919 353 χαλεπὰ
944 277 1143 352 εὑρεῖν.
1184 278 1359 350 Ἴσως,
1389 272 1426 350 ἦ
1459 276 1509 334 δ’
1544 277 1622 346 ός,
1653 276 1722 334 οὐ

38 370 264 442 χαλεπά.
310 367 462 438 Εἶεν,
491 360 566 438 ἦν
597 363 648 421 δ’
683 363 817 435 ἐγώ·
855 362 917 419 τὰ
946 362 1013 434 δὴ
1051 359 1185 461 μετά
1215 368 1379 417 τοῦτο
1410 366 1465 416 τί
1490 355 1562 415 ἀν
1589 358 1724 431 ἡμῖν

40 453 344 521 διαιρετέον
365 457 476 520 εἴης
514 441 608 519 ἀρ
630 443 734 501 οὐκ
756 443 946 501 αὐτῶν
965 444 1180 500 τούτων
1200 446 1398 508 οἵτινες
1418 441 1652 512 άρξουσί
1664 464 1723 496 τε

39 535 131 590 καὶ
150 532 435 603 ἅρξονταις
478 533 547 584 Τί
561 525 699 598 μήν;
744 524 863 583 Ὅτι
893 527 995 596 μὲν
1024 527 1436 598 πρεσβυτέρους
1462 522 1594 588 τοὺς
1621 521 1783 594 (ἕρ-Ο

39 635 235 685 χοντας
270 616 359 667 δεῖ
386 608 542 680 εἶναι,
563 608 867 675 νεωτέρους
895 609 954 662 δὲ
980 608 1110 674 τούς
1139 606 1494 680 ἀρχομένους,
1525 608 1723 678 &mom

40 702 247 767 Δῆλον.
285 690 447 748 Καὶ“
415 713 499 747 οτι
516 712 578 761 γε
600 689 733 753 τούς
752 686 1012 758 ἀρίστους
1031 687 1246 745 αὐτων·
1232 731 1247 756 ,
1290 691 1401 745 Καὶ
1418 695 1599 744 τοῦτο.
1655 689 1750 742 Οἰ-

40 777 396 846 δὲχεωργῶν
445 771 660 842 άριστοι
699 763 792 839 ἀρ’
834 766 903 825 οὐ
941 771 1378 868 γεωργικώτατοι
1411 775 1723 840 γίγνονται;
1797 771 1812 786 ”

38 861 166 911 Ναί.
206 859 338 911 Νῦν
357 857 410 909 ὁ
415 849 639 924 ,ἐπειδὴ
662 851 932 922 φυλάκων
953 848 1158 915 αὐτούς
1186 849 1445 922 ἀρίστους
1465 854 1552 907 δεῖ
1565 849 1723 921 εἶναι,
1800 840 1807 848 ’

40 930 132 1005 ἀρ’
166 933 235 991 οὐ
265 933 756 1005 φυλακικωτάτους
784 933 1022 998 πόλεως;
1057 937 1185 988 Ναί.
1264 931 1495 989 Οὐκοῦν
1523 935 1727 1002 φρονί-

40 1038 180 1088 μους
198 1038 254 1072 τε
273 1021 348 1082 εἰς
366 1022 530 1071 τοῦτο
550 1018 638 1071 δεῖ
649 1011 920 1085 ὑπάρχειν
938 1015 1029 1070 καὶ
1049 1013 1324 1078 δυνατοὺς
1352 1015 1444 1069 καὶ
1463 1017 1542 1069 ἔτι
1558 1015 1723 1084 κηδε-

42 1100 218 1170 μόνας
245 1105 340 1169 τῆς
375 1098 615 1163 πόλεως;
641 1096 792 1151 Ἔστι
821 1101 1009 1152 ταῦτα.
1085 1095 1326 1168 Κήδοιτο
1363 1099 1424 1151 δέ
1458 1093 1513 1165 γ’
1545 1092 1617 1150 ἄν
1645 1115 1725 1158 τις
1753 1115 1788 1156 D

39 1180 275 1250 μάλιστα
307 1179 512 1234 τούτου
549 1174 580 1233 ὃ
618 1179 880 1248 τυγχάνοι
915 1184 1113 1248 φιλῶν.
1154 1175 1406 1249 Ἀνάγκη.
1467 1178 1576 1232 Καὶ
1616 1173 1726 1247 μὴν

39 1261 203 1317 τοῦτό
231 1258 284 1330 γ’
318 1283 389 1315 αν
411 1261 648 1331 μάλιστα
668 1267 836 1331 φιλοῖ,
870 1253 918 1334 ᾦ
946 1264 1245 1331 ξυμφέρειν
1269 1257 1458 1331 ἡγοῖτο
1487 1257 1555 1314 τὰ
1586 1255 1726 1313 αὐτὰ

38 1343 131 1399 καὶ
149 1343 327 1416 εαυτῷ
345 1344 436 1398 καὶ
456 1341 612 1412 [ὅταν
630 1342 884 1414 μάλιστα]
916 1344 1134 1397 ἐκείνου
1163 1363 1264 1412 μεν
1293 1363 1357 1396 ευ
1388 1340 1727 1410 πράττοντος

44 1430 214 1478 οἴοιτο
237 1427 560 1495 ξυμβαίνειν
588 1425 731 1480 καὶ“
703 1445 879 1497 εαυτω
902 1445 967 1478 ευ
988 1422 1268 1494 πράττειν,
1288 1422 1362 1494 μὴ
1386 1424 1462 1493 δέ,
1483 1419 1727 1477 τούναν-

40 1509 175 1559 τίον.
216 1502 427 1575 Οὕτως,
448 1509 569 1576 ἔφη.
602 1503 914 1564 Ἐκλεκτέον
933 1502 1024 1576 ἀρ’
1049 1508 1109 1561 ἐκ
1128 1526 1242 1560 των
1254 1502 1441 1560 άλλων
1453 1502 1727 1574 φυλάκων

41 1586 328 1652 τοιούτους
366 1586 592 1659 ἀνδρας,
630 1593 687 1644 οἳ
718 1584 792 1643 ἀν
827 1594 1140 1649 σκοποῦσιν
1168 1584 1300 1659 ἡμῖν
1328 1587 1565 1658 μάλιστα
1594 1590 1727 1656 φαί-

42 1691 247 1726 νωνται
268 1667 415 1740 παρὰ
436 1670 617 1727 πάντα
635 1670 735 1727 τὸν
752 1676 895 1742 βίον,
917 1668 950 1726 ὃ
968 1671 1069 1741 μὲν
1095 1666 1166 1726 ἂν
1194 1675 1262 1742 τῇ
1292 1670 1451 1726 πόλει
1469 1667 1728 1741 ἡγήσων-

42 1772 130 1806 ται
148 1755 467 1822 ξυμφέρειν,
487 1753 636 1825 πάσῃ
655 1758 948 1826 προθυμίᾳ
968 1763 1163 1821 ποιεῖν,
1188 1749 1221 1807 ὃ
1241 1750 1292 1807 δ’
1317 1747 1390 1807 ἀν
1408 1751 1502 1823 μή,
1532 1751 1728 1823 μηδενὶ
1760 1773 1792 1813 Ε

41 1833 230 1907 τρόπῳ
251 1838 451 1902 πρᾶξαι
471 1828 544 1888 ἀν
563 1836 791 1909 ἐθέλειν.
875 1830 1195 1904 Ἐπιτήδειοι
1223 1832 1351 1903 γάρ,
1379 1836 1532 1903 ἔφη..
1556 1838 1734 1887 Δοκεῖ

44 1914 111 1984 δή
132 1936 226 1984 μοι
244 1917 508 1986 τηρητέον
528 1911 733 1980 αὐτοὺς
753 1913 892 1971 εἶναι
911 1917 971 1971 έν
990 1914 1227 1979 ἀπάσαις
1255 1924 1372 1979 ταῖς
1397 1909 1648 1988 ἡλικίαις,
1681 1915 1731 1967 εἰ

53 2002 345 2067 φυλακικοί
358 2001 463 2052 εἰσι
482 1997 686 2053 τούτου
706 2004 807 2053 τοῦ
827 1996 1099 2068 δόγματος
1118 1998 1210 2052 καὶ
1228 1995 1364 2067 μήτε
1392 1993 1729 2065 γοητευόμε-

47 2100 133 2136 »oc
149 2078 283 2150 μήτε
314 2077 627 2152 βιαζόμενοι
646 2078 1013 2151 ἐκβάλλουσιν
1033 2076 1539 2147 ἐπιλανθανόμενοι
1559 2076 1728 2142 δόξαν

42 2159 146 2231 τὴν
163 2167 265 2216 τοῦ
283 2171 462 2218 ποιεῖν
473 2165 607 2233 δεῖν,
628 2158 665 2217 ἃ
683 2168 751 2235 τῇ
770 2160 929 2218 πόλει
939 2164 1205 2233 βέλτιστα.
1234 2165 1388 2230 Τίνα,
1409 2163 1534 2230 ἔφη,
1557 2159 1732 2228 λέγεις

43 2241 148 2313 τὴν
182 2243 446 2314 έκβολήν;
488 2242 625 2315 Ἐγώ
663 2261 768 2316 σοι,
806 2249 966 2315 ἔφην,
1005 2238 1130 2314 ἐρῶ.
1179 2245 1437 2314 φαίνεταί
1470 2260 1565 2312 μοι
1600 2237 1733 2306 δόξα

48 2327 247 2389 ἐξιέναι
266 2326 327 2381 ἐκ
349 2327 596 2392 διανοίας
611 2322 649 2398 ἦ
679 2328 946 2391 ἑκουσίως
974 2320 1010 2397 ἦ
1030 2322 1325 2395 ἀκουσίως,
1347 2324 1611 2387 ἑκουσίως
1630 2322 1733 2393 μὲν

51 2402 82 2475 ἡ
121 2404 329 2477 ψευδὴς
363 2414 465 2463 τοῦ
504 2408 1052 2480 μεταμανθάνοντος,
1099 2405 1374 2472 ἀκουσίως
1413 2408 1472 2461 δὲ
1511 2410 1661 2460 πᾶσα
1696 2400 1730 2475 ἡ
1761 2429 1848 2475 413

48 2484 274 2557 ἀληθής.
321 2487 396 2543 Τὸ
417 2489 519 2558 μὲν
547 2495 643 2559 τῆς
674 2492 949 2560 ἑκουσίου,
981 2492 1106 2561 ἔφη,
1139 2487 1432 2560 μανθάνω,
1458 2484 1518 2542 τὸ
1550 2485 1611 2541 δὲ
1638 2490 1735 2556 τῆς

48 2564 319 2622 ἀκουσίου
356 2571 545 2639 δέομαι
574 2579 794 2640 μαθεῖν.
841 2577 910 2626 Τί
936 2574 1056 2638 δαί·
1093 2569 1162 2627 οὐ
1190 2572 1283 2625 καὶ.
1313 2567 1387 2624 σύ
1416 2566 1554 2638 ἡγεῖ,
1592 2571 1735 2638 ἔφην

47 2649 174 2717 ἐγώ,
204 2671 316 2704 των
334 2652 437 2720 μὲν
456 2648 689 2722 ἀγαθων
718 2652 991 2718 ἀκουσίως
1021 2655 1315 2721 στέρεσθαι
1344 2647 1475 2714 τοὺς
1504 2646 1736 2719 ἀνθρώ-

48 2749 206 2796 πους,
227 2738 338 2786 τεᾶν
360 2734 417 2787 δὲ
438 2741 626 2790 κακῶν
646 2735 938 2800 εκουσίως;
974 2732 1011 2804 ἢ
1042 2734 1111 2789 οὐ
1130 2732 1190 2789 τό
1215 2735 1316 2804 μὲν
1344 2734 1616 2798 ἐψεῦσθαι
1638 2735 1737 2802 τῆς

49 2808 323 2935 ἀληθῐξίας
342 2815 534 2937 κᾶκόν,
575 2817 635 2871 τὸ
667 2818 726 2873 δὲ
764 2814 1064 2888 ἀληθεύειν
1102 2813 1352 2885 ἀγαθόνς
1387 2809 1423 2885 ἦ
1460 2810 1530 2869 οὐ
1566 2810 1628 2868 τὸ
1667 2807 1734 2867 τά

227 2906 323 2935 tm«
326 2908 340 2934 ›
1455 2895 1482 2938 7
