<?xml version="1.0" encoding="UTF-8"?>
<!DOCTYPE html PUBLIC "-//W3C//DTD XHTML 1.0 Transitional//EN"
    "http://www.w3.org/TR/xhtml1/DTD/xhtml1-transitional.dtd">
<html xmlns="http://www.w3.org/1999/xhtml" xml:lang="en" lang="en">
 <head>
  <title>
</title>
<meta http-equiv="Content-Type" content="text/html;charset=utf-8" />
  <meta name='ocr-system' content='tesseract 3.04.00' />
  <meta name='ocr-capabilities' content='ocr_page ocr_carea ocr_par ocr_line ocrx_word'/>
</head>
<body>
  <div class='ocr_page' id='page_1' title='image "./dialogisecumdumt04platuoft_0425.png"; bbox 0 0 1962 3236; ppageno 0'>
   <div class='ocr_carea' id='block_1_1' title="bbox 83 0 1050 37">
    <p class='ocr_par' dir='ltr' id='par_1_1' title="bbox 83 0 1050 37">
     <span class='ocr_line' id='line_1_1' title="bbox 83 0 1050 23; baseline -0.002 0"><span class='ocrx_word' id='word_1_1' title='bbox 83 0 122 23; x_wconf 60' lang='grc' dir='ltr'><em>τ’</em></span> <span class='ocrx_word' id='word_1_2' title='bbox 163 0 347 21; x_wconf 56' lang='lat' dir='ltr'><em>*faur--</em></span> <span class='ocrx_word' id='word_1_3' title='bbox 375 0 406 13; x_wconf 58' lang='lat' dir='ltr'><em>s</em></span> <span class='ocrx_word' id='word_1_4' title='bbox 427 0 480 19; x_wconf 62' lang='grc' dir='ltr'><em>ι’</em></span> <span class='ocrx_word' id='word_1_5' title='bbox 508 1 523 7; x_wconf 91' lang='grc'><strong>-</strong></span> <span class='ocrx_word' id='word_1_6' title='bbox 607 0 626 9; x_wconf 50' lang='grc' dir='ltr'><em>υ</em></span> <span class='ocrx_word' id='word_1_7' title='bbox 654 0 658 2; x_wconf 86' lang='grc'><strong><em>·</em></strong></span> <span class='ocrx_word' id='word_1_8' title='bbox 684 1 692 8; x_wconf 84' lang='grc'><em>·</em></span> <span class='ocrx_word' id='word_1_9' title='bbox 782 7 819 12; x_wconf 17' lang='grc' dir='ltr'><em>γ</em></span> <span class='ocrx_word' id='word_1_10' title='bbox 864 0 970 22; x_wconf 52' lang='grc'><em>’“-»,</em></span> <span class='ocrx_word' id='word_1_11' title='bbox 1040 0 1050 8; x_wconf 86' lang='lat'><em>·</em></span> 
     </span>
     <span class='ocr_line' id='line_1_2' title="bbox 111 27 250 37; baseline 0 -7"><span class='ocrx_word' id='word_1_12' title='bbox 111 29 131 37; x_wconf 39' lang='grc'><em>4</em></span> <span class='ocrx_word' id='word_1_13' title='bbox 246 27 250 30; x_wconf 85' lang='grc'><em>.</em></span> 
     </span>
    </p>
   </div>
   <div class='ocr_carea' id='block_1_2' title="bbox 0 167 1846 2899">
    <p class='ocr_par' dir='ltr' id='par_1_2' title="bbox 0 167 1768 246">
     <span class='ocr_line' id='line_1_3' title="bbox 0 167 1768 246; baseline -0.002 -23"><span class='ocrx_word' id='word_1_14' title='bbox 0 203 38 246; x_wconf 50' lang='lat'><em>5-</em></span> <span class='ocrx_word' id='word_1_15' title='bbox 83 184 137 230; x_wconf 73' lang='grc' dir='ltr'><em>τι</em></span> <span class='ocrx_word' id='word_1_16' title='bbox 740 173 1126 222; x_wconf 79' lang='grc' dir='ltr'><strong><em>ΤΙΜΑΙΟΣ.</em></strong></span> <span class='ocrx_word' id='word_1_17' title='bbox 1385 188 1392 190; x_wconf 16' lang='grc' dir='ltr'><em>ε</em></span> <span class='ocrx_word' id='word_1_18' title='bbox 1663 167 1768 220; x_wconf 80' lang='grc'><em>389</em></span> 
     </span>
    </p>

    <p class='ocr_par' dir='ltr' id='par_1_3' title="bbox 0 285 1767 383">
     <span class='ocr_line' id='line_1_4' title="bbox 0 285 1767 383; baseline -0.004 -18"><span class='ocrx_word' id='word_1_19' title='bbox 0 285 13 383; x_wconf 45' lang='grc' dir='ltr'><em>[ζ</em></span> <span class='ocrx_word' id='word_1_20' title='bbox 86 331 205 365; x_wconf 84' lang='grc' dir='ltr'><em>νων</em></span> <span class='ocrx_word' id='word_1_21' title='bbox 231 313 572 378; x_wconf 83' lang='grc' dir='ltr'><em>ξυνίσταται,</em></span> <span class='ocrx_word' id='word_1_22' title='bbox 605 309 782 377; x_wconf 78' lang='grc' dir='ltr'><strong><em>στέγει</em></strong></span> <span class='ocrx_word' id='word_1_23' title='bbox 810 302 876 361; x_wconf 85' lang='grc' dir='ltr'><em>τά</em></span> <span class='ocrx_word' id='word_1_24' title='bbox 909 309 1099 375; x_wconf 78' lang='grc' dir='ltr'><em>μείζω,</em></span> <span class='ocrx_word' id='word_1_25' title='bbox 1136 302 1203 359; x_wconf 82' lang='grc' dir='ltr'><em>τά</em></span> <span class='ocrx_word' id='word_1_26' title='bbox 1234 302 1286 359; x_wconf 83' lang='grc' dir='ltr'><em>δ’</em></span> <span class='ocrx_word' id='word_1_27' title='bbox 1310 306 1370 359; x_wconf 81' lang='grc' dir='ltr'><em>ἐκ</em></span> <span class='ocrx_word' id='word_1_28' title='bbox 1405 303 1674 374; x_wconf 80' lang='grc' dir='ltr'><em>μειζόνων</em></span> <span class='ocrx_word' id='word_1_29' title='bbox 1703 301 1767 358; x_wconf 79' lang='grc' dir='ltr'><em>τὰ</em></span> 
     </span>
    </p>

    <p class='ocr_par' dir='ltr' id='par_1_4' title="bbox 0 385 1772 783">
     <span class='ocr_line' id='line_1_5' title="bbox 0 385 1769 461; baseline -0.002 -18"><span class='ocrx_word' id='word_1_30' title='bbox 0 385 7 443; x_wconf 73' lang='grc' dir='ltr'>Ξ</span> <span class='ocrx_word' id='word_1_31' title='bbox 88 389 418 461; x_wconf 86' lang='grc' dir='ltr'><em>σμικρότερα</em></span> <span class='ocrx_word' id='word_1_32' title='bbox 440 386 509 445; x_wconf 83' lang='grc' dir='ltr'><em>οὐ</em></span> <span class='ocrx_word' id='word_1_33' title='bbox 529 389 779 457; x_wconf 84' lang='grc' dir='ltr'><em>δύναται,</em></span> <span class='ocrx_word' id='word_1_34' title='bbox 800 393 913 458; x_wconf 87' lang='grc' dir='ltr'><em>πῦρ</em></span> <span class='ocrx_word' id='word_1_35' title='bbox 933 389 991 442; x_wconf 80' lang='grc' dir='ltr'><em>δὲ</em></span> <span class='ocrx_word' id='word_1_36' title='bbox 1020 386 1247 442; x_wconf 80' lang='grc' dir='ltr'><em>πάντων</em></span> <span class='ocrx_word' id='word_1_37' title='bbox 1267 391 1450 456; x_wconf 78' lang='grc' dir='ltr'><em>γενῶν</em></span> <span class='ocrx_word' id='word_1_38' title='bbox 1471 401 1769 456; x_wconf 87' lang='grc' dir='ltr'><em>σμικρομε-</em></span> 
     </span>
     <span class='ocr_line' id='line_1_6' title="bbox 90 463 1768 541; baseline -0.004 -14"><span class='ocrx_word' id='word_1_39' title='bbox 90 474 371 541; x_wconf 86' lang='grc' dir='ltr'><em>ρέστατον,</em></span> <span class='ocrx_word' id='word_1_40' title='bbox 411 469 552 525; x_wconf 82' lang='grc' dir='ltr'><em>ὅθεν</em></span> <span class='ocrx_word' id='word_1_41' title='bbox 587 467 662 523; x_wconf 85' lang='grc' dir='ltr'><em>δι’</em></span> <span class='ocrx_word' id='word_1_42' title='bbox 688 467 889 532; x_wconf 78' lang='grc' dir='ltr'><em>ὕδατος</em></span> <span class='ocrx_word' id='word_1_43' title='bbox 926 469 1018 522; x_wconf 86' lang='grc' dir='ltr'><em>καὶ</em></span> <span class='ocrx_word' id='word_1_44' title='bbox 1051 474 1152 538; x_wconf 84' lang='grc' dir='ltr'><em>γῆς</em></span> <span class='ocrx_word' id='word_1_45' title='bbox 1190 464 1350 535; x_wconf 83' lang='grc' dir='ltr'><em>ἀέρος</em></span> <span class='ocrx_word' id='word_1_46' title='bbox 1378 487 1436 522; x_wconf 91' lang='grc' dir='ltr'><em>τε</em></span> <span class='ocrx_word' id='word_1_47' title='bbox 1464 468 1556 523; x_wconf 84' lang='grc' dir='ltr'><em>καὶ</em></span> <span class='ocrx_word' id='word_1_48' title='bbox 1576 463 1679 521; x_wconf 81' lang='grc' dir='ltr'><em>ὅσα</em></span> <span class='ocrx_word' id='word_1_49' title='bbox 1709 468 1768 521; x_wconf 83' lang='grc' dir='ltr'><em>ἐκ</em></span> 
     </span>
     <span class='ocr_line' id='line_1_7' title="bbox 88 544 1769 618; baseline -0.004 -11"><span class='ocrx_word' id='word_1_50' title='bbox 88 551 302 607; x_wconf 84' lang='grc' dir='ltr'><em>τούτων</em></span> <span class='ocrx_word' id='word_1_51' title='bbox 351 554 667 616; x_wconf 82' lang='grc' dir='ltr'><em>ξυνίσταται</em></span> <span class='ocrx_word' id='word_1_52' title='bbox 714 552 972 618; x_wconf 79' lang='grc' dir='ltr'><em>διαχωρεῖ</em></span> <span class='ocrx_word' id='word_1_53' title='bbox 1009 550 1100 604; x_wconf 85' lang='grc' dir='ltr'><em>καὶ</em></span> <span class='ocrx_word' id='word_1_54' title='bbox 1150 551 1362 618; x_wconf 80' lang='grc' dir='ltr'><em>στέγειν</em></span> <span class='ocrx_word' id='word_1_55' title='bbox 1415 547 1581 604; x_wconf 79' lang='grc' dir='ltr'><em>οὐδὲν</em></span> <span class='ocrx_word' id='word_1_56' title='bbox 1633 544 1769 602; x_wconf 79' lang='grc' dir='ltr'><em>αὐτὸ</em></span> 
     </span>
     <span class='ocr_line' id='line_1_8' title="bbox 89 627 1772 700; baseline -0.002 -13"><span class='ocrx_word' id='word_1_57' title='bbox 89 632 338 688; x_wconf 79' lang='grc' dir='ltr'><em>δύναται.</em></span> <span class='ocrx_word' id='word_1_58' title='bbox 368 630 576 688; x_wconf 77' lang='grc' dir='ltr'><em>ταύτὸν</em></span> <span class='ocrx_word' id='word_1_59' title='bbox 595 629 662 700; x_wconf 80' lang='grc' dir='ltr'><em>δὴ</em></span> <span class='ocrx_word' id='word_1_60' title='bbox 682 631 774 685; x_wconf 84' lang='grc' dir='ltr'><em>καὶ</em></span> <span class='ocrx_word' id='word_1_61' title='bbox 803 630 927 698; x_wconf 89' lang='grc' dir='ltr'><em>περὶ</em></span> <span class='ocrx_word' id='word_1_62' title='bbox 955 634 1052 700; x_wconf 85' lang='grc' dir='ltr'><em>τῆς</em></span> <span class='ocrx_word' id='word_1_63' title='bbox 1087 627 1219 698; x_wconf 87' lang='grc' dir='ltr'><em>παρ’</em></span> <span class='ocrx_word' id='word_1_64' title='bbox 1243 627 1375 700; x_wconf 81' lang='grc' dir='ltr'><em>ἡμῖν</em></span> <span class='ocrx_word' id='word_1_65' title='bbox 1412 634 1620 694; x_wconf 83' lang='grc' dir='ltr'><em>κοιλίας</em></span> <span class='ocrx_word' id='word_1_66' title='bbox 1650 632 1772 684; x_wconf 90' lang='grc' dir='ltr'><em>δια-</em></span> 
     </span>
     <span class='ocr_line' id='line_1_9' title="bbox 87 707 1772 783; baseline -0.002 -15"><span class='ocrx_word' id='word_1_67' title='bbox 87 715 335 783; x_wconf 85' lang='grc' dir='ltr'><em>νοητέον,</em></span> <span class='ocrx_word' id='word_1_68' title='bbox 374 710 460 766; x_wconf 84' lang='grc' dir='ltr'><em>ὅτι</em></span> <span class='ocrx_word' id='word_1_69' title='bbox 494 715 638 765; x_wconf 81' lang='grc' dir='ltr'><em>σιτία</em></span> <span class='ocrx_word' id='word_1_70' title='bbox 667 710 769 780; x_wconf 77' lang='grc' dir='ltr'><em>μὲν</em></span> <span class='ocrx_word' id='word_1_71' title='bbox 798 710 900 765; x_wconf 85' lang='grc' dir='ltr'><em>καὶ.</em></span> <span class='ocrx_word' id='word_1_72' title='bbox 919 707 1058 764; x_wconf 81' lang='grc' dir='ltr'><em>ποτὰ</em></span> <span class='ocrx_word' id='word_1_73' title='bbox 1090 707 1226 763; x_wconf 82' lang='grc' dir='ltr'><em>ὅταν</em></span> <span class='ocrx_word' id='word_1_74' title='bbox 1257 714 1332 774; x_wconf 86' lang='grc' dir='ltr'><em>εἰς</em></span> <span class='ocrx_word' id='word_1_75' title='bbox 1363 707 1541 780; x_wconf 81' lang='grc' dir='ltr'><em>αὐτὴν</em></span> <span class='ocrx_word' id='word_1_76' title='bbox 1565 710 1772 781; x_wconf 81' lang='grc' dir='ltr'><em>ἐμπέσῃ</em></span> 
     </span>
    </p>

    <p class='ocr_par' dir='ltr' id='par_1_5' title="bbox 0 789 1846 1919">
     <span class='ocr_line' id='line_1_10' title="bbox 0 789 1840 862; baseline -0.001 -17"><span class='ocrx_word' id='word_1_77' title='bbox 0 834 5 845; x_wconf 82' lang='lat'>.</span> <span class='ocrx_word' id='word_1_78' title='bbox 90 796 293 862; x_wconf 81' lang='grc' dir='ltr'><em>στέγει,</em></span> <span class='ocrx_word' id='word_1_79' title='bbox 329 797 548 861; x_wconf 87' lang='grc' dir='ltr'><em>πνεῦμα</em></span> <span class='ocrx_word' id='word_1_80' title='bbox 586 791 646 845; x_wconf 78' lang='grc' dir='ltr'><em>δὲ</em></span> <span class='ocrx_word' id='word_1_81' title='bbox 682 791 773 845; x_wconf 84' lang='grc' dir='ltr'><em>καὶ</em></span> <span class='ocrx_word' id='word_1_82' title='bbox 808 795 921 860; x_wconf 88' lang='grc' dir='ltr'><em>πῦρ</em></span> <span class='ocrx_word' id='word_1_83' title='bbox 960 792 1459 861; x_wconf 87' lang='grc' dir='ltr'><em>σμικρομερέστερα</em></span> <span class='ocrx_word' id='word_1_84' title='bbox 1505 789 1640 845; x_wconf 84' lang='grc' dir='ltr'><em>ὅντα</em></span> <span class='ocrx_word' id='word_1_85' title='bbox 1677 793 1775 861; x_wconf 84' lang='grc' dir='ltr'><em>τῆς</em></span> <span class='ocrx_word' id='word_1_86' title='bbox 1806 800 1840 843; x_wconf 88' lang='grc' dir='ltr'><strong>Β</strong></span> 
     </span>
     <span class='ocr_line' id='line_1_11' title="bbox 89 865 1772 945; baseline -0.002 -16"><span class='ocrx_word' id='word_1_87' title='bbox 89 871 257 945; x_wconf 77' lang='grc' dir='ltr'><em>αὐτῆς</em></span> <span class='ocrx_word' id='word_1_88' title='bbox 289 872 600 939; x_wconf 83' lang='grc' dir='ltr'><em>ξυστάσεως</em></span> <span class='ocrx_word' id='word_1_89' title='bbox 634 870 703 927; x_wconf 79' lang='grc' dir='ltr'><em>οὐ</em></span> <span class='ocrx_word' id='word_1_90' title='bbox 734 871 980 927; x_wconf 82' lang='grc' dir='ltr'><em>δύναται.</em></span> <span class='ocrx_word' id='word_1_91' title='bbox 1030 871 1245 936; x_wconf 82' lang='grc' dir='ltr'><em>τούτοις</em></span> <span class='ocrx_word' id='word_1_92' title='bbox 1267 865 1371 927; x_wconf 80' lang='grc' dir='ltr'><em>οὖν</em></span> <span class='ocrx_word' id='word_1_93' title='bbox 1402 872 1772 943; x_wconf 83' lang='grc' dir='ltr'><em>κατεχρήσατο</em></span> 
     </span>
     <span class='ocr_line' id='line_1_12' title="bbox 89 950 1773 1023; baseline -0.001 -14"><span class='ocrx_word' id='word_1_94' title='bbox 89 953 118 1009; x_wconf 84' lang='grc' dir='ltr'>ὁ</span> <span class='ocrx_word' id='word_1_95' title='bbox 150 952 287 1017; x_wconf 84' lang='grc' dir='ltr'><em>θεὸς</em></span> <span class='ocrx_word' id='word_1_96' title='bbox 322 958 398 1017; x_wconf 83' lang='grc' dir='ltr'><em>εἰς</em></span> <span class='ocrx_word' id='word_1_97' title='bbox 432 952 536 1022; x_wconf 83' lang='grc' dir='ltr'><em>τὴν</em></span> <span class='ocrx_word' id='word_1_98' title='bbox 573 954 632 1007; x_wconf 86' lang='grc' dir='ltr'><em>έκ</em></span> <span class='ocrx_word' id='word_1_99' title='bbox 667 959 763 1022; x_wconf 86' lang='grc' dir='ltr'><em>τῆς</em></span> <span class='ocrx_word' id='word_1_100' title='bbox 799 957 1006 1016; x_wconf 81' lang='grc' dir='ltr'><em>κοιλίας</em></span> <span class='ocrx_word' id='word_1_101' title='bbox 1043 953 1129 1006; x_wconf 82' lang='grc' dir='ltr'><em>ε’πὶ</em></span> <span class='ocrx_word' id='word_1_102' title='bbox 1165 951 1261 1015; x_wconf 79' lang='grc' dir='ltr'><em>τὰς</em></span> <span class='ocrx_word' id='word_1_103' title='bbox 1289 953 1497 1023; x_wconf 85' lang='grc' dir='ltr'><em>φλέβας</em></span> <span class='ocrx_word' id='word_1_104' title='bbox 1524 950 1773 1023; x_wconf 76' lang='grc' dir='ltr'><em>ὑδρείαν,</em></span> 
     </span>
     <span class='ocr_line' id='line_1_13' title="bbox 89 1027 1775 1105; baseline -0.001 -15"><span class='ocrx_word' id='word_1_105' title='bbox 89 1038 302 1105; x_wconf 85' lang='grc' dir='ltr'><em>πλέγμα</em></span> <span class='ocrx_word' id='word_1_106' title='bbox 321 1037 377 1100; x_wconf 78' lang='grc' dir='ltr'><em>ἐξ</em></span> <span class='ocrx_word' id='word_1_107' title='bbox 403 1034 564 1103; x_wconf 90' lang='grc' dir='ltr'><em>ἀέρος</em></span> <span class='ocrx_word' id='word_1_108' title='bbox 598 1036 688 1088; x_wconf 82' lang='grc' dir='ltr'><em>καὶ</em></span> <span class='ocrx_word' id='word_1_109' title='bbox 720 1033 895 1102; x_wconf 87' lang='grc' dir='ltr'><em>πυρὸς</em></span> <span class='ocrx_word' id='word_1_110' title='bbox 924 1027 1043 1087; x_wconf 86' lang='grc' dir='ltr'><em>οἷον</em></span> <span class='ocrx_word' id='word_1_111' title='bbox 1074 1036 1131 1087; x_wconf 79' lang='grc' dir='ltr'><em>οἱ</em></span> <span class='ocrx_word' id='word_1_112' title='bbox 1161 1032 1356 1103; x_wconf 82' lang='grc' dir='ltr'><em>κ’ύρτοι</em></span> <span class='ocrx_word' id='word_1_113' title='bbox 1380 1032 1775 1104; x_wconf 82' lang='grc' dir='ltr'><em>ξυνυφηνάμε-</em></span> 
     </span>
     <span class='ocr_line' id='line_1_14' title="bbox 89 1106 1775 1185; baseline 0 -14"><span class='ocrx_word' id='word_1_114' title='bbox 89 1137 203 1185; x_wconf 85' lang='grc' dir='ltr'><em>νος,</em></span> <span class='ocrx_word' id='word_1_115' title='bbox 224 1119 390 1170; x_wconf 80' lang='grc' dir='ltr'><em>διπλοῖ</em></span> <span class='ocrx_word' id='word_1_116' title='bbox 409 1113 547 1170; x_wconf 82' lang='grc' dir='ltr'><em>κατὰ</em></span> <span class='ocrx_word' id='word_1_117' title='bbox 576 1113 679 1184; x_wconf 90' lang='grc' dir='ltr'><em>τὴν</em></span> <span class='ocrx_word' id='word_1_118' title='bbox 701 1118 921 1170; x_wconf 77' lang='grc' dir='ltr'><em>εἴσοδον</em></span> <span class='ocrx_word' id='word_1_119' title='bbox 958 1114 1219 1183; x_wconf 81' lang='grc' dir='ltr'><em>ἐγκύρτια</em></span> <span class='ocrx_word' id='word_1_120' title='bbox 1249 1118 1392 1183; x_wconf 86' lang='grc' dir='ltr'><em>ἔχον,</em></span> <span class='ocrx_word' id='word_1_121' title='bbox 1430 1106 1511 1169; x_wconf 74' lang='grc' dir='ltr'><em>ὦν</em></span> <span class='ocrx_word' id='word_1_122' title='bbox 1527 1114 1775 1185; x_wconf 85' lang='grc' dir='ltr'><em>θάτερον</em></span> 
     </span>
     <span class='ocr_line' id='line_1_15' title="bbox 88 1190 1773 1268; baseline 0.001 -18"><span class='ocrx_word' id='word_1_123' title='bbox 88 1190 161 1251; x_wconf 86' lang='grc' dir='ltr'><em>αὖ</em></span> <span class='ocrx_word' id='word_1_124' title='bbox 193 1197 358 1251; x_wconf 82' lang='grc' dir='ltr'><em>πάλιν</em></span> <span class='ocrx_word' id='word_1_125' title='bbox 387 1198 630 1260; x_wconf 81' lang='grc' dir='ltr'><em>διέπλεξε</em></span> <span class='ocrx_word' id='word_1_126' title='bbox 652 1199 907 1263; x_wconf 89' lang='grc' dir='ltr'><em>δίκρουν·</em></span> <span class='ocrx_word' id='word_1_127' title='bbox 954 1197 1046 1250; x_wconf 84' lang='grc' dir='ltr'><em>καὶ</em></span> <span class='ocrx_word' id='word_1_128' title='bbox 1083 1193 1189 1250; x_wconf 87' lang='grc' dir='ltr'><em>ἀπὸ</em></span> <span class='ocrx_word' id='word_1_129' title='bbox 1223 1202 1336 1250; x_wconf 76' lang='grc' dir='ltr'><em>τῶν</em></span> <span class='ocrx_word' id='word_1_130' title='bbox 1363 1197 1671 1265; x_wconf 82' lang='grc' dir='ltr'><em>ἐγκυρτίων</em></span> <span class='ocrx_word' id='word_1_131' title='bbox 1706 1194 1773 1268; x_wconf 84' lang='grc' dir='ltr'><em>δὴ</em></span> 
     </span>
     <span class='ocr_line' id='line_1_16' title="bbox 90 1272 1775 1348; baseline 0.001 -15"><span class='ocrx_word' id='word_1_132' title='bbox 90 1281 386 1334; x_wconf 85' lang='grc' dir='ltr'><em>διετείνατο</em></span> <span class='ocrx_word' id='word_1_133' title='bbox 438 1272 558 1332; x_wconf 87' lang='grc' dir='ltr'><em>οἷον</em></span> <span class='ocrx_word' id='word_1_134' title='bbox 608 1281 862 1346; x_wconf 88' lang='grc' dir='ltr'><em>σχοίνους</em></span> <span class='ocrx_word' id='word_1_135' title='bbox 901 1277 1089 1348; x_wconf 80' lang='grc' dir='ltr'><em>κύκλῳ</em></span> <span class='ocrx_word' id='word_1_136' title='bbox 1137 1274 1226 1331; x_wconf 77' lang='grc' dir='ltr'><em>διὰ</em></span> <span class='ocrx_word' id='word_1_137' title='bbox 1275 1275 1482 1342; x_wconf 83' lang='grc' dir='ltr'><em>παντὸς</em></span> <span class='ocrx_word' id='word_1_138' title='bbox 1526 1277 1666 1348; x_wconf 85' lang='grc' dir='ltr'><em>πρὸς</em></span> <span class='ocrx_word' id='word_1_139' title='bbox 1707 1277 1775 1334; x_wconf 77' lang='grc' dir='ltr'><em>τὰ</em></span> 
     </span>
     <span class='ocr_line' id='line_1_17' title="bbox 89 1352 1775 1429; baseline 0.001 -16"><span class='ocrx_word' id='word_1_140' title='bbox 89 1362 285 1429; x_wconf 78' lang='grc' dir='ltr'><em>ἔσχατα</em></span> <span class='ocrx_word' id='word_1_141' title='bbox 305 1363 406 1413; x_wconf 90' lang='grc' dir='ltr'><em>τοῦ</em></span> <span class='ocrx_word' id='word_1_142' title='bbox 424 1357 745 1428; x_wconf 86' lang='grc' dir='ltr'><em>πλέγματος.</em></span> <span class='ocrx_word' id='word_1_143' title='bbox 783 1355 849 1412; x_wconf 82' lang='grc' dir='ltr'><em>τά</em></span> <span class='ocrx_word' id='word_1_144' title='bbox 872 1359 974 1428; x_wconf 81' lang='grc' dir='ltr'><em>μὲν</em></span> <span class='ocrx_word' id='word_1_145' title='bbox 1004 1352 1109 1412; x_wconf 80' lang='grc' dir='ltr'><em>οὖν</em></span> <span class='ocrx_word' id='word_1_146' title='bbox 1130 1361 1295 1413; x_wconf 83' lang='grc' dir='ltr'><em>ἔνδον</em></span> <span class='ocrx_word' id='word_1_147' title='bbox 1332 1359 1391 1413; x_wconf 84' lang='grc' dir='ltr'><em>ἐκ</em></span> <span class='ocrx_word' id='word_1_148' title='bbox 1413 1359 1590 1428; x_wconf 82' lang='grc' dir='ltr'><em>πυρὸς</em></span> <span class='ocrx_word' id='word_1_149' title='bbox 1609 1377 1775 1415; x_wconf 90' lang='grc' dir='ltr'><em>συνε-</em></span> 
     </span>
     <span class='ocr_line' id='line_1_18' title="bbox 92 1437 1846 1510; baseline 0.001 -16"><span class='ocrx_word' id='word_1_150' title='bbox 92 1439 329 1509; x_wconf 85' lang='grc' dir='ltr'><em>στήσατο</em></span> <span class='ocrx_word' id='word_1_151' title='bbox 365 1444 468 1494; x_wconf 87' lang='grc' dir='ltr'><em>τοῦ</em></span> <span class='ocrx_word' id='word_1_152' title='bbox 503 1438 790 1494; x_wconf 80' lang='grc' dir='ltr'><em>πλοκάνου</em></span> <span class='ocrx_word' id='word_1_153' title='bbox 826 1437 1061 1507; x_wconf 80' lang='grc' dir='ltr'><em>ἅπαντα,</em></span> <span class='ocrx_word' id='word_1_154' title='bbox 1105 1437 1171 1493; x_wconf 79' lang='grc' dir='ltr'><em>τὰ</em></span> <span class='ocrx_word' id='word_1_155' title='bbox 1212 1437 1264 1494; x_wconf 84' lang='grc' dir='ltr'><em>δ’</em></span> <span class='ocrx_word' id='word_1_156' title='bbox 1307 1440 1566 1510; x_wconf 86' lang='grc' dir='ltr'><em>ἐγκύρτια</em></span> <span class='ocrx_word' id='word_1_157' title='bbox 1599 1444 1690 1496; x_wconf 84' lang='grc' dir='ltr'><em>καὶ</em></span> <span class='ocrx_word' id='word_1_158' title='bbox 1714 1438 1775 1495; x_wconf 85' lang='grc' dir='ltr'><em>τὸ</em></span> <span class='ocrx_word' id='word_1_159' title='bbox 1814 1446 1846 1489; x_wconf 86' lang='lat' dir='ltr'>G</span> 
     </span>
     <span class='ocr_line' id='line_1_19' title="bbox 90 1518 1776 1596; baseline 0.002 -20"><span class='ocrx_word' id='word_1_160' title='bbox 90 1522 255 1585; x_wconf 86' lang='grc' dir='ltr'><em>κύτος</em></span> <span class='ocrx_word' id='word_1_161' title='bbox 273 1518 543 1591; x_wconf 77' lang='grc' dir='ltr'><em>ἀεροειδῆ,</em></span> <span class='ocrx_word' id='word_1_162' title='bbox 564 1523 656 1577; x_wconf 84' lang='grc' dir='ltr'><em>καὶ</em></span> <span class='ocrx_word' id='word_1_163' title='bbox 675 1520 863 1593; x_wconf 73' lang='grc' dir='ltr'><em>λαβών</em></span> <span class='ocrx_word' id='word_1_164' title='bbox 885 1520 1019 1576; x_wconf 81' lang='grc' dir='ltr'><em>αὐτὸ</em></span> <span class='ocrx_word' id='word_1_165' title='bbox 1036 1523 1356 1592; x_wconf 85' lang='grc' dir='ltr'><em>περιέστησε</em></span> <span class='ocrx_word' id='word_1_166' title='bbox 1376 1530 1454 1596; x_wconf 79' lang='grc' dir='ltr'><em>τῷ</em></span> <span class='ocrx_word' id='word_1_167' title='bbox 1473 1526 1776 1579; x_wconf 86' lang='grc' dir='ltr'><em>πλασθέντι</em></span> 
     </span>
     <span class='ocr_line' id='line_1_20' title="bbox 89 1601 1775 1677; baseline 0.001 -19"><span class='ocrx_word' id='word_1_168' title='bbox 89 1602 207 1677; x_wconf 62' lang='lat' dir='ltr'><em>{dep</em></span> <span class='ocrx_word' id='word_1_169' title='bbox 227 1602 438 1671; x_wconf 78' lang='grc' dir='ltr'><em>τρόπον</em></span> <span class='ocrx_word' id='word_1_170' title='bbox 456 1601 686 1658; x_wconf 86' lang='grc' dir='ltr'><em>τοιόνδε.</em></span> <span class='ocrx_word' id='word_1_171' title='bbox 726 1602 786 1658; x_wconf 84' lang='grc' dir='ltr'><em>τὸ</em></span> <span class='ocrx_word' id='word_1_172' title='bbox 808 1603 911 1674; x_wconf 76' lang='grc' dir='ltr'><em>μὲν</em></span> <span class='ocrx_word' id='word_1_173' title='bbox 928 1609 1040 1658; x_wconf 79' lang='grc' dir='ltr'><em>τῶν</em></span> <span class='ocrx_word' id='word_1_174' title='bbox 1070 1606 1376 1674; x_wconf 86' lang='grc' dir='ltr'><em>ἐγκυρτίων</em></span> <span class='ocrx_word' id='word_1_175' title='bbox 1410 1609 1486 1669; x_wconf 84' lang='grc' dir='ltr'><em>εἰς</em></span> <span class='ocrx_word' id='word_1_176' title='bbox 1512 1603 1574 1659; x_wconf 84' lang='grc' dir='ltr'><em>τὸ</em></span> <span class='ocrx_word' id='word_1_177' title='bbox 1599 1604 1775 1675; x_wconf 86' lang='grc' dir='ltr'><em>στόμα</em></span> 
     </span>
     <span class='ocr_line' id='line_1_21' title="bbox 90 1683 1777 1757; baseline 0.002 -18"><span class='ocrx_word' id='word_1_178' title='bbox 90 1690 326 1754; x_wconf 82' lang='grc' dir='ltr'><em>μεθῆκε·</em></span> <span class='ocrx_word' id='word_1_179' title='bbox 363 1688 563 1740; x_wconf 83' lang='grc' dir='ltr'><em>διπλοῦ</em></span> <span class='ocrx_word' id='word_1_180' title='bbox 585 1683 645 1739; x_wconf 73' lang='grc' dir='ltr'><em>δὲ</em></span> <span class='ocrx_word' id='word_1_181' title='bbox 679 1683 840 1749; x_wconf 81' lang='grc' dir='ltr'><em>ὄντος</em></span> <span class='ocrx_word' id='word_1_182' title='bbox 877 1683 1052 1739; x_wconf 79' lang='grc' dir='ltr'><em>αὐτοῦ</em></span> <span class='ocrx_word' id='word_1_183' title='bbox 1082 1685 1219 1739; x_wconf 86' lang='grc' dir='ltr'><em>κατά</em></span> <span class='ocrx_word' id='word_1_184' title='bbox 1240 1685 1343 1755; x_wconf 76' lang='grc' dir='ltr'><em>μὲν</em></span> <span class='ocrx_word' id='word_1_185' title='bbox 1378 1685 1478 1750; x_wconf 79' lang='grc' dir='ltr'><em>τὰς</em></span> <span class='ocrx_word' id='word_1_186' title='bbox 1514 1683 1777 1757; x_wconf 77' lang='grc' dir='ltr'><em>ἀρτηρίας</em></span> 
     </span>
     <span class='ocr_line' id='line_1_22' title="bbox 91 1763 1776 1837; baseline 0.002 -18"><span class='ocrx_word' id='word_1_187' title='bbox 91 1769 167 1830; x_wconf 83' lang='grc' dir='ltr'><em>είς</em></span> <span class='ocrx_word' id='word_1_188' title='bbox 184 1764 285 1819; x_wconf 85' lang='grc' dir='ltr'><em>τὸν</em></span> <span class='ocrx_word' id='word_1_189' title='bbox 302 1765 589 1835; x_wconf 85' lang='grc' dir='ltr'><em>πλεύμονα</em></span> <span class='ocrx_word' id='word_1_190' title='bbox 609 1772 824 1836; x_wconf 86' lang='grc' dir='ltr'><em>καθῆκε</em></span> <span class='ocrx_word' id='word_1_191' title='bbox 851 1765 1123 1837; x_wconf 81' lang='grc' dir='ltr'><em>θάτερον,</em></span> <span class='ocrx_word' id='word_1_192' title='bbox 1154 1766 1214 1820; x_wconf 82' lang='grc' dir='ltr'><em>τὸ</em></span> <span class='ocrx_word' id='word_1_193' title='bbox 1250 1763 1303 1820; x_wconf 89' lang='grc' dir='ltr'><em>δ’</em></span> <span class='ocrx_word' id='word_1_194' title='bbox 1328 1769 1404 1831; x_wconf 86' lang='grc' dir='ltr'><em>εἰς</em></span> <span class='ocrx_word' id='word_1_195' title='bbox 1430 1764 1532 1837; x_wconf 88' lang='grc' dir='ltr'><em>τὴν</em></span> <span class='ocrx_word' id='word_1_196' title='bbox 1560 1774 1776 1823; x_wconf 84' lang='grc' dir='ltr'><em>κοιλίαν</em></span> 
     </span>
     <span class='ocr_line' id='line_1_23' title="bbox 91 1843 1775 1919; baseline 0.002 -19"><span class='ocrx_word' id='word_1_197' title='bbox 91 1845 239 1916; x_wconf 82' lang='grc' dir='ltr'><em>παρὰ</em></span> <span class='ocrx_word' id='word_1_198' title='bbox 259 1844 356 1911; x_wconf 72' lang='grc' dir='ltr'><em>τὰς</em></span> <span class='ocrx_word' id='word_1_199' title='bbox 373 1843 658 1918; x_wconf 85' lang='grc' dir='ltr'><em>ἀρτηρίας·</em></span> <span class='ocrx_word' id='word_1_200' title='bbox 697 1845 757 1902; x_wconf 86' lang='grc' dir='ltr'><em>τὸ</em></span> <span class='ocrx_word' id='word_1_201' title='bbox 790 1845 843 1902; x_wconf 89' lang='grc' dir='ltr'><em>δ’</em></span> <span class='ocrx_word' id='word_1_202' title='bbox 866 1849 1054 1918; x_wconf 83' lang='grc' dir='ltr'><em>ἕτερον</em></span> <span class='ocrx_word' id='word_1_203' title='bbox 1085 1855 1272 1918; x_wconf 88' lang='grc' dir='ltr'><em>σχίσας</em></span> <span class='ocrx_word' id='word_1_204' title='bbox 1303 1846 1363 1903; x_wconf 89' lang='grc' dir='ltr'>τό</span> <span class='ocrx_word' id='word_1_205' title='bbox 1397 1851 1561 1919; x_wconf 87' lang='grc' dir='ltr'><em>μέρος</em></span> <span class='ocrx_word' id='word_1_206' title='bbox 1588 1848 1775 1904; x_wconf 79' lang='grc' dir='ltr'><em>ἑκάτε-</em></span> 
     </span>
    </p>

    <p class='ocr_par' dir='ltr' id='par_1_6' title="bbox 12 1924 1776 2001">
     <span class='ocr_line' id='line_1_24' title="bbox 12 1924 1776 2001; baseline 0.002 -19"><span class='ocrx_word' id='word_1_207' title='bbox 12 1950 18 1955; x_wconf 82' lang='grc'><em>·</em></span> <span class='ocrx_word' id='word_1_208' title='bbox 90 1948 193 1997; x_wconf 87' lang='grc' dir='ltr'><em>ρον</em></span> <span class='ocrx_word' id='word_1_209' title='bbox 213 1925 349 1982; x_wconf 82' lang='grc' dir='ltr'><em>κατὰ</em></span> <span class='ocrx_word' id='word_1_210' title='bbox 370 1926 500 1991; x_wconf 83' lang='grc' dir='ltr'><em>τούς</em></span> <span class='ocrx_word' id='word_1_211' title='bbox 521 1924 745 1997; x_wconf 77' lang='grc' dir='ltr'><em>ὀχετοὺς</em></span> <span class='ocrx_word' id='word_1_212' title='bbox 764 1935 859 1999; x_wconf 86' lang='grc' dir='ltr'><em>τῆς</em></span> <span class='ocrx_word' id='word_1_213' title='bbox 877 1929 1030 2001; x_wconf 80' lang='grc' dir='ltr'><em>ῥινὸς</em></span> <span class='ocrx_word' id='word_1_214' title='bbox 1057 1926 1238 1999; x_wconf 85' lang='grc' dir='ltr'><em>ἀφῆκε</em></span> <span class='ocrx_word' id='word_1_215' title='bbox 1268 1928 1476 1999; x_wconf 90' lang='grc' dir='ltr'><em>κοινόν,</em></span> <span class='ocrx_word' id='word_1_216' title='bbox 1511 1927 1657 1985; x_wconf 69' lang='grc' dir='ltr'><em>ὥσθ’</em></span> <span class='ocrx_word' id='word_1_217' title='bbox 1683 1928 1776 1985; x_wconf 79' lang='grc' dir='ltr'><em>ὅτε</em></span> 
     </span>
    </p>

    <p class='ocr_par' dir='ltr' id='par_1_7' title="bbox 11 2006 1843 2162">
     <span class='ocr_line' id='line_1_25' title="bbox 11 2006 1843 2079; baseline -0.001 -16"><span class='ocrx_word' id='word_1_218' title='bbox 11 2022 19 2033; x_wconf 82' lang='grc'>·</span> <span class='ocrx_word' id='word_1_219' title='bbox 89 2006 320 2079; x_wconf 81' lang='grc' dir='ltr'><em>μὴκατὰ</em></span> <span class='ocrx_word' id='word_1_220' title='bbox 340 2008 516 2078; x_wconf 84' lang='grc' dir='ltr'><em>στόμα</em></span> <span class='ocrx_word' id='word_1_221' title='bbox 535 2017 609 2064; x_wconf 79' lang='grc' dir='ltr'><em>ἴοι</em></span> <span class='ocrx_word' id='word_1_222' title='bbox 630 2008 890 2079; x_wconf 81' lang='grc' dir='ltr'><em>θάτερον,</em></span> <span class='ocrx_word' id='word_1_223' title='bbox 913 2012 971 2065; x_wconf 85' lang='grc' dir='ltr'><em>ἐκ</em></span> <span class='ocrx_word' id='word_1_224' title='bbox 993 2009 1196 2065; x_wconf 86' lang='grc' dir='ltr'><em>τούτου</em></span> <span class='ocrx_word' id='word_1_225' title='bbox 1217 2010 1397 2066; x_wconf 80' lang='grc' dir='ltr'><em>πάντα</em></span> <span class='ocrx_word' id='word_1_226' title='bbox 1427 2012 1517 2066; x_wconf 86' lang='grc' dir='ltr'><em>καὶ</em></span> <span class='ocrx_word' id='word_1_227' title='bbox 1537 2009 1603 2066; x_wconf 79' lang='grc' dir='ltr'><em>τὰ</em></span> <span class='ocrx_word' id='word_1_228' title='bbox 1632 2012 1776 2068; x_wconf 83' lang='grc' dir='ltr'><em>ἐκεί-</em></span> <span class='ocrx_word' id='word_1_229' title='bbox 1807 2021 1843 2062; x_wconf 90' lang='lat' dir='ltr'>D</span> 
     </span>
     <span class='ocr_line' id='line_1_26' title="bbox 89 2089 1776 2162; baseline 0.001 -16"><span class='ocrx_word' id='word_1_230' title='bbox 89 2110 196 2146; x_wconf 88' lang='grc' dir='ltr'><em>νου</em></span> <span class='ocrx_word' id='word_1_231' title='bbox 238 2089 482 2159; x_wconf 71' lang='grc' dir='ltr'><em>ῥεύματα</em></span> <span class='ocrx_word' id='word_1_232' title='bbox 527 2089 1009 2162; x_wconf 86' lang='grc' dir='ltr'><em>ἀναπληροῦσθαι.</em></span> <span class='ocrx_word' id='word_1_233' title='bbox 1066 2090 1126 2147; x_wconf 87' lang='grc' dir='ltr'><em>τὸ</em></span> <span class='ocrx_word' id='word_1_234' title='bbox 1179 2089 1230 2145; x_wconf 81' lang='grc' dir='ltr'><em>δ’</em></span> <span class='ocrx_word' id='word_1_235' title='bbox 1279 2093 1412 2147; x_wconf 82' lang='grc' dir='ltr'><em>ἄλλο</em></span> <span class='ocrx_word' id='word_1_236' title='bbox 1462 2092 1629 2157; x_wconf 85' lang='grc' dir='ltr'><em>κύτος</em></span> <span class='ocrx_word' id='word_1_237' title='bbox 1673 2098 1776 2148; x_wconf 87' lang='grc' dir='ltr'><em>τοῦ</em></span> 
     </span>
    </p>

    <p class='ocr_par' dir='ltr' id='par_1_8' title="bbox 15 2169 1776 2244">
     <span class='ocr_line' id='line_1_27' title="bbox 15 2169 1776 2244; baseline 0.003 -19"><span class='ocrx_word' id='word_1_238' title='bbox 15 2175 21 2178; x_wconf 66' lang='grc'><strong><em>’</em></strong></span> <span class='ocrx_word' id='word_1_239' title='bbox 91 2169 304 2239; x_wconf 86' lang='grc' dir='ltr'><em>κύρτου</em></span> <span class='ocrx_word' id='word_1_240' title='bbox 322 2169 529 2240; x_wconf 81' lang='grc' dir='ltr'><em>περὶτὰ</em></span> <span class='ocrx_word' id='word_1_241' title='bbox 552 2178 709 2243; x_wconf 80' lang='grc' dir='ltr'><em>σῶμα</em></span> <span class='ocrx_word' id='word_1_242' title='bbox 747 2171 884 2228; x_wconf 84' lang='grc' dir='ltr'><em>ὅσον</em></span> <span class='ocrx_word' id='word_1_243' title='bbox 913 2180 1103 2228; x_wconf 85' lang='grc' dir='ltr'><em>κοῖλον</em></span> <span class='ocrx_word' id='word_1_244' title='bbox 1131 2170 1291 2244; x_wconf 75' lang='grc' dir='ltr'><em>ἡμῶν</em></span> <span class='ocrx_word' id='word_1_245' title='bbox 1319 2177 1646 2244; x_wconf 85' lang='grc' dir='ltr'><em>περιέφυσε,</em></span> <span class='ocrx_word' id='word_1_246' title='bbox 1684 2175 1776 2230; x_wconf 83' lang='grc' dir='ltr'><em>καὶ</em></span> 
     </span>
    </p>

    <p class='ocr_par' dir='ltr' id='par_1_9' title="bbox 0 2251 1774 2327">
     <span class='ocr_line' id='line_1_28' title="bbox 89 2251 1774 2327; baseline 0.003 -20.699"><span class='ocrx_word' id='word_1_247' title='bbox 89 2257 201 2307; x_wconf 81' lang='grc' dir='ltr'><em>πᾶν</em></span> <span class='ocrx_word' id='word_1_248' title='bbox 222 2251 289 2322; x_wconf 81' lang='grc' dir='ltr'><em>δὴ</em></span> <span class='ocrx_word' id='word_1_249' title='bbox 317 2258 480 2307; x_wconf 87' lang='grc' dir='ltr'><em>τοῦτο</em></span> <span class='ocrx_word' id='word_1_250' title='bbox 502 2256 622 2309; x_wconf 79' lang='grc' dir='ltr'><em>τοτὲ</em></span> <span class='ocrx_word' id='word_1_251' title='bbox 641 2254 742 2323; x_wconf 75' lang='grc' dir='ltr'><em>μὲν</em></span> <span class='ocrx_word' id='word_1_252' title='bbox 761 2260 837 2319; x_wconf 80' lang='grc' dir='ltr'><em>εἰς</em></span> <span class='ocrx_word' id='word_1_253' title='bbox 859 2255 925 2309; x_wconf 79' lang='grc' dir='ltr'><em>τα</em></span> <span class='ocrx_word' id='word_1_254' title='bbox 956 2254 1216 2325; x_wconf 84' lang='grc' dir='ltr'><em>έγκύρτια</em></span> <span class='ocrx_word' id='word_1_255' title='bbox 1245 2258 1468 2326; x_wconf 80' lang='grc' dir='ltr'><em>ξυρρεῑν</em></span> <span class='ocrx_word' id='word_1_256' title='bbox 1496 2261 1774 2327; x_wconf 73' lang='grc' dir='ltr'><em>μαλακαῖς,</em></span> 
     </span>
    </p>

    <p class='ocr_par' dir='ltr' id='par_1_10' title="bbox 2 2330 1773 2410">
     <span class='ocr_line' id='line_1_29' title="bbox 2 2330 1773 2410; baseline 0.004 -24"><span class='ocrx_word' id='word_1_257' title='bbox 2 2332 8 2380; x_wconf 67' lang='grc'>1</span> <span class='ocrx_word' id='word_1_258' title='bbox 89 2333 185 2387; x_wconf 78' lang='grc' dir='ltr'><em>ἅτε</em></span> <span class='ocrx_word' id='word_1_259' title='bbox 205 2330 339 2402; x_wconf 79' lang='grc' dir='ltr'><em>ἀέρα</em></span> <span class='ocrx_word' id='word_1_260' title='bbox 359 2332 510 2403; x_wconf 86' lang='grc' dir='ltr'><em>ὄντα,</em></span> <span class='ocrx_word' id='word_1_261' title='bbox 531 2336 766 2405; x_wconf 81' lang='grc' dir='ltr'><em>ἐποίησε,</em></span> <span class='ocrx_word' id='word_1_262' title='bbox 788 2335 906 2391; x_wconf 78' lang='grc' dir='ltr'><em>τοτὲ</em></span> <span class='ocrx_word' id='word_1_263' title='bbox 927 2338 985 2393; x_wconf 77' lang='grc' dir='ltr'><em>δὲ</em></span> <span class='ocrx_word' id='word_1_264' title='bbox 1005 2335 1270 2408; x_wconf 83' lang='grc' dir='ltr'><em>ἀναρρεῑν</em></span> <span class='ocrx_word' id='word_1_265' title='bbox 1288 2338 1389 2409; x_wconf 74' lang='grc' dir='ltr'><em>μὲν</em></span> <span class='ocrx_word' id='word_1_266' title='bbox 1409 2337 1475 2393; x_wconf 83' lang='grc' dir='ltr'><em>τά</em></span> <span class='ocrx_word' id='word_1_267' title='bbox 1496 2338 1773 2410; x_wconf 85' lang='grc' dir='ltr'><em>έγκύρτια,</em></span> 
     </span>
    </p>

    <p class='ocr_par' dir='ltr' id='par_1_11' title="bbox 3 2412 1775 2490">
     <span class='ocr_line' id='line_1_30' title="bbox 3 2412 1775 2490; baseline 0.005 -23"><span class='ocrx_word' id='word_1_268' title='bbox 3 2415 32 2475; x_wconf 71' lang='lat'><em>⁵}</em></span> <span class='ocrx_word' id='word_1_269' title='bbox 88 2412 150 2468; x_wconf 88' lang='grc' dir='ltr'><strong><em>τὸ</em></strong></span> <span class='ocrx_word' id='word_1_270' title='bbox 174 2412 232 2469; x_wconf 76' lang='grc' dir='ltr'><em>δὲ</em></span> <span class='ocrx_word' id='word_1_271' title='bbox 252 2415 483 2485; x_wconf 80' lang='grc' dir='ltr'><em>πλέγμα,</em></span> <span class='ocrx_word' id='word_1_272' title='bbox 507 2413 577 2479; x_wconf 79' lang='grc' dir='ltr'><em>ὥς</em></span> <span class='ocrx_word' id='word_1_273' title='bbox 597 2414 757 2480; x_wconf 87' lang='grc' dir='ltr'><em>ὄντος</em></span> <span class='ocrx_word' id='word_1_274' title='bbox 778 2424 879 2472; x_wconf 82' lang='grc' dir='ltr'><em>τοῦ</em></span> <span class='ocrx_word' id='word_1_275' title='bbox 897 2418 1147 2489; x_wconf 76' lang='grc' dir='ltr'><em>σώματος</em></span> <span class='ocrx_word' id='word_1_276' title='bbox 1165 2426 1366 2490; x_wconf 86' lang='grc' dir='ltr'><em>μανοῦ,</em></span> <span class='ocrx_word' id='word_1_277' title='bbox 1389 2419 1627 2476; x_wconf 85' lang='grc' dir='ltr'><em>δύεσθαι</em></span> <span class='ocrx_word' id='word_1_278' title='bbox 1646 2427 1775 2476; x_wconf 68' lang='grc' dir='ltr'><em>εἴσω</em></span> 
     </span>
    </p>

    <p class='ocr_par' dir='ltr' id='par_1_12' title="bbox 5 2492 1776 2573">
     <span class='ocr_line' id='line_1_31' title="bbox 5 2492 1776 2573; baseline 0.005 -23"><span class='ocrx_word' id='word_1_279' title='bbox 5 2492 35 2562; x_wconf 52' lang='grc' dir='ltr'><em>’ἦ</em></span> <span class='ocrx_word' id='word_1_280' title='bbox 91 2495 166 2551; x_wconf 80' lang='grc' dir='ltr'><em>δι’</em></span> <span class='ocrx_word' id='word_1_281' title='bbox 185 2494 362 2551; x_wconf 79' lang='grc' dir='ltr'><em>αὐτοῦ</em></span> <span class='ocrx_word' id='word_1_282' title='bbox 380 2498 469 2552; x_wconf 81' lang='grc' dir='ltr'><em>καὶ</em></span> <span class='ocrx_word' id='word_1_283' title='bbox 488 2497 657 2552; x_wconf 81' lang='grc' dir='ltr'><em>πάλιν</em></span> <span class='ocrx_word' id='word_1_284' title='bbox 681 2502 799 2568; x_wconf 79' lang='grc' dir='ltr'><em>ἔξω,</em></span> <span class='ocrx_word' id='word_1_285' title='bbox 822 2497 918 2564; x_wconf 79' lang='grc' dir='ltr'><em>τὰς</em></span> <span class='ocrx_word' id='word_1_286' title='bbox 944 2501 1002 2556; x_wconf 79' lang='grc' dir='ltr'><em>δὲ</em></span> <span class='ocrx_word' id='word_1_287' title='bbox 1032 2499 1189 2565; x_wconf 78' lang='grc' dir='ltr'><em>ἐντὸς</em></span> <span class='ocrx_word' id='word_1_288' title='bbox 1220 2506 1323 2556; x_wconf 86' lang='grc' dir='ltr'><em>τοῦ</em></span> <span class='ocrx_word' id='word_1_289' title='bbox 1346 2502 1525 2573; x_wconf 84' lang='grc' dir='ltr'><em>πυρὸς</em></span> <span class='ocrx_word' id='word_1_290' title='bbox 1553 2499 1776 2566; x_wconf 85' lang='grc' dir='ltr'><em>ἀκτῖνας</em></span> 
     </span>
    </p>

    <p class='ocr_par' dir='ltr' id='par_1_13' title="bbox 7 2574 1828 2735">
     <span class='ocr_line' id='line_1_32' title="bbox 7 2574 1775 2652; baseline 0.001 -17"><span class='ocrx_word' id='word_1_291' title='bbox 7 2596 33 2639; x_wconf 84' lang='grc'><strong><em>’..-</em></strong></span> <span class='ocrx_word' id='word_1_292' title='bbox 91 2580 478 2647; x_wconf 80' lang='grc' dir='ltr'><em>διαδεδεμένας</em></span> <span class='ocrx_word' id='word_1_293' title='bbox 508 2574 847 2635; x_wconf 75' lang='grc' dir='ltr'><em>ἀκολουθεῖν</em></span> <span class='ocrx_word' id='word_1_294' title='bbox 873 2577 964 2648; x_wconf 83' lang='grc' dir='ltr'><em>ἐφ’</em></span> <span class='ocrx_word' id='word_1_295' title='bbox 986 2580 1215 2652; x_wconf 79' lang='grc' dir='ltr'><em>ἑκάτερα</em></span> <span class='ocrx_word' id='word_1_296' title='bbox 1253 2581 1434 2646; x_wconf 81' lang='grc' dir='ltr'><em>ἰόντος</em></span> <span class='ocrx_word' id='word_1_297' title='bbox 1462 2587 1563 2637; x_wconf 86' lang='grc' dir='ltr'><em>τοῦ</em></span> <span class='ocrx_word' id='word_1_298' title='bbox 1595 2579 1775 2652; x_wconf 81' lang='grc' dir='ltr'><em>ἀέρος,</em></span> 
     </span>
     <span class='ocr_line' id='line_1_33' title="bbox 88 2655 1828 2735; baseline 0.003 -21"><span class='ocrx_word' id='word_1_299' title='bbox 88 2660 180 2715; x_wconf 77' lang='grc' dir='ltr'><em>καὶ</em></span> <span class='ocrx_word' id='word_1_300' title='bbox 199 2665 382 2728; x_wconf 83' lang='grc' dir='ltr'><em>τοῦτο,</em></span> <span class='ocrx_word' id='word_1_301' title='bbox 412 2659 624 2728; x_wconf 77' lang='grc' dir='ltr'><em>ἕωσπερ</em></span> <span class='ocrx_word' id='word_1_302' title='bbox 643 2655 715 2715; x_wconf 76' lang='grc' dir='ltr'><em>ἀν</em></span> <span class='ocrx_word' id='word_1_303' title='bbox 734 2659 793 2715; x_wconf 72' lang='lat' dir='ltr'><em>vd</em></span> <span class='ocrx_word' id='word_1_304' title='bbox 816 2660 1030 2732; x_wconf 86' lang='grc' dir='ltr'><em>θνητὸν</em></span> <span class='ocrx_word' id='word_1_305' title='bbox 1049 2662 1354 2735; x_wconf 81' lang='grc' dir='ltr'><em>ξυνεστήκῃ</em></span> <span class='ocrx_word' id='word_1_306' title='bbox 1374 2667 1530 2734; x_wconf 77' lang='grc' dir='ltr'><em>ζῶον,</em></span> <span class='ocrx_word' id='word_1_307' title='bbox 1554 2661 1627 2734; x_wconf 83' lang='grc' dir='ltr'><em>μὴ</em></span> <span class='ocrx_word' id='word_1_308' title='bbox 1647 2666 1770 2719; x_wconf 81' lang='grc' dir='ltr'><em>δια-</em></span> <span class='ocrx_word' id='word_1_309' title='bbox 1795 2676 1828 2718; x_wconf 86' lang='grc' dir='ltr'>Ε</span> 
     </span>
    </p>

    <p class='ocr_par' dir='ltr' id='par_1_14' title="bbox 30 2740 1775 2899">
     <span class='ocr_line' id='line_1_34' title="bbox 30 2740 1775 2818; baseline 0.003 -23"><span class='ocrx_word' id='word_1_310' title='bbox 30 2806 35 2811; x_wconf 32' lang='lat'><em>,</em></span> <span class='ocrx_word' id='word_1_311' title='bbox 89 2740 369 2796; x_wconf 85' lang='grc' dir='ltr'><em>παύεσθαι</em></span> <span class='ocrx_word' id='word_1_312' title='bbox 417 2741 772 2812; x_wconf 85' lang='grc' dir='ltr'><em>γιγνόμενον·</em></span> <span class='ocrx_word' id='word_1_313' title='bbox 821 2742 999 2817; x_wconf 75' lang='grc' dir='ltr'><em>τούτῳ</em></span> <span class='ocrx_word' id='word_1_314' title='bbox 1036 2745 1094 2799; x_wconf 78' lang='grc' dir='ltr'><em>δὲ</em></span> <span class='ocrx_word' id='word_1_315' title='bbox 1143 2742 1208 2814; x_wconf 85' lang='grc' dir='ltr'><em>δὴ</em></span> <span class='ocrx_word' id='word_1_316' title='bbox 1248 2750 1323 2818; x_wconf 76' lang='grc' dir='ltr'><em>τῷ</em></span> <span class='ocrx_word' id='word_1_317' title='bbox 1362 2749 1508 2814; x_wconf 85' lang='grc' dir='ltr'><em>γένει</em></span> <span class='ocrx_word' id='word_1_318' title='bbox 1544 2745 1643 2802; x_wconf 85' lang='grc' dir='ltr'><em>τὸν</em></span> <span class='ocrx_word' id='word_1_319' title='bbox 1678 2743 1775 2810; x_wconf 78' lang='grc' dir='ltr'><em>τὰς</em></span> 
     </span>
     <span class='ocr_line' id='line_1_35' title="bbox 89 2821 1772 2899; baseline 0.004 -22"><span class='ocrx_word' id='word_1_320' title='bbox 89 2822 401 2892; x_wconf 73' lang='grc' dir='ltr'><em>ἐπωνυμίας</em></span> <span class='ocrx_word' id='word_1_321' title='bbox 457 2825 699 2892; x_wconf 84' lang='grc' dir='ltr'><em>θέμενον</em></span> <span class='ocrx_word' id='word_1_322' title='bbox 752 2821 1043 2894; x_wconf 79' lang='grc' dir='ltr'><em>ἀναπνοὴν</em></span> <span class='ocrx_word' id='word_1_323' title='bbox 1098 2827 1188 2881; x_wconf 87' lang='grc' dir='ltr'><em>καὶ</em></span> <span class='ocrx_word' id='word_1_324' title='bbox 1242 2825 1488 2898; x_wconf 76' lang='grc' dir='ltr'><em>ἐκπνοὴν</em></span> <span class='ocrx_word' id='word_1_325' title='bbox 1543 2831 1772 2899; x_wconf 85' lang='grc' dir='ltr'><em>λέγομεν</em></span> 
     </span>
    </p>
   </div>
  </div>
 </body>
</html>
