1962 3236
118 131 172 178 17
795 123 1181 172 ΤΙΜΑΙΟΣ.
1699 115 1804 168 335

113 259 463 332 παράδειγμα
498 259 1038 329 δεδημιουργημένος
1081 252 1364 311 ἔσται.τό
1399 251 1508 324 γὰρ
1546 252 1800 322 περιέχον

13 349 27 369 '
113 341 312 412 πάντα,
341 340 522 399 ὁπόσα
558 339 732 413 νοητὰ
762 345 888 409 ζῶα,
917 334 1053 409 μεθ’
1080 338 1271 408 ἑτέρου
1299 334 1561 407 δεύτερον
1591 331 1697 390 οὐκ
1727 331 1800 389 ἅν

113 422 233 481 ποτ’
258 431 372 495 εἴη·
409 425 580 479 πάλιν
603 422 712 494 γὰρ
731 445 803 478 αν
829 423 1021 490 ἕτερον
1048 418 1189 476 εἶναι
1215 418 1277 476 τὸ
1309 420 1435 492 περὶ
1462 421 1654 475 ἐκείνω
1685 418 1800 472 δέοι

113 512 274 576 ζῶον,
296 499 367 561 οὗ
385 511 551 577 μέρος
580 527 652 560 αν
679 511 830 574 εἴτην
854 505 1064 573 ἐκείνω,
1097 505 1188 558 καὶ
1217 500 1320 558 οὐκ
1350 498 1424 558 ἀν
1454 506 1532 558 ἔτι
1561 502 1801 558 ἐκείνοιν

113 586 234 643 ἀλλ’
258 591 448 662 ἐκείνω
466 594 544 660 τῷ
561 587 867 655 περιέχοντι
883 584 1004 639 τόδ’
1025 608 1097 640 αν
1124 583 1569 656 ἀφωμοιωμένον
1588 585 1799 652 λέγοιτο

113 669 437 742 ὀρθότερον.
474 673 566 725 ἵνα
586 689 691 723 ουν
709 666 838 722 τόδε
868 665 1006 722 κατὰ
1033 665 1137 738 τὴν
1165 667 1414 738 μόνωσιν
1442 664 1639 737 ὅμοιον
1666 658 1701 739 ᾖ
1723 669 1800 739 τῷ
1828 681 1861 722 Β

113 760 374 809 παντελεῖ
385 752 522 825 ζώω,
546 748 636 806 διὰ
658 754 831 805 ταῦτα
852 748 980 803 οὔτε
1002 748 1103 804 δύο
1124 747 1244 804 οὔτ’
1268 747 1529 818 ἀπείρους
1547 750 1806 819 ἐποίησεν

113 835 143 892 ὁ
163 842 341 891 ποιῶν
369 834 633 906 κόσμους,
656 830 778 887 ἀλλ’
812 826 888 895 εἷς
913 829 1008 888 ὅδε
1036 831 1344 903 μονογενὴς
1372 828 1616 901 οὐρανὸς
1639 850 1804 900 γεγο-

113 918 224 984 νώς
251 924 365 974 ἔστι
383 940 439 973 τε
468 918 559 973 καὶ
579 914 653 971 ἔτ’
679 919 842 971 ἔσται.

252 1004 358 1054 VII.
396 998 777 1070 Σωματοειδὲς
809 1001 867 1053 δὲ
891 995 957 1067 δὴ
988 999 1079 1052 καὶ
1105 993 1311 1067 ὁρατὸν
1340 992 1518 1050 ἁπτόν
1545 1015 1605 1050 τε
1631 997 1717 1050 δεῖ
1740 988 1800 1048 τὸ

113 1084 420 1155 γενόμενον
442 1082 611 1138 εἶναι’
650 1081 930 1151 χωρισθὲν
950 1082 1007 1136 δὲ
1027 1077 1205 1150 πυρὸς
1233 1076 1400 1134 οὐδὲν
1420 1077 1491 1133 ἄν
1511 1097 1643 1134 ποτε
1668 1075 1807 1147 ὁρα-

113 1168 212 1222 τὸν
239 1170 473 1236 γένοιτο,
504 1162 635 1219 οὐδὲ
668 1161 847 1218 ἁπτὸν
875 1162 1014 1218 ἀνευ
1043 1161 1194 1226 τινὸς
1223 1167 1469 1231 στερεοῦ,
1497 1158 1724 1230 στερεὸν
1744 1161 1805 1215 δὲ

113 1248 217 1304 οὐκ
237 1249 378 1303 ἄνευ
403 1252 530 1317 γῆς·
566 1244 706 1301 ὅθεν
733 1247 792 1300 ἐκ
813 1242 990 1314 πυρὸς
1009 1247 1101 1299 καὶ
1120 1249 1221 1313 γῆς
1249 1241 1310 1299 τὸ
1341 1248 1443 1298 τοῦ
1474 1240 1684 1307 παντὸς
1701 1239 1806 1312 ἀρ-

112 1331 344 1401 χόμενος
363 1326 683 1395 ξυνιστάναι
707 1323 913 1397 σῶμαὸ
936 1323 1074 1390 θεὸς
1095 1327 1277 1380 ἐποίει.
1318 1324 1420 1380 δύο
1442 1324 1501 1380 δὲ
1526 1324 1682 1394 μόνω
1703 1344 1805 1378 κα-

113 1420 220 1477 λῶς
237 1416 601 1479 ξυνίστασθαι
618 1413 808 1479 τρίτου
826 1411 989 1481 χωρὶς
1009 1407 1078 1464 οὐ
1095 1408 1365 1464 δυνατόν·
1389 1404 1595 1478 δεσμὸν
1613 1404 1721 1476 γὰρ
1743 1407 1804 1461 ἐν
1835 1425 1865 1467 c

113 1498 260 1568 μέσῳ
293 1497 381 1549 δεῖ
401 1490 522 1548 τινὰ
550 1491 763 1562 ἀμφοῖν
791 1489 1116 1563 ξυναγωγὸν
1143 1495 1460 1561 γίγνεσθαι·
1501 1490 1721 1559 δεσμῶν
1746 1488 1805 1543 δὲ

112 1577 403 1642 κάλλιστος
421 1571 481 1640 ὃς
498 1569 571 1628 ἀν
591 1570 766 1629 αὑτόν
783 1595 842 1629 τε
871 1572 1047 1630 καὶτὰ
1069 1573 1419 1643 ξυνδούμενα
1438 1570 1470 1627 ὅ
1488 1593 1540 1626 τι
1571 1568 1805 1641 μάλιστα

113 1663 177 1715 ἓν
194 1664 339 1729 ποιῇ.
377 1664 543 1713 τοῦτο
563 1658 622 1712 δὲ
643 1657 892 1727 πέφυκεν
918 1654 1186 1725 ἀναλογία
1204 1655 1469 1710 κάλλιστα
1488 1650 1802 1708 ἀποτελεῖν·

113 1738 323 1796 ὁπόταν
361 1738 467 1809 γὰρ
505 1736 767 1810 ἀρυθμων
796 1760 969 1807 τριων
1002 1746 1107 1793 εἴτε
1140 1736 1327 1807 ὄγκων
1361 1743 1468 1792 εἴτε
1507 1734 1803 1805 δυνάμεων

116 1819 475 1877 ὡντινωνοῦν
506 1813 541 1892 ᾖ
571 1818 631 1875 τὸ
657 1824 850 1917 μέσον,
885 1819 918 1875 ὅ
945 1824 1002 1875 τί
1026 1839 1127 1890 περ
1146 1818 1206 1875 τό
1242 1840 1464 1887 πρωτον
1482 1817 1622 1888 πρὸς
1646 1813 1803 1886 αὐτό,
1832 1827 1892 1873 32

114 1909 276 1958 τοῦτο
297 1900 432 1957 αὐτὸ
454 1901 592 1969 πρὸς
610 1899 671 1957 τό
694 1906 942 1972 ἔσχατον,
956 1905 1047 1957 καὶ
1060 1901 1228 1956 πάλιν
1240 1894 1427 1970 αὖθις,
1442 1898 1474 1955 ὅ
1492 1921 1543 1954 τι
1561 1897 1623 1955 τὸ
1645 1902 1806 1970 ἔσχα-

111 2006 211 2039 τον
233 1981 373 2053 πρὸς
390 1980 450 2037 τὸ
474 1986 664 2053 μέσον,
694 1981 756 2038 τὸ
782 1983 957 2054 μέσον
974 1983 1113 2052 πρὸς
1136 1981 1197 2038 τὰ
1222 1987 1461 2052 πρῶτον,
1482 1979 1604 2037 τότε
1623 1978 1683 2035 τὸ
1706 1982 1803 2050 μέ-

113 2082 215 2121 σον
245 2063 347 2134 μὲν
376 2069 600 2134 πρῶτον
626 2065 718 2120 καὶ
746 2069 978 2135 ἔσχατον
1004 2063 1357 2135 γιγνόμενον,
1382 2060 1444 2118 τὸ
1484 2061 1536 2118 δ’
1575 2066 1806 2133 ἔσχατον

113 2149 203 2202 καὶ
221 2143 284 2201 τὸ
307 2151 528 2213 πρῶτον
551 2139 626 2200 αὖ
645 2147 784 2217 μέσα
804 2143 1110 2217 ἀμφότερα,
1132 2144 1311 2201 πάνθ’
1337 2142 1512 2209 οὕτως
1539 2146 1595 2210 ἐξ
1627 2142 1806 2214 ἀνάγ-

114 2248 215 2298 κης
234 2225 301 2282 τὰ
325 2223 468 2281 αὐτὰ
488 2225 628 2282 εἶναι
647 2227 999 2299 ξυμβήσεται,
1011 2229 1078 2284 τὰ
1099 2225 1238 2283 αὐτὰ
1259 2227 1319 2282 δὲ
1339 2225 1618 2297 γενόμενα
1631 2222 1805 2295 ἀλλή-

114 2316 228 2373 λοις
251 2310 315 2363 ἓν
341 2307 522 2363 πάντα
542 2313 708 2364 ἔσται.
758 2314 809 2365 εἰ
831 2310 936 2380 μὲν
963 2302 1070 2365 οὖν
1099 2311 1358 2366 ἐπίπεδον
1387 2309 1506 2380 μέν,
1536 2307 1718 2380 βάθος
1748 2306 1808 2362 δὲ

113 2391 286 2460 μηδὲν
304 2393 431 2459 ἕχον
454 2392 563 2445 ἔδει
581 2394 874 2460 γίγνεσθαι
892 2389 953 2446 τό
972 2397 1076 2447 τοῦ
1094 2389 1300 2455 παντὸς
1321 2395 1499 2461 σῶμα,
1519 2394 1618 2460 μία
1636 2387 1807 2459 μεσό-

113 2493 208 2540 της
226 2466 298 2525 ἇν
322 2470 532 2541 ἐξήρκει
550 2469 617 2526 τά
641 2493 699 2527 τε
721 2470 854 2542 μεθ’
876 2473 1071 2543 ἑαυτῆς
1095 2476 1314 2538 ξυνδεῖν
1332 2473 1422 2527 καὶ
1442 2470 1669 2541 ἑαυτήν·
1689 2474 1801 2526 νῦν
1834 2483 1865 2523 Β

115 2553 179 2607 δέ
194 2585 265 2595 —·
281 2554 593 2622 στερεοειδῆ
611 2550 718 2622 γὰρ
739 2549 914 2608 αὐτὸν
929 2557 1210 2622 προσῆκεν
1243 2550 1402 2621 εἶναι,
1430 2550 1497 2605 τὰ
1528 2550 1589 2606 δὲ
1609 2547 1803 2620 στερεὰ

112 2638 209 2704 μία
228 2635 331 2705 μὲν
358 2631 640 2704 οὐδέποτε,
665 2634 770 2690 δύο
791 2634 850 2690 δὲ
878 2633 961 2690 ἀεὶ
988 2633 1281 2705 μεσότητες
1302 2633 1801 2704 ξυναρμόττουσιν·

112 2714 260 2770 οὕτω
280 2714 346 2787 δὴ
374 2715 551 2784 πυρός
568 2737 625 2771 τε
655 2716 747 2771 καὶ
775 2722 876 2788 γῆς
903 2715 1057 2784 ὕδωρ
1088 2714 1223 2785 ἀέρα
1250 2736 1308 2771 τε
1338 2712 1367 2771 6
1399 2714 1534 2780 θεὸς
1565 2716 1626 2771 ἐν
1654 2716 1803 2787 μέσῳ

111 2805 249 2868 θείς,
270 2799 359 2854 καὶ
378 2796 519 2867 πρὸς
534 2797 746 2870 ἄλληλα
776 2797 910 2854 καθ’
942 2797 1080 2855 ὅσον
1098 2792 1170 2870 ἦν
1190 2795 1435 2854 δυνατὸν
1455 2795 1561 2853 ἀνά
1582 2795 1683 2854 τὸν
1700 2793 1805 2852 αὐ-
