1962 3236
175 138 242 190 16
769 134 1220 182 ΠΛΑΓῼΝΟΣ

176 273 374 342 λέγεις·
413 275 462 326 εί
480 271 539 326 δὲ
559 266 735 337 ἀληθε
767 262 907 337 Ὗῑμή,
930 264 1259 335 πειράσομαι
1277 273 1495 335 μαθεῖν.
1536 265 1597 322 τὰ
1618 271 1829 337 ξυμφέ-

177 374 281 422 ρον
315 373 417 422 μεν
453 344 587 420 οὖν,
629 351 712 438 ᾧ
729 348 1035 416 ρασύμαχε,
1074 347 1165 400 καὶ
1197 344 1268 399 σὺ
1298 344 1578 417 ἀπεκρίνω
1615 350 1829 402 δίκαιον

177 432 341 488 εἶναι
381 435 678 499 καίτοι,μοε
718 451 742 482 ε
772 427 1116 497 ἀπηγόρευες
1137 423 1286 491 όπως
1313 425 1387 497 μὴ
1407 433 1572 482 τοῦτο
1593 425 1828 498 ἀποκρι-

119 526 152 567 Β
179 519 404 584 νοίμην·
428 510 683 581 τρόσεστι
704 510 760 564 δε
783 508 848 577 δὴ
874 506 1077 562 αὐτόθι
1099 506 1158 561 τὸ
1180 515 1283 562 τοῦ
1301 515 1628 579 κρείττονος.
1685 516 1830 580 Σμι-

178 593 286 662 κροὲ
304 616 339 645 νυ
363 599 508 660 ἴσως,
527 594 650 659 ἔφη,
675 589 982 659 προσθήκη.
1060 586 1234 643 Οὔπω
1256 593 1428 659 δῆλον
1446 588 1571 644 οὐδ’
1597 595 1647 645 εἰ
1659 589 1832 659 μεγά-

180 683 246 741 λ[·
289 670 410 726 ἀλλ’
446 670 531 725 ὅτι
562 671 665 739 μὲν
684 676 846 724 τοῦτο
869 671 1133 724 σκεπτέον
1153 675 1202 724 εἰ
1218 668 1404 741 ἀληθῆ
1423 673 1621 740 λέγεις,
1645 674 1829 740 δῆλον.

152 749 338 821 ἐπειδὴ
367 751 476 821 γὰρ
508 753 792 821 ξυμφέρον
819 755 885 820 γέ
907 773 958 805 τι
991 750 1128 806 εἶναι
1158 753 1248 807 καὶ
1267 751 1372 823 ἐγώ
1394 750 1646 823 ὁμολογῶ
1665 751 1725 807 τὸ
1749 756 1834 806 δι’-

118 850 346 902 ,καιονζ
379 831 451 888 σύ
480 832 539 888 δὲ
566 838 871 905 προστίθης
890 835 979 888 καὶ
999 830 1131 887 αὐτὸ
1157 832 1266 903 φῂς
1285 831 1426 888 εἶναι
1444 833 1504 888 τὸ
1526 839 1628 888 τοῦ
1648 838 1832 902 κρείτ-

152 937 328 981 τονος,
349 912 456 984 ἐγὼ
479 915 537 969 δὲ
555 911 759 984 ἀγνοῶ,
782 916 1046 969 σκεπτέον
1065 915 1147 984 δή.
1186 914 1428 985 Σκόπει,
1450 918 1574 984 ἔφη.

293 999 425 1050 XIII.
469 993 636 1049 Ταῦτ’
660 998 833 1063 ἔσται,
872 989 944 1064 ἦν
975 994 1025 1048 δ’
1061 995 1183 1064 ἐγώ.
1224 1000 1322 1049 καί
1343 1017 1437 1065 μοι
1468 999 1609 1050 εἰπέ·
1648 992 1716 1049 οὐ
1742 996 1833 1050 καὶ

155 1082 454 1131 πείθεσθαι
473 1079 659 1144 μέντοι
678 1086 790 1138 τοῖς
805 1073 1037 1145 ἄρχουσι
1058 1079 1273 1130 δίκαιον
1290 1074 1400 1147 φῂς
1419 1075 1583 1141 εἷναι;
1606 1075 1831 1145 ’Έγωγέ

95 1174 126 1215 C
156 1156 406 1226 Πότερον
425 1154 484 1209 δὲ
506 1153 879 1226 ἀναμάρτητοί
895 1161 1034 1211 εἰσιν
1054 1160 1110 1211 oc
1125 1155 1383 1226 ἄρχοντες
1404 1159 1463 1211 ἐν
1478 1169 1592 1222 ταῖς
1608 1158 1835 1212 πόλεσιν

155 1236 405 1301 ἑκάσταις
425 1233 462 1306 ἦ
482 1233 592 1291 οἷοί
606 1258 656 1290 τι
675 1239 764 1291 καὶ
785 1235 1075 1307 ἆμαρτεῖν;
1110 1237 1343 1301 Πάντως
1363 1257 1490 1307 που,
1511 1243 1635 1308 ἔφη,
1656 1234 1767 1293 οἶοί
1781 1259 1832 1291 τι

154 1321 246 1374 καὶ
265 1316 545 1388 ἁμαρτεῖν.
583 1315 812 1372 Οὐκοῦν
831 1321 1228 1389 ἐπιχειροῦντες
1246 1319 1453 1390 νόμους
1470 1322 1684 1374 τιθέναι
1702 1318 1832 1383 τοὺς

155 1402 255 1470 μὲν
294 1397 481 1468 ὀρθῶς
516 1402 759 1467 τιθέασι,
808 1397 938 1463 τοὺς
977 1404 1038 1455 δέ
1073 1423 1223 1464 τινας
1260 1398 1363 1456 οὐκ
1401 1401 1612 1471 ὀρθῶς;
1667 1401 1834 1470 Οἶμαι

154 1485 342 1552 ἔγωγε.
395 1481 469 1535 Τὸ
494 1481 552 1536 δὲ
571 1479 759 1547 ὀρθῶς
778 1474 886 1549 ἀρα
905 1481 965 1536 τὸ
987 1481 1050 1537 τοὶ
1072 1484 1423 1553 ξυμφέροντά
1443 1486 1554 1538 ἐστι
1572 1488 1833 1538 τίθεσθαι

157 1565 396 1632 ἑαυτοῖς,
436 1560 496 1616 τὸ
531 1562 590 1617 δὲ
619 1560 692 1632 μὴ
723 1560 909 1632 ὀρθῶς
928 1561 1250 1634 ἀξύμφορα;
1288 1560 1460 1635 ἦπῶς
1478 1567 1678 1640 λέγεις;
1716 1562 1833 1618 Οὕ-

153 1667 273 1710 τως.
333 1642 398 1699 uA
437 1643 490 1699 δ’
523 1640 593 1699 ἀν
633 1652 873 1715 θῶνται,
916 1650 1171 1716 ποιητέον
1206 1658 1318 1709 τοῖς
1355 1645 1703 1716 ἀρχομένοις,
1743 1646 1834 1699 καὶ

153 1727 319 1782 τοῦτό
348 1728 460 1781 ἐστι
487 1724 548 1780 τὸ
581 1729 821 1791 δίκαιον;
856 1733 987 1792 Πῶς
1015 1726 1122 1798 γὰρ
1153 1726 1248 1794 οὕς
1290 1726 1375 1782 Οὐ
1406 1727 1583 1797 μόνον
1611 1726 1719 1796 ἄρα
1749 1730 1832 1780 δί-

90 1821 125 1861 D
155 1807 318 1863 καιόν
349 1810 460 1860 ἐστι
488 1807 625 1861 κατὰ
656 1805 757 1861 τὸν
776 1806 878 1862 σὸν
898 1809 1069 1878 λόγον
1089 1807 1148 1863 τὸ
1170 1815 1272 1863 τοῦ
1293 1816 1604 1877 κρείττονος
1622 1809 1833 1878 ξυμφέ-

155 1911 258 1956 ρον
276 1899 482 1958 ποιεῖυ,
516 1884 655 1943 ἀλλά
674 1889 764 1943 καὶ
783 1887 1113 1944 τούναντίον
1129 1888 1190 1944 τὸ
1212 1889 1286 1960 μὴ
1307 1893 1601 1960 ξυμφέρον.
1663 1895 1732 1944 Τί
1744 1891 1835 1943 λέ-

155 1991 270 2040 γεις
299 1969 397 2032 σῦς
432 1972 554 2039 ἔφη.
600 1967 664 2023 “A
694 1967 764 2023 σὺ
797 1973 995 2040 λέγεις,
1034 1976 1216 2041 ἔμοιγε
1247 1974 1419 2025 δοκεῖ’
1458 1976 1752 2039 σκοπῶμεν
1774 1969 1834 2024 δὲ

154 2057 387 2122 βέλτιον.
431 2048 532 2119 οὐχ
565 2046 913 2119 ὡμολόγηται
939 2048 1070 2114 τούς
1095 2050 1363 2121 ἄρχοντας
1382 2062 1492 2114 τοῖς
1512 2048 1831 2121 ἀρχομένοις

155 2131 596 2200 προστάττοντας
615 2143 793 2186 ποιεῖν
816 2131 949 2186 ἄττα
979 2134 1148 2188 ἐνίοτε
1168 2133 1560 2203 διαμαρτάνειν
1580 2139 1682 2187 τοῦ
1701 2134 1832 2187 ἑαυ-

153 2224 267 2277 τοῖς
283 2218 586 2284 βελτίστου,
609 2209 643 2266 ii
665 2211 713 2266 δ’
739 2210 810 2267 ἂν
826 2214 1237 2283 προστάττωσιν
1253 2218 1311 2270 οἱ
1321 2213 1595 2284 ἄρχοντες,
1619 2218 1833 2269 δίκαιον

156 2293 296 2350 εἶναι
314 2306 427 2358 τοῖς
451 2293 771 2365 ἀρχομένοις
789 2307 992 2361 ποιεῖν;
1014 2294 1170 2350 ταῦτ’
1195 2294 1295 2366 οὐχ
1317 2294 1686 2366 ὦμολόγηται;
1731 2293 1830 2349 Οἷ-

87 2395 123 2436 Ε
156 2398 253 2446 μαι
270 2381 461 2446 ἔγωγε,
483 2380 604 2446 ἔφη.
645 2382 784 2431 Οἴου
802 2382 1009 2447 τοίνυν,
1031 2371 1103 2448 ἦν
1127 2376 1178 2431 δ’
1201 2377 1323 2447 ἐγώ,
1346 2378 1436 2431 καὶ
1455 2374 1515 2431 τὸ
1537 2374 1831 2445 ἀξύμφορα

155 2469 334 2513 ποιεῖν
355 2469 465 2521 τοῖς
483 2457 719 2553 ἄρχουσί
731 2480 789 2513 τε
810 2460 900 2513 και
929 2463 1198 2528 κρείττοσι
1217 2462 1432 2513 δίκαιον
1453 2457 1591 2513 εἶναι
1617 2455 1832 2528 ὡμολο-

155 2543 369 2609 γῆσθαί
394 2557 507 2609 σοι,
545 2537 682 2593 όταν
711 2542 766 2595 οἱ
788 2562 888 2609 μεν
916 2538 1174 2609 ἄρχοντες
1202 2539 1430 2604 α’κοντες
1466 2538 1608 2595 κακὰ
1646 2537 1831 2604 αὐτοῖς

155 2619 559 2688 προστάττωσι,
597 2632 710 2685 τοῖς
742 2621 800 2676 δε
831 2625 1046 2676 δίκαιον
1076 2620 1215 2677 εἶναι
1235 2628 1343 2694 φῇς
1361 2627 1531 2676 ταῦτα
1553 2632 1756 2689 ποιεῖν,
1794 2618 1831 2674 ἃ

154 2701 354 2754 ἐκεῖνοι
382 2705 748 2770 προσέταξαν·
786 2696 892 2771 ἀρα
920 2703 1068 2772 τότε,
1109 2726 1151 2758 ω
1174 2703 1457 2773 σοφώτατε
1479 2702 1826 2770 Θρασύμαχε,

154 2778 257 2836 οὐκ
297 2777 603 2851 ἀναγκαῖον
651 2789 978 2855 συμβαίνειν
1016 2781 1150 2839 αὐτὸ
1193 2783 1395 2839 οὑτωσὶ
1417 2785 1650 2858 ,δίκαιον
1686 2780 1828 2836 εἶναι
