1962 3236
117 0 249 29 :ww
530 0 567 17 -‹

598 171 1085 232 ΠΟΛΙΤΕῙΑΣ
1118 178 1172 239 ς’.
1666 181 1767 236 177

33 371 41 379 .
71 322 290 375 ἐκεῖθεν
301 315 766 389 ἀναμνησθέντες,
781 316 815 372 ὅ
816 325 921 372 θεν
934 320 1128 388 διῇμεν
1139 314 1242 386 τὴν
1255 315 1448 387 φύσιν,
1462 313 1584 372 οἷον
1595 315 1763 388 ἀνάγ-

71 422 141 471 κη
172 405 348 471 φῦναι
379 398 479 454 τὸν
506 398 683 455 καλόν
710 419 767 453 τε
786 395 1042 467 κάγαθὸν
1061 395 1341 468 ἐσόμενον.
1379 395 1562 468 ἡγεῖτο
1585 396 1638 453 δ’
1660 396 1753 453 αὖ·
1794 401 1883 451 490

71 489 167 555 τῷ,
189 486 238 536 εἰ
267 487 345 554 νῷ
383 486 534 551 ἔχεις,
559 485 783 550 πρῶτον
811 481 913 549 μὲν
946 477 1199 550 ἀλήθεια,
1229 475 1302 549 ἢν
1331 479 1553 535 διώκειν
1590 476 1765 536 αὐτὸν

73 564 296 628 πάντως
325 566 416 618 καὶ
446 561 626 633 πάντῃ
656 564 766 616 ἔδει
795 557 832 631 ἢ
861 559 1087 626 ἀλαζόνι
1120 560 1239 616 ὄντι
1269 564 1492 634 μηδαμῇ
1522 574 1766 633 μετεῖναι

76 650 411 716 φιλοσοφίας
448 642 739 714 ἀληθινῆς.
775 635 880 696 ᾗἨν
915 640 1021 711 γὰρ
1061 640 1209 696 οὕτω
1248 642 1566 714 λεγόμενον.
1611 642 1767 700 Οὐκ-

75 735 182 782 οῦν
200 730 262 781 ἓν
280 725 383 796 μὲν
411 730 574 779 τοῦτο
594 724 817 794 σφόδρα
837 722 984 778 οὕτω
1015 722 1163 794 παρὰ
1187 725 1356 790 δόξαν
1384 738 1497 791 τοῖς
1526 733 1635 782 νῦν
1667 730 1765 782 δο-

73 810 366 877 κουμένοις
398 807 520 875 περὶ
551 803 756 870 αὐτοῦς
793 809 901 860 Καὶ
935 803 1098 875 μάλα,
1130 808 1250 875 ἔφη.
1313 800 1428 874 Ἆρ’
1463 801 1570 862 οὖν
1596 806 1662 879 δὴ
1697 804 1765 863 οὐ

72 895 303 960 μετρίως
337 886 821 958 ἀπολογησόμεθα,
872 884 955 942 ὅτι
992 884 1129 956 πρὸς
1165 884 1226 941 τὸ
1271 882 1340 941 ὂν
1376 886 1643 957 πεφυκώς
1680 897 1762 961 εἴη

75 969 413 1040 ἁμιλλᾶσθαι
443 968 476 1024 ὅ
504 990 567 1038 γε
590 967 767 1033 ὅντως
788 967 1126 1039 φιλομαθής,
1157 969 1248 1022 καὶ
1274 965 1378 1023 οὐκ
1402 971 1649 1040 ἐπιμένοι
1681 973 1766 1025 ἐπὶ

74 1064 185 1116 τοῖς
209 1052 588 1120 δοξαζομένοις
609 1048 746 1104 εἶναι
768 1055 991 1113 πολλοῖς
1013 1047 1277 1119 ἑκάστοις,
1299 1046 1420 1103 ἀλλ’
1446 1057 1520 1105 ἴοι
1539 1052 1632 1106 καὶ
1660 1048 1764 1107 οὐκ
1796 1055 1829 1095 Β

75 1132 414 1204 ἀμβλύνοιτο
454 1129 579 1187 οὐδ’
622 1129 894 1211 ἀπολήγοι
945 1138 1047 1186 τοῦ
1091 1135 1309 1202 ἔρωτος,
1352 1132 1484 1199 πρὶν
1522 1131 1700 1189 αὐτοῦ
1735 1130 1768 1188 ὃ

74 1219 222 1271 ἔστιν
259 1214 495 1270 ἑκάστου
524 1220 618 1284 τῆς
654 1213 877 1283 φύσεως
917 1211 1172 1278 ἅψασθαι
1209 1205 1254 1285 ᾦ
1291 1212 1557 1283 προσήκει
1582 1221 1767 1312 ψυχῆς

74 1297 421 1367 ἐφάπτεσθαι
440 1302 541 1350 τοῦ
559 1294 842 1350 τοιούτου
882 1294 1149 1365 προσήκει
1170 1295 1228 1349 δε
1250 1296 1524 1363 ξυγγενεῖ·
1559 1287 1604 1367 ᾦ
1623 1301 1766 1366 πλη-

75 1376 268 1441 σιάσας
287 1380 378 1432 καὶ
399 1378 573 1448 μιγεὶς
590 1398 666 1431 τω
688 1375 808 1431 ὄντι
828 1374 1019 1445 ὅντως,
1040 1374 1315 1446 γεννήσας
1334 1381 1477 1430 νοῦν
1505 1350 1598 1430 κάὶ
1627 1373 1765 1447 ἀλή-

78 1467 262 1527 θειαν,
283 1466 440 1530 γνοίη
469 1479 527 1513 τε
558 1435 649 1513 καὶ
676 1456 905 1528 ἀληθῶς
934 1457 1042 1530 ζῴη
1081 1459 1171 1512 καὶ
1206 1457 1463 1527 τρέφοιτο
1493 1459 1584 1512 καὶ
1615 1455 1764 1512 ου’τω

77 1541 234 1611 λήγοι
256 1538 469 1610 ὠδῖνος,
500 1541 632 1608 πρὶν
665 1539 719 1594 δ’
752 1538 836 1596 οὔ.
876 1537 969 1604 Ὡς
996 1534 1116 1594 οἷόν
1145 1536 1214 1609 τ’,
1247 1543 1370 1609 ἔφη,
1402 1540 1758 1612 μετριώτατα.

83 1628 147 1678 Τι’
166 1616 297 1686 οὖν;
330 1621 508 1695 τούτῳ
528 1644 577 1676 τι
597 1624 847 1693 μετέσται
867 1625 1074 1688 ψεῦδος
1092 1619 1319 1694 ἀγαπᾷν
1336 1617 1373 1692 ἢ
1398 1628 1510 1676 πᾶν
1531 1621 1762 1679 τούναν-

75 1710 195 1760 τίον
212 1715 415 1775 μισεῖν;
437 1709 659 1772 Μισεῖν,
682 1709 804 1775 ἔφη.
837 1701 1176 1774 Ἡγουμένης
1197 1701 1262 1773 δὴ
1284 1702 1550 1774 ἀληθείας
1569 1703 1671 1761 οὐκ
1693 1705 1764 1760 ἄν
1796 1717 1828 1760 0

77 1806 226 1852 ποτε,
247 1783 413 1855 οἶμαι,
427 1797 633 1855 φαῖμεν
655 1783 795 1857 αὐτῇ
815 1785 983 1855 χορὸν
1003 1791 1192 1839 κακῶν
1212 1782 1613 1856 ἀκολουθῆσαι.
1634 1792 1764 1852 Πῶς

76 1867 213 1938 γάρ;
245 1864 393 1922 Ἀλλ’
415 1863 563 1936 ὑγιές
582 1890 637 1923 τε
666 1870 755 1922 καὶ
777 1871 994 1922 δίκαιον
1011 1859 1171 1937 ἦθος,
1206 1858 1251 1939 ᾦ
1269 1868 1361 1921 καὶ
1382 1866 1765 1938 σωφροσύνην

76 1948 324 2004 ἔπεσθαι.
358 1945 586 2018 Ὀρθῶς,
608 1954 728 2020 ἔφη.
766 1951 873 2004 Καὶ
894 1947 960 2020 δὴ
991 1950 1089 2004 τὸν
1118 1947 1291 2004 ἄλλον
1318 1955 1414 2020 τῆς
1442 1950 1763 2023 φιλοσόφου

76 2030 298 2101 φύσεως
315 2029 485 2102 χορὸν
504 2037 560 2086 τί
576 2034 662 2086 δεῖ
675 2031 844 2086 πάλιν
864 2035 916 2097 ἐξ
929 2030 1097 2101 ἀρχῆς
1116 2028 1496 2100 ἀναγκάζοντα
1517 2030 1761 2100 τάττειν,

76 2113 347 2183 μέμνησαι
364 2111 471 2182 γάρ
493 2132 620 2182 που,
644 2110 728 2167 ὅτι
748 2114 947 2183 ξυνέβη
969 2118 1255 2184 προσῆκον
1274 2112 1492 2178 ταύτοις
1514 2111 1761 2185 ἀνδρεία,
1819 2145 1821 2152 ¹

79 2197 533 2263 μεγαλοπρέπεια,
554 2191 845 2264 εὐμάθεια,
867 2194 1050 2265 μνήμη
1068 2214 1080 2226 ·
1101 2196 1187 2250 καὶ
1210 2201 1316 2249 σοῦ
1335 2196 1760 2267 ἐπιλαβομένου,

0 2329 3 2351 ,
80 2271 162 2329 ὅτι
175 2278 280 2338 πᾶς
298 2273 400 2343 μὲν
411 2272 892 2346 ἀναγκασθήσεται
914 2275 1207 2348 ὁμολογεῖν
1227 2270 1308 2340 οἷς
1326 2278 1578 2349 λέγομεν,
1599 2277 1763 2345 ἐάσας
1795 2289 1830 2331 D

82 2353 139 2410 δὲ
170 2354 297 2417 τούς
315 2354 531 2423 λόγους,
561 2361 636 2421 είς
663 2354 869 2422 αὐτοὺς
898 2355 1215 2429 ἀποβλέψας
1244 2358 1368 2429 περὶ
1403 2351 1486 2414 οὖν
1518 2356 1547 2415 ὁ
1580 2359 1761 2431 λόγος,

82 2441 217 2505 φαίη
237 2433 380 2505 όρᾷν
402 2434 588 2491 αὐτῶν
618 2435 747 2501 τούς
774 2439 876 2509 μὲν
912 2438 1239 2510 ἀχρήστους,
1269 2437 1400 2505 τούς
1430 2438 1490 2496 δὲ
1519 2439 1763 2506 πολλοὺς

0 2525 1 2530 ’
82 2515 287 2580 κακοὺς
316 2522 503 2571 πᾶσαν
532 2523 747 2588 κακίαν,
783 2526 876 2589 τῆς
908 2524 1166 2591 διαβολῆς
1193 2543 1296 2590 την
1333 2525 1512 2576 αἰτίαν
1539 2523 1728 2578 έπισκο
1751 2555 1765 2563 -

82 2603 318 2660 ποῦντες
338 2598 423 2651 ἐπὶ
444 2596 620 2670 τούτῳ
644 2604 751 2652 νῦν
777 2599 1102 2670 γεγόναμεν,
1123 2608 1176 2655 τί
1198 2598 1332 2655 ποθ’
1368 2603 1425 2655 οί
1448 2604 1639 2658 πολλοὶ
1659 2623 1729 2658 κα
1758 2634 1766 2644 ·

79 2687 184 2746 κοί,
206 2681 294 2733 καὶ
315 2676 516 2732 τούτου
533 2678 599 2748 δή
622 2679 782 2734 ἕνεκα
803 2680 972 2735 πάλιν
992 2678 1371 2751 ἀνειλήφαμεν
1390 2679 1493 2752 τὴν
1512 2688 1626 2738 τοῖν
1636 2681 1763 2756 ἀλη·

79 2765 199 2824 θῶς
218 2758 547 2828 φιλοσόφων
560 2758 733 2827 φύσιν
755 2761 844 2816 καὶ
865 2763 917 2826 ἐξ
937 2759 1182 2831 ἀνάγκης
1195 2758 1534 2833 ὡρισάμεθα.
1555 2762 1760 2836 Ἔστιν,

82 2839 205 2912 ἱφη,
225 2845 410 2895 ταῦτα.
1786 2851 1821 2894 8

221 2917 372 2963 ΡιΛῐο
405 2918 479 2963 lv.
1456 2930 1507 2975 η
