1962 3236
199 160 303 214 258
801 166 1273 215 ΠΛΑΤΩΝΟΣ

199 295 291 366 μή,
315 293 386 359 ὡς
403 294 628 366 ἀληθῶς
654 294 988 367 ὀλιγαρχικοὶ
1007 302 1306 368 γίγνονται,
1337 297 1438 368 οὐχ
1467 300 1699 371 ἑκόντες,
1734 302 1877 358 ἀλλά

159 433 163 436 ,
197 379 288 431 καὶ
307 382 470 443 τοῦτο
490 375 551 431 τὸ
572 375 747 432 κακὸν
776 381 979 441 ἐκεῖνος
1004 375 1032 431 ὁ
1063 377 1249 449 κηφὴν
1277 381 1506 435 ἐντίκτει
1533 389 1743 436 κεντῶν
1767 382 1872 436 αύ-

196 458 340 522 τούς.
379 463 598 529 Κομιδῇ
634 458 734 529 μὲν
772 453 891 514 οὖν.
929 465 1280 530 Εἰσαγγελιάι
1318 459 1383 531 δὴ
1416 462 1507 515 καὶ
1540 467 1745 531 κρίσεις
1781 464 1874 518 καὶ

194 537 405 609 ἀγῶνες
430 541 554 609 περὶ
582 538 836 611 ἀλλήλων
855 546 1155 611 γίγνονται.
1196 544 1307 597 Καὶ
1324 542 1484 612 μάλα.
1526 539 1754 597 Οὐκοῦν
1773 544 1872 597 ἕνα

193 619 315 676 τινὰ
350 619 434 675 ἀεὶ
459 624 630 691 δῆμος
653 630 819 678 εἴωθε
849 624 1220 694 διαφερόντως
1255 628 1626 694 προΐστασθαι
1653 625 1871 693 ἑαυτοῦ,

195 702 285 755 καὶ
329 707 530 757 τοῦτον
565 706 787 774 τρέφειν
823 726 879 759 τε
918 705 1008 759 καὶ
1049 703 1235 770 αὔξειν
1271 707 1473 774 μέγαν;
1527 710 1712 759 Εἴωθε
1748 705 1870 774 γάρ.

135 793 168 833 D
205 788 381 838 Τοῦτο
405 806 505 854 μεν
534 783 658 854 ἄρα,
686 777 757 856 ἦν
788 782 835 839 δ’
872 784 996 855 ἐγώ,
1030 782 1281 855 δῆλον,”
1248 807 1349 855 οτι,
1382 784 1517 840 ὅταν
1541 806 1643 854 περ
1665 785 1872 855 φύηται

191 862 484 935 τύραννος,
507 867 566 920 ἐκ
586 871 950 935 προστατικῆς
981 868 1124 936 ρίζης
1152 867 1243 920 καὶ
1267 863 1370 920 οὐκ
1399 865 1643 921 άλλοθεν
1673 868 1871 936 ἐκβλα-

168 947 398 1016 vvffvoc'va.
436 947 545 1001 Καὶ
579 945 725 1016 μάλα
761 950 943 1017 δῆλον.
1008 953 1099 1010 Τίς
1137 945 1273 1016 ἀρχὴ
1316 940 1422 1001 οὖν
1467 953 1769 1017 μεταβολῆς
1811 949 1870 1000 ἐκ

100 1023 164 1092 s‘
193 1027 509 1097 προστάτου
546 1030 631 1082 ἐπὶ
659 1028 964 1098 τύραννον;
1011 1027 1046 1097 ἢ
1083 1032 1251 1098 δῆλον
1290 1026 1374 1082 ὅτι
1412 1027 1634 1082 ἐπειδὰν
1670 1024 1872 1082 ταύτὸν

194 1108 420 1177 ἄρξηται
439 1111 581 1179 δρᾷν
597 1105 625 1163 ὁ
649 1108 954 1178 προστάτης
977 1113 1053 1180 τῷ
1076 1111 1136 1163 ἐν
1160 1114 1234 1181 τῷ
1265 1107 1451 1181 μύθῳ,
1485 1106 1544 1173 ὃς
1575 1110 1696 1179 περὶ
1717 1109 1776 1162 τὸ
1811 1110 1871 1162 ἐν

190 1187 448 1259 Ἀρκαδίᾳ
484 1185 545 1242 τὸ
585 1193 686 1242 τοῦ
713 1187 850 1252 Διὸς
876 1194 977 1243 τοῦ
996 1193 1249 1243 Λυκαίου
1286 1187 1438 1258 ἱερὸν
1473 1191 1714 1258 λέγεται;
1758 1192 1870 1251 Τίς,

193 1274 312 1339 ἔφη.
343 1267 438 1333 Ὡς
459 1267 566 1337 ἄρα
586 1266 614 1323 ὁ
645 1268 983 1339 γευσάμενος
1008 1276 1109 1324 τοῦ
1137 1267 1503 1337 ἀνθρωπίνου
1531 1269 1867 1339 σπλάγχνου,

193 1355 254 1407 ἐν
276 1350 462 1414 ἄλλοις
482 1349 668 1404 ἄλλων
688 1353 902 1418 ἱερείων
927 1349 1050 1416 ἑνὸς
1077 1354 1633 1422 ἐγκατατετμημένου,
1655 1350 1869 1420 ἀνάγκη

137 1449 168 1488 Ε
197 1430 263 1502 δὴ
303 1432 481 1504 τούτῳ
525 1431 676 1504 λύκῳ
714 1435 989 1501 γενέσθαι.
1047 1429 1081 1503 ἢ
1119 1430 1222 1487 οὐκ
1259 1430 1499 1502 ἀκήκοας
1534 1431 1632 1487 τὸν
1669 1433 1867 1501 λόγον;

177 1512 401 1582 ’Έγωγε
436 1507 550 1582 Ἆρ’
576 1507 681 1568 οὖν
702 1511 847 1568 οὕτω
867 1515 957 1568 καὶ
979 1511 1038 1577 ὃς
1069 1511 1140 1586 ἀν
1162 1513 1341 1584 δήμου
1362 1514 1656 1583 προεστώς,
1683 1512 1871 1583 λαβών

197 1596 416 1665 σφόδρα
435 1594 774 1665 πειθόμενον
792 1595 973 1666 ὄχλον,
1003 1596 1075 1666 μὴ
1097 1594 1397 1667 ἀπόσχηται
1417 1598 1690 1666 ἐμφυλίου
1710 1599 1870 1664 αἵμα-

194 1698 304 1744 τος,
330 1674 451 1731 ἀλλ’
477 1674 677 1741 ἀδίκως
696 1677 1098 1748 ἐπαιτιώμενος,
1122 1673 1209 1732 οἷα
1230 1675 1295 1746 δὴ
1318 1683 1598 1746 φιλοῦσιν,
1621 1681 1693 1739 εἰς
1715 1680 1872 1730 δικα-

198 1757 391 1828 στήρια
412 1756 563 1826 ἄγων
583 1764 867 1830 μιαιφονῇ,
895 1764 1018 1829 βίον
1037 1757 1239 1827 ἀνδρὸς
1259 1757 1558 1828 ἀφανίζων,
1584 1756 1796 1828 γλώττῃ
1815 1778 1871 1811 τε

199 1839 290 1893 καὶ
310 1838 534 1908 στόματι
563 1837 770 1911 ἀνοσίῳ
789 1839 1090 1909 γευόμενος
1110 1838 1294 1908 φόνου
1322 1841 1638 1907 ξυγγενοῦς,
1663 1839 1753 1893 καὶ
1772 1835 1873 1892 ἀν-

84 1933 169 1977 566
199 1926 443 1992 δρηλατῇ
467 1924 557 1976 καὶ
578 1919 921 1993 ἀποκτιννύῃ
940 1925 1030 1977 καὶ
1065 1919 1417 1991 ὑποσημαίνῃ
1442 1926 1619 1990 χρεῶν
1647 1941 1701 1974 τε
1732 1917 1872 1974 ἀπο-

197 2001 370 2066 κοπάς
390 2005 479 2057 καὶ
498 2009 597 2072 γῆς
616 2001 956 2074 ἀναδασμόν,
979 1997 1086 2074 ἀρα
1104 2009 1179 2075 τῷ
1210 2002 1440 2074 τοιούτῳ
1471 2000 1683 2071 ἀνάγκη
1716 2000 1781 2071 δὴ
1808 1999 1866 2055 τὸ

196 2082 329 2153 μετὰ
350 2091 515 2140 τοῦτο
537 2087 628 2141 καὶ
648 2089 893 2156 εἵμαρται
909 2081 946 2156 ἢ
965 2084 1308 2139 ἀπολωλέναι
1335 2080 1442 2137 ὑπὸ
1465 2088 1577 2136 ταῖν
1596 2084 1815 2158 ἐχθρῶν
1834 2082 1870 2153 ἢ

155 2173 159 2177 ”
195 2178 492 2234 τυραννεῖν
506 2168 595 2221 καὶ
609 2168 760 2222 λύκω
782 2170 835 2231 ἐξ
852 2164 1158 2236 ἀνθρώπου
1178 2167 1464 2233 γενέσθαι;
1485 2162 1670 2232 Πολλὴ
1694 2161 1865 2232 ἀνάγ-

195 2268 282 2315 κη,
323 2251 444 2316 ἔφη.
505 2240 683 2311 Οὗτος
726 2246 811 2317 δή,
848 2252 1007 2317 ἔφην,
1047 2245 1075 2300 ὁ
1116 2243 1418 2310 στασιάζων
1454 2249 1697 2314 γίγνεται
1733 2245 1869 2314 πρὸς
1944 2253 1946 2258 ’

194 2325 325 2391 τούς
359 2331 581 2397 ἔχοντας
603 2326 700 2392 τὰς
728 2326 932 2392 οὐσίας
978 2319 1168 2390 Ουτος.
1210 2319 1324 2395 Ἀρ
1359 2328 1464 2380 οὐν
1494 2323 1740 2380 ἐκπεσων
1768 2348 1870 2395 μεν

198 2411 291 2462 και
315 2407 604 2463 κατελθων
621 2413 716 2482 βία
745 2430 856 2464 των
886 2411 1106 2481 ἐχθρῶν
1134 2407 1407 2475 τύραννος
1436 2405 1869 2476 ἀπειργασμένος

196 2491 539 2560 κατέρχεται;
570 2495 777 2560 Δῆλον.
832 2486 958 2543 Ἐὰν
987 2489 1046 2545 δε
1075 2488 1341 2544 ἀδύνατοι
1378 2487 1668 2564 ἐκβάλλειν
1699 2485 1871 2542 αὐτὸν

137 2594 171 2635 Β
200 2562 338 2624 ωσιν
366 2567 402 2641 ἦ
431 2568 747 2626 ἀποκτεῖναι
768 2570 1152 2642 διαβάλλοντες
1181 2576 1249 2641 τῇ
1274 2569 1446 2638 πόλει,
1474 2573 1634 2641 βιαίω
1665 2567 1730 2637 δὴ
1760 2574 1870 2621 θα-
1932 2623 1934 2625 ,
1960 2585 1962 2618 1

197 2651 346 2706 νάτω
380 2652 836 2723 ἐπιβουλεύουσιν
862 2651 1262 2707 ἀποκτιννύναι
1286 2651 1487 2723 λάθρα.
1527 2655 1687 2704 Φιλει
1707 2652 1867 2717 γοῦν,

193 2724 230 2799 ἦ
265 2729 322 2785 δ’
354 2731 431 2801 ὅς,
467 2732 614 2787 οὕτω
643 2738 946 2803 γίγνεσθαι.
991 2731 1063 2788 Tc}
1097 2731 1163 2804 δὴ
1202 2729 1538 2803 τυραννικὸν
1573 2736 1771 2798 αἴτημα
1807 2726 1869 2783 τὸ
1927 2740 1934 2792 ᾗ

196 2813 632 2884 πολυθρύλητον
660 2816 745 2872 ἐπὶ
773 2815 952 2885 τούτῳ
982 2815 1182 2878 πάντες
1212 2818 1266 2869 οὗ
1304 2818 1378 2877 εἰς
1401 2818 1563 2868 τοῦτο
1595 2815 1872 2881 προβεβη-
1925 2871 1927 2874 ⁴
