1962 3236
622 159 1102 206 ΠΟΛΙΤΕΙΑΣ
1133 149 1203 204 θ’.
1636 154 1740 207 283

68 300 167 349 σῦν
185 297 236 348 εἰ
250 298 520 348 τοσοῦτον
545 289 722 363 ἡδονῇ
750 296 877 362 νικᾷ
906 286 935 344 ὁ
966 286 1182 359 ἀγαθός
1209 311 1267 345 τε
1295 291 1386 345 καὶ
1415 293 1624 354 δίκαιος
1642 288 1743 345 τὸν

59 374 240 429 κακόν
258 395 316 428 τε
336 375 429 428 καὶ
451 370 664 441 ἄδικον,
688 369 951 444 ἀμηχάνῳ
973 369 1040 442 δὴ
1067 370 1181 446 ὅσῳ
1202 378 1393 428 πλεῖον
1416 370 1627 443 νικήσει
1648 368 1743 426 εὐ-·

61 455 386 527 σχημοσύνῃ
404 475 462 510 τε
480 459 608 525 βίου
636 454 726 509 καὶ
746 452 933 508 κάλλει
960 455 1052 508 καὶ
1080 451 1275 526 ἀρετῆς
1306 450 1590 528 Ἀμηχάνῳ
1611 453 1746 523 μέν·

59 559 147 592 τοι
164 536 234 606 νὴ
262 541 392 606 Δία,
413 541 534 607 ἔφη.

202 621 310 672 xn.
350 615 482 673 Εἶεν
501 614 586 686 δή,
607 614 789 671 εἷπον·
818 613 1003 685 ἐπειδὴ
1025 617 1272 671 ἐνταῦθα
1304 615 1478 686 λόγου
1507 613 1746 686 γεγόνα-
1770 629 1803 670 Β

62 720 184 769 μεν,
213 697 580 769 ἀναλάβωμεν
603 695 670 752 τά
699 703 890 765 πρῶτα
925 697 1211 766 λεχθέντα,
1243 696 1315 751 δι’
1354 695 1391 752 ἃ
1419 695 1576 767 δεῦρ’
1609 694 1746 767 ἥκο-

61 801 190 849 μεν·
225 774 299 850 ἦν
318 781 382 835 δέ
397 799 508 834 που
525 780 844 849 λεγόμενον,
869 785 1175 834 λυσιτελεῖν
1206 777 1418 834 ἀδικεῖν
1445 785 1522 853 τῷ
1550 781 1747 842 τελέως

58 860 163 930 μὲν
181 859 372 932 ἀδίκῳ,
406 861 745 932 δοξαζομένῳ
778 858 836 914 δὲ
868 862 1075 932 δικαίῳ.
1116 855 1152 930 ἦ
1186 856 1286 929 οὐχ
1317 857 1494 924 οὕτως
1522 860 1744 928 έλέχθη;

67 938 231 995 Οὕτω
250 942 352 1010 μὲν
371 935 491 995 οὖν.
525 945 656 995 Νῦν
676 939 760 1010 δή,
783 944 941 1011 ἔφην,
964 938 1115 1014 αὐτῷ
1135 939 1539 1010 διαλεγώμεθα,
1559 937 1744 1008 ἐπειδὴ

63 1021 601 1092 διωμολογησάμεθα
630 1020 692 1076 τό
720 1043 776 1076 τε
802 1019 1013 1077 ἀδικεῖν
1041 1023 1134 1076 καὶ
1170 1019 1231 1076 τό
1266 1025 1449 1076 δίκαια
1485 1019 1747 1089 πράττειν

61 1099 133 1172 ἣν
151 1102 414 1168 ἑκάτερον
434 1106 538 1171 ἔχει
558 1102 812 1172 δύναμιν.
851 1109 1005 1167 Πῶςς
1038 1106 1158 1173 ἔφη.
1198 1104 1412 1158 Εἰκόνα
1442 1102 1751 1165 πλάσαντες

58 1189 157 1252 τῆς
197 1188 375 1251 ψυχῆς
410 1182 577 1255 λόγῳ,
614 1186 706 1237 ἴνα
747 1187 864 1254 εἰδῇ
907 1181 935 1237 ὁ
978 1186 1158 1238 ἐκεῖνα
1191 1186 1369 1253 λέγων
1409 1180 1495 1240 οἷα
1543 1188 1743 1253 ἔλεγεν.

66 1268 244 1318 Ποίαν
265 1262 414 1328 τινά;
449 1258 557 1335 ἧδ’
588 1261 665 1329 ὅς.
711 1270 836 1319 Τῶν
854 1265 1125 1320 τοιούτων
1141 1265 1283 1336 τινά,
1304 1260 1376 1336 ἦν
1397 1265 1448 1320 δ’
1485 1265 1610 1334 ἐγώ,
1639 1259 1748 1319 οἷαι
1780 1272 1811 1315 G

64 1350 518 1415 μυθολογοῦνται
547 1348 770 1401 παλαιαὶ
805 1348 1068 1416 γενέσθαι
1098 1346 1311 1416 φύσεις,
1334 1345 1371 1416 ἤ
1399 1368 1456 1401 τε
1476 1351 1748 1417 Χιμαίρας

62 1422 206 1495 καὶὴ
228 1425 486 1496 Σκύλλης
512 1429 602 1483 καὶ
630 1431 935 1498 Κερβέρου,
966 1429 1057 1483 καὶ
1087 1427 1248 1484 ἄλλαι
1276 1428 1419 1493 τινὲς
1441 1427 1638 1498 συχναὶ
1657 1430 1749 1481 λέ-

61 1528 255 1577 γονται
270 1510 682 1578 ξυμπεφυκυῖαι
702 1511 840 1564 ἰδέαι
853 1512 1047 1565 πολλαὶ
1067 1514 1142 1575 εἰς
1161 1512 1222 1565 ἓν
1241 1511 1519 1580 γενέσθαι.
1541 1511 1745 1578 Λέγον·

60 1610 149 1643 ται
167 1587 294 1658 γάρ,
315 1592 435 1660 ἔφη.
474 1589 687 1646 Πλάττε
708 1595 901 1647 τοίνυν
923 1597 1055 1662 μίαν
1074 1591 1176 1662 μὲν
1205 1593 1358 1647 ἰδέαν
1381 1595 1589 1662 θηρίου
1618 1609 1746 1644 ποι-

64 1674 220 1727 alnov
239 1672 329 1725 καὶ
348 1672 760 1742 πολυκεφάλου,
779 1670 1002 1744 ἡμέρων
1020 1673 1078 1729 δὲ
1097 1677 1314 1744 θηρίων
1334 1677 1553 1743 ἔχοντος
1570 1692 1748 1741 κεφα-

61 1749 160 1815 λάς
197 1751 386 1825 κύκλῳ
434 1753 526 1807 καὶ
562 1751 798 1823 ἀγρίων,
844 1755 933 1809 καὶ
972 1758 1218 1810 δυνατοῦ
1254 1756 1617 1826 μεταβάλλειν
1655 1751 1747 1806 καὶ

64 1834 233 1902 φύειν
266 1834 319 1898 ἐξ
348 1830 524 1888 αὑτοῦ
552 1834 731 1889 πάντα
758 1842 947 1890 ταῦτα.
998 1842 1210 1891 Δεινοῦ
1239 1835 1505 1905 πλάστου,
1527 1838 1650 1905 ἔφη,
1679 1829 1741 1886 τὸ

58 1918 250 1985 ἔργον·
291 1912 440 1985 ὅμως
478 1917 557 1986 δέ,
597 1916 783 1988 ἐπειδὴ
820 1915 1259 1989 εὐπλαστότερον
1288 1924 1467 1989 κηροῦ
1501 1918 1592 1972 καὶ
1627 1920 1741 1970 τῶν
1781 1931 1812 1971 D

62 1998 331 2053 τοιούτων
350 1996 528 2066 λόγος,
556 2001 877 2055 πεπλάσθω.
912 2005 1071 2056 Μίαν
1092 2000 1159 2071 δὴ
1184 2006 1377 2056 τοίνυν
1397 1999 1573 2071 ἄλλην
1592 1999 1747 2054 ἰδέαν
1806 2057 1813 2066 ,

59 2080 300 2148 λέοντος,
333 2086 466 2149 μίαν
491 2079 551 2135 δὲ
581 2078 920 2148 ἀνθρώπου·
960 2079 1105 2137 πολὺ
1134 2083 1193 2138 δὲ
1223 2084 1482 2151 μέγιστον
1513 2085 1649 2136 ἔστω
1684 2069 1745 2134 τὰ

65 2166 288 2230 πρῶτον
322 2162 413 2217 καὶ
449 2163 713 2233 δεύτερον
747 2164 808 2219 τὸ
850 2165 1128 2235 δεύτερον.
1193 2171 1398 2233 Ταῦτα,
1433 2167 1558 2235 ἔφη,
1598 2163 1743 2236 ῥᾴω·

60 2243 150 2296 καὶ
179 2243 494 2297 πέπλασται.
550 2244 814 2301 Σύναπτε
844 2252 1039 2302 τοίνυν
1068 2244 1209 2301 αὐτὰ
1241 2250 1317 2311 εἰς
1347 2247 1409 2301 ἓν
1438 2251 1562 2313 τρία
1592 2243 1743 2312 ὅντα,

63 2321 202 2376 ὥστε
223 2342 299 2392 πῃ
318 2325 731 2393 ξυμπεφυκέναι
754 2324 1024 2398 ἀλλήλοις.
1064 2333 1373 2398 Συνῆπται,
1396 2329 1518 2398 ἔφη.
1573 2330 1745 2395 Περί-

61 2410 278 2458 πλασον
316 2401 383 2473 δὴ
415 2401 601 2470 αὐτοῖς
626 2410 834 2472 ἔξωθεν
873 2406 996 2474 ένός
1021 2410 1227 2478 εἰκόνα,
1256 2408 1361 2480 τὴν
1388 2415 1491 2464 τοῦ
1513 2405 1746 2477 ἀνθρώ-

63 2504 190 2553 που,
223 2482 361 2540 ὥστε
393 2491 468 2557 τῷ
499 2485 572 2557 μὴ
604 2491 895 2562 δυναμένῳ
928 2491 993 2545 τὰ
1024 2490 1178 2555 ἐντὸς
1206 2488 1362 2563 ὁρᾷν,
1381 2488 1519 2545 ἀλλὰ
1548 2487 1610 2543 τὸ
1642 2490 1741 2553 ἔξω
1776 2509 1806 2548 13

62 2569 242 2636 μόνον
277 2570 508 2636 ἔλυτρον
542 2568 763 2639 ὁρῶντι,
794 2573 857 2627 ἓν
883 2576 1027 2638 ζῶον
1062 2578 1382 2643 φαίνεσθαι,
1414 2570 1740 2640 ἄνθρωπον.

61 2651 519 2719 Περιπέπλασται,
540 2654 660 2721 ἔφη.
704 2656 965 2722 Λέγωμεν
985 2652 1051 2724 δὴ
1076 2660 1152 2725 τῷ
1170 2655 1402 2723 λέγοντι,
1433 2650 1504 2718 ὡς
1526 2660 1742 2708 λυσιτε-

60 2734 146 2783 λεῖ
169 2730 347 2804 τούτῳ
378 2730 591 2787 ἀδικεῖν
623 2739 700 2806 τῷ
731 2731 1036 2806 ἀνθρώπῳ,
1075 2739 1257 2790 δίκαια
1288 2735 1345 2790 δὲ
1384 2734 1643 2805 πράττειν
1672 2729 1742 2790 οὐ

60 2810 341 2880 ξυμφέρει,
381 2812 466 2867 ὅτι
507 2812 673 2869 οὐδὲν
710 2813 844 2870 ἄλλο
875 2817 1046 2887 φησὶν
1085 2813 1117 2887 ἦ
1154 2822 1457 2872 λυσιτελεῖν
1491 2813 1644 2890 αὐτῷ
1679 2814 1739 2871 τὸ
