1962 3236
234 167 338 219 216
851 169 1321 217 ΠΛΑΤΩΝΟΣ

233 324 335 371 νει,
358 306 530 373 δῆλον
559 300 645 356 ὅτι
673 299 962 372 προσήκει·
999 298 1137 367 πρὸς
1166 297 1272 370 γὰρ
1300 300 1396 365 τὰς
1426 304 1915 373 στρατοπεδεύσεις
1946 371 1947 374 ¹

234 385 324 438 καὶ
341 383 675 453 καταλήψεις
693 386 910 452 χωρίων
922 381 1012 435 καὶ
1031 380 1358 450 συναγωγὰς
1375 385 1467 438 καὶ
1485 383 1726 448 ἐκτάσεις
1745 403 1913 487 στρα-
1944 377 1949 389 ⁵

233 487 367 536 τιας,
389 466 480 520 καὶ
501 461 604 519 ὅσα
626 463 690 533 δὴ
714 462 854 517 άλλα
874 466 1255 532 σχηματίζουσι
1282 485 1348 517 τα
1369 465 1756 533 στρατόπεδα’
1730 488 1790 520 εν
1809 465 1914 521 αὐ-
1939 476 1944 480 ’

232 557 348 611 ταῖς
367 568 424 601 τε
443 557 557 608 ταῖς
578 542 773 614 μάχαις
792 543 882 598 καὶ
901 548 1160 614 πορείαις,
1183 541 1481 616 διαφέροι
1456 543 1527 601 οἶν
1553 545 1717 611 αὐτὸς
1739 545 1914 602 αὑτοῦ
1891 541 1939 565 ³

160 644 173 654 ·
233 627 595 697 γεωμετρικὸς
613 626 704 680 καὶ
723 623 795 695 μὴ
818 622 912 679 ὤν.
945 621 1086 680 Ἀλλ’
1124 627 1228 679 οὐν
1248 625 1332 696 δή,
1353 625 1526 698 εἷπον,
1559 626 1698 697 πρὸς
1717 650 1818 698 μεν
1845 650 1911 683 τα
1942 693 1952 702 ἢ

233 729 459 764 τοιαυτα
479 706 658 778 βραχύ
678 727 729 760 τι
750 702 819 760 ἄν
840 708 1057 774 ἐξαρκοῖ
1069 713 1400 776 γεωμετρίας
1431 730 1487 763 τε
1515 711 1605 765 καὶ
1636 717 1912 780 λογισμῶν
1940 726 1955 750 ³

231 789 454 862 μόριον·
483 787 551 844 .τό
575 787 633 843 δὲ
652 785 796 843 πολὺ
818 783 986 857 αὐτῆς
1010 788 1100 842 καὶ
1122 791 1452 858 πορρωτέρω
1472 790 1670 860 προϊὸν
1690 803 1912 845 σκοπεῖ·
1937 771 1962 862 ⁴}

176 885 209 924 E
237 879 372 927 σθαι
395 875 490 940 δεῖ,
513 878 564 925 εἴ
575 891 626 924 τι
645 869 784 941 πρὸς
801 870 978 923 έκεῖνο
996 872 1178 938 τείνει,
1210 869 1347 937 πρὸς
1375 868 1437 924 τὸ
1464 882 1642 926 ποιεῖν
1672 875 1914 926 κατιδεῖν
1948 859 1962 904 ἢ

233 975 374 1025 ραον
392 950 494 1022 τὴν
513 957 616 1006 τοῦ
637 949 863 1020 ἀγαθοῦ
882 950 1048 1003 ἰδέαν.
1082 954 1245 1004 τείνει
1268 952 1343 1020 δέ,
1376 953 1576 1047 φαμέν,
1598 951 1779 1006 πάντα
1809 950 1940 1006 αὐ-
1940 986 1946 994 -

230 1036 373 1104 τόσε,
397 1032 501 1088 ὅσα
532 1030 825 1102 ἀναγκάζει
854 1029 1039 1101 ψυχὴν
1068 1036 1143 1096 εἰς
1172 1033 1387 1087 ἐκεῖνον
1415 1030 1516 1087 τὸν
1543 1031 1716 1088 τόπον
1747 1055 1962 1110 μετα-
1942 1063 1946 1065 ⁴

231 1118 587 1184 στρέφεσθαι,
607 1135 668 1167 εν
698 1106 744 1187 ᾦ
775 1114 885 1168 ἐστὶ
915 1111 974 1167 τὸ
1010 1110 1506 1184 εὐδαιμονέστατον
1534 1122 1637 1170 τοῦ
1671 1113 1910 1186 &vves-‚0
1948 1118 1962 1126 “

232 1200 318 1251 δεῖ
338 1194 514 1266 αὐτὴν
533 1196 695 1250 παντὶ
716 1194 902 1267 τρόπω
935 1198 1086 1249 ἰδεῖν.
1124 1192 1351 1265 Ὀρθως,
1385 1199 1506 1266 ἔφη,
1532 1198 1716 1265 λέγεις.
1760 1196 1912 1252 Οὐκ-
1951 1198 1962 1244 ἕ

231 1285 335 1333 οὖν
357 1282 407 1332 εἰ
432 1278 532 1347 μὲν
565 1274 763 1331 οὐσίαν
794 1274 1084 1345 ἀναγκάζει
1114 1276 1449 1347 θεάσασθαι,
1477 1278 1758 1349 προσήκει,
1790 1283 1839 1332 εἰ
1856 1278 1913 1333 δὲ
1950 1280 1962 1353 ξ

227 1360 462 1428 γένεσιν,
486 1357 554 1410 οὐ
575 1355 854 1427 προσήκει.
898 1361 1090 1427 Φαμέν
1108 1380 1170 1426 γε
1191 1357 1275 1428 δή.
1319 1356 1403 1412 Οὐ
1434 1364 1627 1412 τοίνυν
1646 1358 1810 1412 τοῦτό
1831 1380 1910 1427 γε,
1948 1372 1962 1437 ’ξ

114 1451 199 1496 527
227 1443 299 1511 ῆν
325 1437 376 1494 δ’
399 1437 524 1507 ἐγώ,
547 1435 1115 1508 ἀμφισβητήσουσιν“
1088 1450 1236 1509 ημῖν,
1268 1437 1390 1493 ὅσοι
1421 1441 1512 1494 καὶ
1545 1438 1748 1509 σμικρα
1767 1461 1907 1509 γεω-
1948 1436 1962 1506 212

233 1525 454 1621 μετρίας
491 1523 754 1590 ε’μπειροι,
792 1518 875 1574 ὅτι
914 1517 1050 1589 αὕτη
1086 1517 1119 1590 ἡ
1157 1520 1421 1591 ἐπιστήμη
1443 1526 1554 1576 πᾶν
1582 1517 1946 1575 τούναντίον

230 1606 337 1672 ἔχει
356 1610 466 1665 τοῖς
485 1603 547 1655 ἐν
568 1599 707 1672 αὐτῇ
726 1600 911 1669 λόγοις
929 1602 1243 1671 λεγομένοις
1271 1599 1379 1656 ὑπὸ
1411 1623 1525 1656 των
1553 1605 1915 1671 μεταχειριζο-
1957 1613 1962 1656 ἔ

228 1689 427 1753 μένων.
461 1688 616 1748 Πως;
639 1686 758 1752 ε”.φη
797 1685 1039 1751 Λέγουσι
1065 1685 1166 1752 μέν
1186 1702 1296 1737 που
1316 1682 1463 1753 μαλα
1484 1690 1709 1752 γελοιως
1736 1704 1794 1737 τε
1825 1684 1915 1737 και
1954 1718 1962 1770 3

229 1762 568 1833 ἀναγκαίως·
632 1785 704 1827 ως
740 1761 846 1835 γὰρ
885 1764 1214 1833 πράττοντές
1249 1786 1306 1819 τε
1343 1767 1433 1819 καὶ
1470 1764 1717 1832 πράξεως
1753 1765 1914 1818 ε’νεκα
1956 1774 1962 1823 l

232 1843 443 1908 πάντας
461 1843 592 1909 τούς
611 1844 816 1914 λόγους
835 1845 1158 1915 ποιούμενοι
1176 1848 1399 1914 λέγουσι
1422 1849 1837 1915 τετραγωνίζειν
1856 1866 1912 1899 τε
1953 1843 1962 1882 ⁴³

229 1927 319 1980 καὶ
338 1930 687 1994 παρατείνειν
706 1928 797 1981 καὶ
817 1927 1179 1996 προστιθέναι
1198 1929 1288 1982 καὶ
1309 1925 1488 1981 πάντα
1504 1926 1650 1981 οὕτω
1665 1926 1915 1995 φθεγγό-
1958 1957 1962 1973 2

163 2022 195 2060 Β
230 2004 510 2077 μενοι·τό
537 2005 585 2061 δ’
614 2011 727 2062 ἔστι
739 2026 850 2061 που
869 2028 983 2062 παν
1001 2006 1061 2062 τὸ
1080 2004 1318 2108 μάθημα
1331 2007 1593 2106 γνώσεως
1612 2008 1774 2074 ἕνεκα
1796 2009 1914 2059 ἐπι·
1960 2028 1962 2030 ·

231 2087 618 2187 τηδευόμενον.
678 2088 1009 2143 Παντάπασι
1037 2088 1137 2157 μὲν
1166 2090 1287 2155 οὐν,
1322 2091 1443 2157 ἔφη.
1493 2086 1721 2142 Οὐκοῦν
1749 2093 1912 2142 τοῦτο

231 2172 308 2222 ἔτι
330 2172 782 2240 διομολογητέον·
769 2210 783 2235 ,
812 2167 884 2224 T6
907 2181 1095 2235 ποῖον;
1123 2167 1217 2232 Ως
1236 2176 1337 2223 τοῦ
1356 2167 1440 2223 ἀεὶ
1459 2167 1620 2232 ὄντος
1639 2088 1962 2295 γνώσεως,ἲ

231 2247 352 2304 ἀλλ’
379 2249 447 2304 οὐ
479 2257 582 2305 τοῦ
601 2253 736 2306 ποτέ
759 2272 810 2305 τι
840 2254 1173 2356 γιγνομένου
1203 2252 1294 2305 καὶ
1323 2248 1728 2320 ἀπολλυμένου.
1766 2247 1914 2304 Ευο-

231 2330 604 2401 μολόγητον,’
584 2336 715 2402 ε’φη·
755 2338 856 2387 τοῦ
875 2331 980 2402 γὰρ
1002 2331 1085 2387 ἀεὶ
1108 2331 1268 2396 ὄντος
1298 2329 1330 2402 ἡ
1353 2329 1690 2402 γεωμετρικὴ
1714 2335 1962 2400 γνωσίςς1

233 2413 395 2465 ἐστιν.
427 2410 628 2467 Ὁλκόν
658 2413 783 2482 ἄρα,
818 2435 860 2467 ω
890 2425 1124 2483 γενναῖε,
1158 2419 1333 2483 ψυχῆς
1361 2410 1499 2481 πρὸς
1526 2412 1797 2482 ἀλήθειαν
1830 2419 1962 2493 ⁸5⁷2}

232 2488 305 2547 α“ν
334 2494 426 2548 καὶ
454 2492 862 2564 ἀπεργαστικὸν
890 2495 1208 2566 φιλοσόφου
1240 2498 1482 2558 διανοίας
1519 2493 1656 2563 πρὸς
1691 2492 1751 2549 τὸ
1791 2493 1912 2548 άνω

233 2584 382 2643 σχεῖν
401 2596 435 2628 α
465 2596 576 2631 νυν
604 2576 753 2631 κάτω
785 2574 853 2632 οὐ
884 2579 1012 2633 δέον
1046 2582 1256 2646 ἔχομεν.
1294 2574 1390 2640 Ὡς
1419 2571 1540 2631 οἶόν
1570 2597 1627 2630 τε
1658 2575 1909 2646 μάλιστα,

170 2674 200 2715 c
233 2659 353 2725 ἔφη.
381 2652 475 2720 Ὡς
504 2651 627 2712 οἷόν
645 2656 697 2711 τ’
737 2658 863 2728 ἄρα,
900 2651 972 2728 ἧν
1010 2656 1057 2713 δ’
1098 2657 1220 2728 ἐγώ,
1254 2658 1487 2728 μάλιστα
1517 2657 1908 2725 προστακτέον,

231 2735 380 2800 ὅπως
412 2739 469 2791 οἰ
494 2741 555 2792 ἐν
581 2744 646 2809 τῇ
678 2739 995 2794 καλλιπόλει
1024 2756 1111 2794 σοι
1138 2742 1332 2809 μηδενὶ
1362 2739 1549 2809 τρόπῳ
1581 2742 1913 2806 γεωμετρίας
1955 2743 1962 2811 ζ

231 2817 540 2888 ἀφέξονται.
580 2819 796 2892 καὶγὰρ
816 2820 883 2876 τὰ
903 2820 1153 2891 πάρεργα
1173 2820 1350 2876 αὐτοῦ
1379 2818 1447 2874 οὐ
1478 2819 1695 2889 σμικρά.
1737 2825 1911 2885 Ποῖα;
1953 2819 1962 2879 ξ
