1962 3236
229 191 332 244 412
755 188 1068 239 TIMAlsz
1102 188 1387 237 ΛΟΚΡῼ.
1847 195 1905 239 94

231 343 351 390 σιας
371 321 618 395 φανερὰς
637 323 774 392 ἑῴας
791 318 827 391 ἢ
848 323 1099 390 ἑσπερίοις
1118 323 1418 375 ἐκτελέοντι
1446 321 1571 374 ποτὶ
1599 323 1697 374 τὸν
1727 318 1904 389 ἅλιον,

231 406 290 472 ὃς
309 405 523 477 ἁμέραν
552 402 852 457 ἀποδίδωτι
885 399 986 456 τὸν
1019 399 1117 456 ἀπ’
1145 399 1418 465 ἀνατολᾶς
1446 404 1532 456 ἐπὶ
1560 402 1723 456 δυ’σιν
1753 400 1905 457 αὑτῶ

231 487 459 556 δρόμον,
481 483 657 537 νύκτα
689 481 747 536 δὲ
775 480 879 536 τάν
909 480 1015 536 ἀπὸ
1045 481 1235 546 δύσιος
1266 478 1350 536 ἐπ’
1383 481 1660 537 ἀνατολὰν
1689 488 1907 538 κίνασιν

230 565 352 623 κατ’
381 563 515 619 ἄλλο
536 564 794 633 ποιέεται,
816 561 1086 632 ἀγόμενος
1106 560 1216 617 ὑπὸ
1243 567 1340 627 τᾶς
1369 560 1553 617 ταύτῶ
1580 569 1774 633 φορᾶς,
1793 566 1906 618 ἐνι-

171 665 202 705 C
234 649 405 704 αυτὸν
435 649 494 700 δὲ
520 645 726 699 καττάν
758 642 909 699 αὑτῶ
934 642 1068 699 καθ’
1101 642 1301 700 ἑαυτὸν
1331 650 1566 700 κίνασιν.
1606 647 1666 701 ἐκ
1694 646 1753 701 δὲ
1776 668 1908 701 του-

229 732 368 785 τέων
385 733 498 782 τῶν
517 730 799 796 κινασίων,
822 726 925 780 δύο
944 727 1129 795 εἀσᾶν,
1150 724 1254 781 τάν
1278 726 1431 781 ἕλικα
1459 729 1783 798 ἐκτυλίσσει,
1804 748 1908 782 πο-

230 814 459 881 θέρπων
478 809 579 878 μὲν
594 807 733 862 κατὰ
751 811 882 876 μίαν
901 818 1103 877 μοῖραν
1125 810 1186 862 ἐν
1214 805 1490 881 ἁμερησίῳ
1521 807 1723 881 χρόνῳ,
1753 829 1908 876 περι-

232 892 554 962 δινεύμενος
576 891 635 946 δὲ
655 887 762 945 ὑπὸ
784 895 880 954 τᾶς
900 897 1013 945 τῶν
1030 889 1324 946 ἀπλανέων
1341 897 1580 963 σφαίρας
1607 891 1745 947 καθ’
1780 891 1909 947 ἑκά-

230 989 365 1028 σταν
389 971 689 1043 περίοδον’
671 971 884 1041 όρφνας
902 972 993 1026 καὶ
1011 969 1229 1041 ἁμέρας.

366 1059 447 1108 VI.
488 1052 688 1124 Χρόνω
710 1056 768 1107 δὲ
788 1051 854 1107 τὰ
876 1057 1042 1124 μέρεα
1063 1052 1228 1108 τάσδε
1256 1052 1352 1117 τοὶς
1382 1053 1650 1124 περιόδως
1675 1057 1907 1124 λέγοντι,

228 1133 291 1200 ἂς
310 1136 618 1206 ἐκόσμησεν
637 1131 664 1189 6
691 1133 824 1199 θεὸς
854 1133 963 1189 σὺν
991 1134 1209 1207 κόσμῳ·
1247 1134 1316 1190 οὐ
1345 1134 1452 1206 γάρ
1482 1138 1554 1205 ἡν
1581 1133 1686 1206 πρὸ
1716 1135 1908 1205 κόσμω

163 1233 196 1273 D
228 1217 420 1286 ἄστρα,
443 1214 634 1284 διόπερ
655 1212 780 1271 οὐδ’
804 1217 1055 1279 ἐνιαυτὸς
1074 1213 1199 1270 οὐδ’
1227 1212 1379 1285 ὡρᾶν
1409 1220 1672 1286 περίοδοι,
1706 1211 1790 1280 αἷς
1809 1238 1908 1286 με·-

230 1301 440 1367 τρέεται
460 1296 488 1353 ὁ
511 1295 775 1367 γεννατὸς
792 1296 990 1367 χρόνος
1010 1288 1184 1360 οὗτος.
1225 1295 1390 1351 εἰκῶν
1410 1300 1473 1351 δέ
1499 1299 1611 1352 ἐστι
1641 1303 1716 1351 τῶ
1741 1295 1909 1366 ἀγεν-

231 1378 380 1433 νάτω
392 1379 592 1448 χρόνω,
615 1375 682 1432 ὂν
703 1381 876 1432 αἰῶνα
896 1377 1351 1447 ποταγορεύομες·
1375 1374 1446 1441 ὡς
1463 1375 1571 1446 γὰρ
1592 1375 1706 1431 ποτ’
1730 1375 1910 1432 ἀΐδιον

230 1459 576 1529 παράδειγμα
594 1458 694 1513 τὸν
713 1457 965 1514 ίδανικόν
979 1458 1192 1528 κόσμον
1210 1457 1305 1513 ὅδε
1325 1455 1353 1512 ὁ
1378 1455 1594 1527 ῶρανός
1609 1458 1907 1528 έγεννάθη,

232 1541 408 1604 οὕτως
438 1539 509 1604 ῶς
540 1537 679 1608 πρὸς
705 1540 1047 1611 παράδειγμα
1075 1539 1175 1595 τὸν
1204 1545 1377 1595 αἰῶνα
1408 1538 1503 1595 ὅδε
1536 1537 1564 1595 6
1584 1539 1784 1611 χρόνος
1803 1537 1912 1594 σὺν

233 1622 422 1695 κόσμῳ
442 1621 873 1692 ἐδαμιουργήθη.

371 1708 477 1758 VII.
498 1709 579 1759 Γᾶ
603 1703 645 1758 δ’
668 1708 729 1758 έν
749 1708 894 1777 μέσῳ
914 1707 1179 1774 ἱδρυμένα
1197 1705 1343 1759 ἑστία
1362 1709 1516 1758 θεῶν
1531 1698 1674 1774 ῶρός
1691 1726 1749 1759 τε
1764 1702 1911 1773 ὄρφ-

233 1806 331 1848 νας
359 1785 449 1839 καὶ
480 1782 682 1855 ἁμέρας
711 1790 935 1854 γίνεται,
966 1782 1160 1849 δυ’σιάς
1178 1806 1235 1839 τε
1257 1786 1347 1840 καὶ
1365 1783 1636 1849 ἀνατολὰς
1654 1791 1908 1856 γεννῶσα

232 1864 353 1922 κατ’
386 1864 666 1936 ἀποτομὰς
692 1872 806 1920 τῶν
843 1863 1156 1936 ὁριζόντων,
1187 1863 1261 1930 ῶς
1295 1872 1365 1938 τᾷ
1395 1865 1521 1931 ὄψει
1550 1868 1640 1920 καὶ
1668 1873 1738 1938 τᾷ
1770 1863 1911 1920 ἀπο-

171 1969 202 2007 Ε
231 1953 371 2021 τομᾷ
390 1952 486 2011 τοῖς
505 1953 607 2017 γοῖς
626 1947 1056 2018 περιγράψομεν.
1103 1951 1403 2017 πρεσβίστα
1424 1945 1475 2000 δ’
1500 1948 1610 2003 ἐντὶ
1627 1952 1740 2002 τῶν
1759 1943 1912 2009 ἐντός

234 2030 434 2102 ῶρανῶ
472 2028 761 2101 σωμάτων,
800 2027 933 2085 οὐδέ
958 2050 1102 2085 ποκα
1139 2028 1292 2100 ὕδωρ
1328 2029 1603 2098 ἐγεννάθη
1634 2031 1754 2097 δίχα
1789 2033 1908 2096 γᾶς,

233 2111 364 2169 οὐδὲ
405 2110 517 2182 μὰν
560 2110 666 2182 ἀὴρ
705 2113 868 2181 χωρὶς
901 2110 1075 2181 ὑγρῶ,
1115 2119 1226 2179 πῦρ
1273 2132 1331 2165 τε
1370 2115 1577 2180 ἔρημον
1623 2108 1775 2181 ὑγρῶ
1820 2113 1911 2164 καὶ

232 2195 369 2258 ὕλας
400 2189 464 2257 ἀς
494 2194 715 2267 ἐξάπτοι
744 2192 812 2248 οὕ
841 2215 913 2248 κα
943 2197 1215 2264 διαμένοι·
1254 2191 1393 2248 ὥστε
1424 2195 1540 2262 ῥίζα
1567 2193 1794 2248 πάντων
1821 2195 1912 2249 καὶ

232 2275 391 2346 βάσις
426 2272 460 2328 o‘e
497 2281 568 2343 γᾶ
605 2273 910 2344 έρήρεισται
936 2275 1022 2329 ἐπὶ
1058 2273 1351 2338 τοῖςαύτᾶς
1384 2276 1570 2346 ῥοπᾶς.
1618 2270 1776 2344 ἀρχαὶ
1811 2274 1914 2343 μὲν

233 2353 311 2412 ῶν
331 2362 444 2411 τῶν
462 2357 828 2426 γεννωμένων
849 2354 922 2420 ὡς
940 2355 1041 2426 μὲν
1060 2353 1427 2427 ὑποκείμενον
1446 2352 1479 2409 ἁ
1503 2353 1628 2425 ὕλα,
1653 2351 1725 2418 ῶς
1746 2353 1803 2409 δὲ
1828 2358 1912 2409 λό-

230 2459 327 2508 γος
346 2442 564 2507 μορφᾶς
594 2437 654 2491 τὸ
684 2435 851 2501 εἶδος·
889 2434 1315 2507 ἀπογεννάματα
1346 2438 1405 2491 δὲ
1434 2437 1676 2491 τουτέων
1706 2436 1819 2489 ἐστὶ
1845 2434 1911 2488 τὰ

153 2541 210 2585 98
238 2518 482 2589 σώματα,
504 2523 575 2587 γᾶ
607 2539 664 2573 τε
695 2520 786 2574 καὶ
814 2516 968 2588 ὕδωρ
1001 2516 1108 2589 ἀήρ
1137 2540 1194 2573 τε
1222 2520 1313 2574 καὶ
1342 2524 1472 2589 πῦρ,
1501 2509 1580 2572 ῶν
1599 2514 1632 2571 ἁ
1661 2518 1915 2586 γέννασις
1961 2565 1962 2570 ,

234 2599 477 2655 τοιαύτα.

373 2685 501 2735 v111.
527 2679 707 2737 ’Ἁπαν
726 2688 885 2752 σῶμα
905 2684 959 2748 ἐξ
984 2684 1258 2737 ἐπιπέδων
1276 2683 1404 2750 ἐστί,
1433 2685 1597 2735 τοῦτο
1630 2679 1689 2735 δὲ
1708 2681 1767 2733 ἐκ
1795 2698 1914 2747 τρι-
1959 2679 1962 2717 3

236 2761 452 2831 γούνων,
480 2755 560 2817 ῶν
579 2761 639 2818 τὸ
662 2762 762 2832 μὲν
783 2761 1135 2833 ὀρθογώνιον
1160 2764 1433 2826 ἰσοσκελὲς
1450 2758 1911 2832 ἡμιτετράγωνον,
1958 2797 1959 2826 3

236 2841 297 2897 τὸ
320 2843 376 2898 δὲ
398 2843 821 2915 ἀνισόπλευρον,
843 2849 967 2914 ἔχον
995 2842 1099 2899 τάν
1122 2847 1318 2914 μέζονα
1339 2842 1572 2912 δυνάμει
1587 2843 1915 2911 τριπλασίαν
1957 2878 1962 2906 1
