1962 3236
40 157 101 204 83
705 147 1083 195 ΤΙΜΛΙΟΣ.
1617 144 1720 196 401

39 289 136 356 τῷ,
169 279 376 338 ταύτὸν
408 268 497 351 δὴΧ
519 279 843 349 διανοητέον
876 278 968 334 καὶ
1001 278 1125 348 περὶ
1154 283 1257 333 τοῦ
1281 279 1721 350 ξυναμφοτέρου,

42 370 185 432 ζῶον
203 360 238 418 ὃ
253 367 552 432 καλοῦμεν,
572 358 647 426 ὥς
665 359 868 416 ὄταντε
888 363 950 415 ἐν
967 357 1118 431 αὐτῷ
1138 357 1286 431 ψυχὴ
1299 369 1563 432 κρείττων
1583 354 1725 415 οὖσα

41 445 294 516 σώματος
317 442 638 514 περιθύμως
666 448 805 512 ἰσχῃ,
835 444 1158 496 διασείουσα
1182 446 1295 496 πᾶν
1325 440 1458 498 αὐτὸ
1483 444 1719 498 ἔνδοθεν
1749 458 1807 504 88

42 527 232 582 νόσων
249 527 558 595 ἐμπίπλησι,
578 524 671 578 καὶ
694 518 831 577 ὅταν
861 529 939 586 εἰς
965 542 1118 586 τινας
1146 521 1418 593 μαθήσεις
1447 525 1539 579 καὶ
1567 523 1728 595 ζητή-

43 624 155 671 σεις
180 606 464 670 συντόνως
483 611 555 676 ἴῃ,
576 603 887 673 κατατήκει,
910 602 1134 672 διδαχάς
1164 600 1213 658 τ’
1251 597 1323 659 αὖ
1354 607 1443 660 καὶ
1466 604 1640 676 μάχας
1667 606 1730 660 έν

45 689 229 758 λόγοις
253 688 555 756 ποιουμένη
574 688 810 755 δημοσίᾳ
845 684 936 738 καὶ
973 687 1084 754 ἰδίᾳ
1114 682 1188 738 δι’
1219 686 1417 755 ἐρίδων
1446 690 1537 742 καὶ
1566 692 1729 758 φιλο-

48 774 253 832 νεικίας
270 771 614 838 γιγνομένων
634 764 910 834 διάπυρον
927 763 1062 818 αὐτὸ
1078 770 1315 820 ποιοῦσα
1336 767 1472 834 λύει,
1493 769 1585 824 καὶ
1598 766 1731 838 ῥεύ-

48 871 192 920 ματα
225 848 528 918 ἐπάγουσα,
569 851 684 902 τῶν
714 848 1029 916 λεγομένων
1063 850 1267 913 ἰατρῶν
1302 846 1565 904 ἀπατῶσα
1601 848 1732 912 τοὺς

46 935 353 996 πλείστους,
383 927 648 983 τάναντία
686 932 971 983 αἰτιᾶσθαι
1000 939 1171 982 ποιεῖ·
1222 929 1381 1000 σῶμά
1410 951 1468 985 τε
1495 929 1631 986 ὅταν
1659 922 1733 984 αὖ

48 1013 185 1082 μέγα
205 1012 297 1066 καὶ
318 1009 641 1079 ὑπέρψυχον
660 1015 866 1080 σμικρᾷ
895 1011 1139 1079 ξυμφυὲς
1170 1007 1407 1067 ἀσθενεῖ
1429 1033 1487 1067 τε
1517 1015 1733 1083 διανοίᾳ

47 1095 287 1163 γένηται,
329 1094 526 1146 διττῶν
563 1093 876 1160 ἐπιθυμιῶν
906 1088 1095 1146 οὐσῶν
1139 1090 1307 1160 φύσει
1339 1090 1458 1147 κατ’
1502 1090 1735 1161 ἀνθρώ·
1765 1109 1798 1149 Β

48 1193 207 1240 κους,
234 1171 323 1227 διὰ
344 1177 501 1241 σῶμα
530 1171 632 1240 μὲν
659 1178 885 1241 τροφῆς,
918 1170 1007 1226 διὰ
1040 1171 1099 1227 δὲ
1128 1172 1189 1226 τὸ
1218 1172 1513 1228 θειότατον
1533 1179 1646 1228 τῶν
1674 1174 1736 1228 ἐν

48 1252 182 1324 ἡμῖν
218 1251 560 1322 φρονήσεως,
599 1254 660 1305 αἱ
685 1258 786 1305 τοῦ
818 1255 1129 1319 κρείττονος
1158 1253 1403 1322 κινήσεις
1434 1259 1738 1324 κρατοῦσαι

50 1336 138 1390 καὶ
158 1331 219 1389 τὸ
238 1335 340 1404 μὲν
358 1332 628 1402 σφέτερον
651 1330 936 1402 αὔξουσαι,
956 1329 1015 1387 τὸ
1041 1332 1100 1387 δὲ
1118 1337 1214 1402 τῆς
1233 1339 1410 1403 ψυχῆς
1430 1334 1628 1404 κωφὸν
1647 1335 1738 1389 καὶ

53 1413 339 1485 δυσμαθὲς
354 1411 614 1484 ἀμνῆμόν
631 1434 690 1468 τε
709 1418 987 1482 ποιοῦσαι,
1008 1410 1109 1483 τὴν
1127 1417 1389 1483 μεγίστην
1407 1412 1581 1469 νόσον
1595 1411 1739 1485 ἀμα-

53 1502 188 1551 θίαν
210 1494 685 1564 ἐναπεργάζονται.
730 1499 826 1565 μία
857 1495 922 1565 δὴ
955 1499 1194 1564 σωτηρία
1225 1494 1363 1562 πρὸς
1391 1494 1578 1567 ἄμφω,
1607 1495 1739 1566 μήτε

59 1577 161 1648 τὴν
182 1575 365 1646 ψυχὴν
385 1574 525 1630 ἄνευ
547 1576 798 1645 σώματος
826 1586 1001 1630 κινεῖν
1028 1575 1163 1646 μήτε
1190 1582 1349 1646 σῶμα
1378 1576 1516 1632 ἄνευ
1544 1583 1739 1648 ψυχῆς,

53 1662 147 1715 ἵνα
168 1656 496 1728 ἀμυνομένω
517 1663 827 1728 γίγνησθον
847 1655 1129 1727 ἰσορρόπω
1148 1658 1240 1712 καὶ
1259 1654 1406 1729 ὑγιῆ.
1427 1658 1526 1714 τὸν
1547 1658 1613 1730 δὴ
1634 1681 1741 1729 μα·-

55 1740 369 1811 θηματικὸν
387 1738 423 1809 ἤ
442 1761 563 1794 τινα
583 1737 757 1808 ἄλλην
786 1737 1005 1807 σφόδρα
1035 1739 1265 1807 μελέτην
1293 1741 1511 1812 διανοίᾳ
1540 1760 1739 1810 κατερ-
1772 1752 1802 1793 C

56 1822 362 1892 γαζόμενον
380 1822 470 1875 καὶ
502 1821 603 1890 τὴν
628 1826 731 1875 τοῦ
761 1818 1012 1890 σώματος
1043 1816 1348 1874 ἀποδοτέον
1377 1828 1612 1891 κίνησιν,
1640 1842 1744 1891 γυ-

58 1909 329 1975 μναστικῇ
350 1908 814 1972 προσομιλοῦντα,
834 1901 936 1955 τόν
955 1921 1012 1954 τε
1034 1893 1106 1954 αὖ
1126 1906 1282 1970 σῶμα
1302 1902 1568 1971 ἐπιμελῶς
1582 1904 1742 1957 πλάτ-

59 2007 225 2040 τοντα
243 1984 338 2048 τὰς
356 1991 451 2053 τῆς
471 1989 646 2054 ψυχῆς
674 1980 1083 2037 ἀνταποδοτέον
1103 1982 1363 2053 κινήσεις,
1385 1990 1627 2057 μουσικῇ
1655 1985 1746 2040 καὶ

0 2092 22 2103 -
61 2067 212 2138 πάσῃ
231 2070 535 2137 φιλοσοφίᾳ
556 2063 1004 2135 προσχρώμενον,
1027 2067 1075 2117 εί
1092 2066 1277 2133 μέλλει
1299 2068 1521 2130 δικαίως
1533 2087 1612 2130 τις
1632 2064 1746 2137 ἅμα

60 2148 163 2218 μὲν
181 2147 365 2216 καλός,
398 2145 511 2217 ἅμα
543 2147 601 2202 δὲ
633 2144 848 2215 ἀγαθὸς
878 2143 1066 2213 ὀρθῶς
1094 2146 1478 2217 κεκλήσεσθαι.
1516 2146 1655 2204 κατὰ
1687 2150 1746 2204 δὲ

61 2227 231 2283 ταύτὰ
270 2234 441 2282 ταῦτα
476 2229 567 2283 καὶ
596 2227 661 2283 τὰ
698 2228 835 2300 μέρη
871 2229 1266 2298 θεραπευτέον,
1304 2228 1366 2284 τὸ
1402 2236 1506 2285 τοῦ
1540 2229 1747 2294 παντὸς

64 2308 522 2380 ἀπομιμούμενον
542 2307 698 2373 εἶδος.
733 2315 835 2364 τοῦ
853 2310 960 2379 γὰρ
980 2308 1228 2380 σώματος
1253 2307 1364 2366 ὑπὸ
1401 2318 1514 2367 τῶν
1545 2313 1749 2368 εἰσιόν-
1784 2332 1816 2372 h

66 2412 178 2445 των
199 2392 477 2459 καομένου
494 2410 551 2444 τε
571 2388 726 2454 ἐντὸς
744 2392 834 2446 καὶ
853 2394 1190 2460 ψυχομένου,
1212 2394 1302 2446 καὶ
1315 2393 1487 2448 πάλιν
1509 2391 1618 2449 ὑπὸ
1637 2401 1750 2449 τῶν

67 2479 276 2540 ἔξωθεν
310 2476 712 2542 ξηραινομένου
739 2475 831 2528 καὶ
861 2470 1267 2543 ὑγραινομένου
1302 2476 1393 2530 καὶ
1429 2473 1497 2530 τὰ
1534 2475 1751 2540 τούτοις

68 2553 358 2611 ἀκόλουθα
377 2556 686 2624 πάσχοντος
704 2551 802 2609 ὑπ’
822 2552 1151 2625 ἀμφοτέρων
1170 2561 1283 2610 τῶν
1301 2556 1593 2627 κινήσεων,
1615 2555 1751 2612 ὅταν

68 2640 171 2709 μέν
189 2659 269 2701 τις
305 2633 538 2707 ἡσυχίαν
575 2635 716 2706 ἆγον
754 2636 814 2691 τὸ
847 2643 1003 2707 σῶμα
1033 2640 1316 2710 παραδιδῷ
1346 2650 1461 2703 ταῖς
1485 2637 1751 2711 κινήσεσι,

68 2722 350 2790 κρατηθὲν
370 2719 611 2787 διώλετο,
632 2720 731 2775 ἐὰν
755 2720 812 2776 δὲ
834 2718 906 2790 ἥν
934 2741 991 2775 τε
1021 2717 1237 2789 τροφὸν
1267 2722 1357 2776 καὶ
1385 2721 1624 2792 τιθήνην
1654 2726 1753 2778 τοῦ

69 2801 275 2865 παντὸς
306 2807 677 2872 προσείπομεν
713 2809 942 2874 μιμῆταί
976 2826 1073 2873 τις,
1110 2805 1198 2859 καὶ
1241 2801 1300 2858 τό
1339 2809 1496 2875 σῶμα
1522 2805 1754 2876 μάλιστα

218 2881 367 2925 Puro
397 2881 470 2924 lv,
1441 2887 1499 2928 26
