1962 3236
218 148 323 201 404
853 146 1323 195 ΠΛΑΤΩΝΟΣ
1826 151 1883 194 86

156 292 187 333 G
217 290 319 339 τοῦ
340 282 767 354 γεγυμνασμένῳ
788 288 1016 349 φρονεῖν
1035 299 1136 376 μεν
1155 275 1412 332 ἀθάνατα
1431 278 1523 332 καὶ
1549 283 1697 346 θεῖα,
1717 275 1888 344 ἄνπερ

218 364 478 435 ἀληθείας
498 362 818 432 ἐφάπτηται,
848 365 996 414 πᾶσα
1017 355 1230 429 ἀνάγκη
1249 377 1378 427 που,
1399 355 1535 412 καθ’
1568 354 1703 412 ὅσον
1733 353 1787 410 δ’
1818 359 1888 410 αὐ

217 456 501 517 μετασχεῖν
522 441 855 510 ἀνθρωπίνη
875 439 1039 510 φύσις
1052 436 1360 504 ἀθανασίας
1378 439 1668 509 ἐνδέχεται,
1688 437 1891 492 τούτου

218 526 390 597 μηδὲν
408 528 570 596 μέρος
589 521 925 590 ἀπολείπειν,
946 519 1041 576 ἅτε
1066 520 1124 576 δὲ
1143 517 1226 575 ἀεὶ
1244 518 1632 590 θεραπεύοντα
1649 518 1710 574 τό
1732 526 1892 573 θεῖον

220 606 413 677 ἔχοντά
431 627 488 660 τε
507 603 680 660 αὐτὸν
702 598 767 658 εὖ
797 602 1209 672 κεκοσμημένον
1237 599 1338 655 τὸν
1371 604 1601 670 δαίμονα
1633 599 1893 665 ξύνοικον

219 690 281 742 έν
310 684 462 758 αὑτῷ
492 683 867 756 διαφερόντως
904 680 1204 754 εὐδαίμονα
1241 680 1395 737 εἶναι.
1432 685 1701 751 θεραπεία
1731 682 1790 736 δὲ
1825 678 1890 750 δὴ

220 769 381 822 παντὶ
401 766 620 830 πάντως
639 770 752 836 μία,
765 763 860 828 τὰς
873 767 1074 828 οἰκείας
1092 763 1299 837 ἑκάστῳ
1318 761 1528 834 τροφάς
1547 764 1637 818 καὶ
1656 761 1895 832 κινήσεις

152 853 186 892 D
221 847 578 903 ἀποδιδόναι·
614 851 692 920 τῷ
714 844 763 901 δ’
797 849 857 900 έν
888 842 1019 915 ἡμῖν
1045 850 1181 917 θείῳ
1213 849 1490 915 ξυγγενεῖς
1519 846 1620 900 εἰσὶ
1653 844 1894 914 κινήσεις

221 933 282 984 αἱ
295 934 395 984 τοῦ
414 926 620 993 παντὸς
637 927 945 997 διανοήσεις
962 929 1053 981 καὶ
1071 931 1372 996 περιφοραί
1383 947 1392 957 ·
1431 925 1652 989 ταύταις
1672 923 1739 994 δὴ
1762 928 1895 989 ξυν-

221 1009 495 1080 επόμενον
521 1011 753 1064 ἕκαστον
783 1011 869 1061 δεῖ
888 1004 986 1071 τὰς
1007 1007 1131 1077 περὶ
1158 1006 1261 1077 τὴν
1279 1009 1498 1076 γένεσιν
1515 1009 1576 1061 ἐν
1594 1011 1659 1077 τῇ
1679 1010 1892 1075 κεφαλῇ

222 1090 633 1160 διεφθαρμένας
651 1086 812 1159 ἡμῶν
826 1088 1118 1159 περιόδους
1145 1089 1485 1155 ἐξορθοῦντα
1514 1086 1603 1142 διὰ
1635 1086 1695 1141 τὸ
1727 1107 1896 1141 κατα-

221 1171 535 1243 μανθάνειν
553 1167 650 1234 τάς
677 1175 779 1224 τοῦ
809 1167 1013 1234 παντὸς
1033 1166 1295 1240 ἁρμονίας
1311 1190 1370 1223 τε
1391 1170 1480 1224 καὶ
1498 1166 1804 1240 περιφορὰς
1821 1174 1897 1240 τῷ

220 1254 647 1323 κατανοουμένῳ
664 1249 724 1305 τὸ
738 1255 1050 1304 κατανοοῦν
1061 1252 1383 1319 ἐξομοιῶσαι
1399 1247 1534 1304 κατὰ
1546 1248 1645 1319 τὴν
1665 1247 1897 1319 ἀρχαίαν

222 1334 414 1404 φύσιν,
445 1331 792 1402 ὁμοιώσαντα
825 1331 883 1385 δὲ
919 1332 1069 1394 τέλος
1098 1333 1240 1399 ἔχειν
1269 1335 1370 1383 τοῦ
1397 1333 1764 1400 προτεθέντος
1794 1327 1895 1382 ἀν-

222 1415 474 1485 θρώποις
493 1411 600 1469 ὑπὸ
622 1419 776 1468 θεῶν
798 1410 1027 1483 ἀρίστου
1045 1415 1171 1481 βίου
1193 1411 1330 1480 πρός
1349 1433 1406 1466 τε
1424 1411 1524 1465 τὸν
1543 1411 1790 1479 παρόντα
1809 1411 1897 1464 καὶ

222 1494 321 1550 τὸν
341 1499 524 1550 ἔπειτα
543 1494 763 1563 χρόνον.

156 1590 189 1628 Ε
364 1579 525 1629 XLIV.
563 1575 672 1629 Καὶ
702 1571 768 1644 δὴ
800 1573 891 1628 καὶ
918 1570 983 1627 τὰ
1015 1579 1121 1627 νῦν
1151 1570 1283 1642 ἡμῖν
1310 1574 1363 1637 έξ
1391 1569 1558 1642 ἀρχῆς
1587 1579 1897 1642 παραγγελ-

221 1659 394 1710 θέντα
416 1659 717 1720 διεξελθεῖν
734 1654 857 1721 περὶ
876 1659 977 1707 τοῦ
997 1650 1200 1715 παντὸς
1211 1655 1369 1723 μέχρι
1386 1655 1650 1721 γενέσεως
1669 1649 1898 1721 ανθρω-

223 1741 386 1806 πίνης
406 1733 646 1806 σχεδόν’
625 1740 769 1790 έοικε
797 1735 950 1797 τέλος
979 1731 1237 1803 ἔχειν.τά
1249 1731 1367 1831 γὰρ
1383 1732 1520 1788 ἄλλα
1541 1736 1647 1797 ζῶα
1674 1755 1708 1804 η
1737 1735 1899 1802 γέγο-

223 1838 322 1872 νεν
342 1811 432 1886 αὖ,
461 1815 550 1871 διὰ
573 1818 823 1886 βραχέων
846 1818 1221 1886 ἐπιμνηστέον,
1244 1811 1273 1868 ὃ
1294 1814 1367 1884 μή
1391 1835 1471 1879 τις
1490 1811 1698 1884 ἀνάγκη
1720 1815 1899 1885 μηκύ-

222 1919 362 1953 νειν·
411 1895 558 1952 οὕτω
588 1895 694 1967 γὰρ
732 1896 1117 1967 έμμετρότερός
1151 1918 1231 1960 τις
1268 1891 1339 1949 ἀν
1380 1893 1527 1969 αὑτῷ
1569 1895 1741 1961 δόξειε
1777 1898 1898 1964 περὶ

222 1978 353 2042 τοὺς
371 1976 587 2032 τούτων
605 1978 804 2047 λόγους
826 1975 980 2032 εἶναι.
1019 1974 1141 2049 τῇδ’
1165 1970 1269 2031 οὖν
1286 1974 1346 2031 τὸ
1367 1984 1622 2031 τοιοῦτον
1641 1981 1777 2031 ἔστω
1808 1983 1898 2029 λε-

223 2058 479 2129 γόμενον.
504 2065 618 2113 τῶν
637 2059 956 2128 γενομένων
975 2056 1199 2127 ἀνδρῶν
1218 2055 1339 2111 ὅσοι
1360 2059 1528 2110 δειλοὶ
1546 2057 1636 2110 καὶ
1655 2054 1754 2110 τὸν
1773 2061 1896 2125 βίον

226 2137 427 2203 ἀδίκως
459 2142 713 2209 διῆλθον,
744 2137 881 2193 κατά
912 2137 1082 2206 λόγον
1110 2135 1208 2191 τὸν
1240 2137 1422 2192 εἰκότα
1457 2146 1712 2205 γυναῖκες
1741 2156 1898 2205 μετε-

143 2234 197 2278 91
231 2218 443 2287 φύοντο
475 2221 535 2272 ἐν
563 2225 630 2290 τῇ
659 2221 888 2289 δευτέρᾳ
918 2220 1150 2286 γενέσει·
1190 2219 1281 2271 καὶ
1308 2215 1429 2271 κατ’
1462 2219 1674 2271 ἐκεῖνον
1705 2214 1770 2285 δὴ
1801 2215 1898 2269 τὸν

225 2298 430 2368 χρόνον
451 2295 540 2352 διά
558 2302 733 2352 ταῦτα
755 2299 880 2353 θεοὶ
909 2296 1010 2353 τὸν
1037 2304 1132 2367 τῆς
1160 2301 1452 2363 ξυνουσίας
1477 2301 1649 2366 ἔρωτα
1681 2297 1898 2366 ἐτεκτή-

225 2400 413 2447 ναντο,
442 2383 581 2444 ζῶον
598 2378 659 2434 τό
682 2401 784 2448 μεν
803 2381 865 2434 έν
886 2376 1034 2449 ἡμῖν,
1054 2379 1114 2433 τό
1140 2377 1191 2433 δ’
1221 2381 1283 2434 ἐν
1309 2389 1424 2442 ταῖς
1450 2379 1665 2448 γυναιξὶ
1696 2380 1899 2473 συστή-

228 2475 420 2523 σαντες
437 2464 700 2529 ἔμψυχον,
721 2463 916 2556 τοιῳδε
934 2460 1119 2532 τρόπῳ
1141 2459 1467 2530 ποιήσαντες
1489 2458 1761 2526 εκάτερον.
1797 2455 1898 2527 τὴν

226 2547 326 2595 τοῦ
357 2545 533 2594 ποτοῦ
565 2542 828 2608 διέξοδον,
859 2562 893 2610 η
932 2538 1021 2594 διὰ
1051 2546 1154 2594 τοῦ
1182 2540 1492 2609 πλεύμονος
1518 2537 1579 2593 τὸ
1608 2539 1756 2608 πόμα
1788 2536 1894 2592 ὑπὸ

226 2619 356 2684 τοὺς
375 2617 620 2690 νεφροὺς
639 2623 716 2683 εἰς
733 2617 833 2689 τὴν
854 2619 1049 2673 κύστιν
1068 2618 1238 2675 ἐλθὸν
1267 2622 1357 2674 καὶ
1376 2640 1450 2692 τῳ
1473 2619 1742 2689 πνεύματι
1769 2625 1897 2673 θλι-

229 2702 378 2770 φθὲν
417 2703 780 2770 ξυνεκπέμπει
810 2703 1090 2771 δεχομένη,
1121 2674 1458 2771 ξυνέτρησάν
1493 2705 1568 2763 εἰς
1594 2698 1695 2754 τὸν
1717 2701 1777 2752 ἐκ
1803 2706 1897 2769 τῆς
1960 2767 1962 2772 .

230 2786 475 2850 κεφαλῆς
509 2779 647 2835 κατὰ
687 2780 1024 2854 τόνγαύχένα
1058 2783 1147 2836 καὶ
1185 2780 1274 2835 διὰ
1308 2786 1404 2851 τῆς
1441 2781 1646 2850 ῥάχεως
1691 2778 1896 2848 μυελὸν
