1962 3236
20 27 181 228 s
309 102 338 140 '⁴
620 133 1102 182 ΠΟΛΙΤΕΙΑΣ
1133 129 1192 178 α’.
1678 128 1743 180 17

16 227 133 460 ζ
141 281 272 334 ιετν,
313 267 645 324 τούναντίον
662 262 700 336 ἢ
719 263 753 321 ὃ
771 263 841 319 σύ
862 265 1062 334 λέγεις;
1102 261 1163 319 τὸ
1187 262 1294 333 γάρ
1313 269 1415 319 τοῦ
1434 268 1748 330 κρείττονος.

121 356 393 422 ,υμφορον
422 350 603 420 δήπου
620 346 1013 415 προστάττεται
1033 356 1144 409 τοῖς
1162 343 1352 415 ἥττοσι
1380 347 1574 400 ποιεῖν.
1629 347 1745 400 Ναὶ

67 460 141 507 μα
163 434 255 491 Δί’
263 442 432 506 ,ἔφη,
455 427 500 488 ῶ
519 433 846 500 Σώκρατες,
867 429 896 486 6
918 433 1299 499 Πολέμαρχος,
1325 428 1640 498 σαφέστατά
1664 449 1740 498 γε.
1773 445 1860 489 340

61 518 189 573 Ἐὰν
216 518 288 571 σύ
317 514 393 585 γ’,
430 520 538 584 ἔφη
555 555 568 580 ,
606 511 756 567 αὐτῶ
786 513 1168 610 μαρτυρήσῃς,
1205 511 1235 565 6
1256 518 1583 614 Κλειτοφῶν
1603 508 1746 565 ὑπο-

66 600 269 671 λαβών.
309 599 416 653 Καὶ
444 602 520 666 τί,
561 601 696 667 ἔφη,
736 599 907 650 δεῖται
927 598 1232 665 μάρτυρος;
1274 595 1440 660 αὐτὸς
1459 596 1566 666 γὰρ
1593 602 1746 664 Θρα-

66 683 309 750 σύμαχος
327 676 587 747 ὁμολογεῖ
598 676 728 742 τοὺς
756 678 857 747 μὲν
888 677 1156 747 ἄρχοντας
1178 682 1348 734 ἐνίοτε
1370 680 1581 743 ἑαυτοῖς
1601 675 1743 734 κακὰ

66 761 450 829 προστάττειν,
480 771 592 823 τοῖς
612 757 671 813 δὲ
690 756 1012 828 ἀρχομένοις
1031 763 1248 814 δίκαιον
1268 759 1408 814 εἶναι
1427 765 1599 813 ταῦτα
1620 780 1745 814 ποι-

67 854 163 897 εῖν.
226 843 300 896 Τὸ
330 861 438 910 γαρ
471 838 536 894 τὰ
567 841 904 910 κελευόμενα
933 852 1139 907 ποιεῖν,
1179 834 1224 893 ιῑῗ
1243 842 1593 911 Πολέμαρχε,
1634 838 1742 895 ὑπὸ

65 930 179 978 τῶν
198 920 484 991 ἀρχόντων
504 925 722 976 δίκαιον
740 920 879 976 εἶναι
899 927 1059 976 ἔθετο
1080 921 1460 991 Θρασύμαχος.
1511 924 1617 976 Καὶ
1637 921 1743 991 γὰρ

66 1002 127 1059 τό
148 1011 249 1058 τοῦ
268 1009 596 1070 κρείττονος,
620 995 665 1055 ὦ
685 1007 1012 1070 Κλειτοφῶν
1026 1044 1039 1060 ,
1061 1003 1346 1071 ξυμφέρον
1370 1006 1586 1057 δίκαιον
1603 1002 1744 1058 εἶναι

66 1091 241 1140 ἔθετο.
263 1090 436 1139 ταῦτα
457 1084 516 1139 δὲ
536 1081 822 1153 ἀμφότερα
841 1086 1078 1153 θέμενος
1098 1082 1456 1154 ὡμολόγησεν
1476 1079 1550 1138 αὖ
1571 1087 1744 1139 ε’νίοτε
1775 1097 1806 1137 Β

66 1164 196 1229 τοὺς
215 1171 495 1232 κρείττους
517 1165 583 1218 τὰ
602 1162 790 1228 αὐτοῖς
808 1165 1099 1234 ἀξύμφορα
1130 1163 1378 1219 κελεύειν
1396 1163 1529 1229 τούς
1547 1163 1746 1235 ἥττους

63 1267 123 1301 τε
151 1247 241 1300 καὶ
273 1244 614 1314 ἀρχομένους
642 1258 835 1300 ποιεῖν.
874 1250 933 1300 ἐκ
963 1250 1023 1301 δὲ
1053 1247 1270 1300 τούτων
1300 1253 1413 1300 τῶν
1432 1244 1748 1314 ὁμολογιῶν

67 1325 236 1383 οὐδὲν
255 1333 468 1396 μᾶλλον
496 1327 556 1381 τὸ
579 1333 681 1381 τοῦ
699 1333 1013 1395 κρείττονος
1031 1331 1313 1396 ξυμφέρον
1335 1332 1550 1382 δίκαιον
1571 1324 1641 1381 ἄν
1662 1336 1746 1398 εἴη

64 1405 100 1479 ἦ
118 1409 177 1463 τὸ
199 1408 272 1479 μὴ
295 1412 592 1478 ξυμφέρον.
625 1406 791 1478 Ἀλλ’,
814 1414 918 1479 ἔφη
942 1407 970 1464 6
993 1415 1337 1478 Κλειτοφῶν,
1358 1406 1420 1463 τὸ
1443 1415 1545 1463 τοῦ
1563 1414 1746 1474 κρείτ-

63 1511 225 1554 τονος
243 1491 525 1559 ξυμφέρον
543 1495 731 1559 ἔλεγεν
759 1487 792 1544 ὅ
820 1488 1004 1561 ἡγοῖτο
1026 1490 1053 1542 ὁ
1077 1498 1340 1558 κρείττων
1363 1489 1512 1562 αυτῷ
1534 1492 1745 1560 ξυμφέ-

65 1592 183 1638 ρειν
196 1593 208 1606 ·
231 1577 395 1626 τοῦτο
414 1574 669 1642 ποιητέον
686 1570 827 1626 εἶναι
842 1579 919 1645 τῷ
938 1570 1142 1643 ἥττονι,
1165 1573 1255 1627 καὶ
1272 1571 1330 1626 τὸ
1352 1575 1567 1626 δίκαιον
1582 1577 1744 1626 τοῦτο

63 1658 294 1711 ἐτίθετο.
330 1651 472 1710 Ἀλλ’
496 1653 598 1725 οὐχ
617 1654 820 1723 οὕτως,
844 1649 879 1725 ἦ
901 1653 950 1710 δ’
977 1653 1036 1720 ὃς
1057 1653 1087 1710 6
1107 1659 1491 1725 Πολέμαρχος,
1515 1658 1740 1725 ἐλέγετο.

67 1735 249 1792 Οὐδέν
264 1776 279 1800 ,
316 1728 388 1805 ἦν
404 1733 457 1790 δ’
482 1737 615 1806 ἐγώ,
654 1731 701 1791 ὦ
719 1740 1067 1806 Πολέμαρχε,
1110 1740 1383 1806 διαφέρει,
1422 1734 1547 1792 ἀλλ’
1571 1742 1620 1792 εἰ
1635 1743 1745 1792 νῦν
1777 1741 1808 1785 C

66 1817 211 1872 οὕτω
231 1819 376 1886 λέγει
397 1819 780 1887 Θρασύμαχος,
802 1840 978 1882 ουτως
999 1815 1173 1872 αὐτοῦ
1194 1815 1611 1914 ἀποδεχώμεθα,

204 1903 329 1954 xlv,
369 1905 481 1952 Καί
495 1920 588 1968 μοι
610 1901 751 1968 εἰπέ,
794 1920 835 1953 ω
856 1907 1214 1967 Θρασυμαχε·
1253 1904 1417 1953 τοῦτο
1438 1901 1508 1967 ἡν
1526 1895 1558 1952 6
1578 1898 1742 1968 ἐβού-

65 1988 168 2037 λου
195 1983 376 2050 λέγειν
405 1980 466 2034 τό
500 1984 742 2049 δίκαιον,
779 1982 841 2034 τὸ
872 1987 973 2034 τοῦ
1003 1988 1313 2047 κρείττονος
1344 1981 1627 2050 ξυμφέρον
1646 1983 1743 2034 δο-

64 2072 204 2121 κοῦν
226 2062 366 2120 εἶναι
385 2070 460 2137 τῷ
482 2070 754 2131 κρείττονι
768 2107 780 2122 .
802 2064 901 2119 ἐάν
919 2086 976 2119 τε
997 2067 1247 2134 ξυμφέρῃ
1269 2064 1368 2118 ἐάν
1386 2086 1442 2118 τε
1462 2063 1564 2133 μή;
1594 2061 1744 2118 οὕτω

66 2163 126 2201 σε
146 2152 340 2216 φῶμεν
359 2148 566 2214 λέγειν;
602 2143 834 2201 ’Ὴκιστά
854 2144 929 2216 γ’,
969 2153 1101 2216 ἔφη·
1140 2143 1278 2200 αλλὰ
1308 2150 1532 2211 κρείττω
1554 2166 1619 2214 με
1641 2153 1744 2200 οἴει

64 2234 253 2284 καλεῖν
290 2226 389 2282 τὸν
428 2230 898 2298 ἐξαμαρτάνοντα,
937 2226 1074 2283 ὅταν
1110 2227 1480 2326 ἐξαμαρτάνω
1511 2288 1513 2292 v
1515 2226 1740 2297 Ἔγωγε,

65 2308 246 2378 εἶπον,
288 2308 443 2381 ὤμην
462 2327 523 2364 σε
545 2317 708 2365 τοῦτο
731 2314 938 2380 λέγειν,
978 2318 1065 2365 ’ότε
1086 2310 1216 2374 τοὺς
1236 2309 1504 2380 ἄρχοντας
1524 2307 1742 2379 ὡμολό-

64 2411 177 2459 γεις
193 2388 296 2445 οὐκ
315 2390 736 2463 ἀναμαρτήτους
757 2392 924 2460 εἶναι,
958 2391 1095 2447 ἀλλά
1127 2415 1173 2446 τι
1207 2393 1296 2447 καὶ
1326 2393 1734 2461 ἐξαμαρτάνειν.
1767 2404 1802 2445 D

66 2473 439 2541 Συκοφάντης
466 2476 573 2542 γὰρ
606 2473 679 2544 εἶ,
712 2482 845 2546 ἔφη,
881 2469 926 2531 ὦ
956 2477 1279 2543 Σώκρατες,
1311 2477 1370 2529 έν
1399 2486 1510 2538 τοῖς
1530 2475 1739 2544 λόγοις·

65 2554 178 2607 ἐπεὶ
215 2550 411 2606 αὐτίκα
451 2556 641 2622 ἰατρὸν
676 2565 859 2623 καλεῖς
893 2557 964 2613 σὺ
1002 2558 1100 2613 τόν
1134 2557 1578 2627 ἐξαμαρτάνοντα
1616 2555 1742 2623 περὶ

63 2634 194 2697 τοὺς
215 2634 525 2702 κάμνοντας
543 2634 664 2690 κατ’
698 2637 833 2692 αὐτὸ
854 2644 1019 2693 τοῦτο
1041 2638 1069 2691 ὸ
1061 2638 1476 2735 §gagaprdvnj
1521 2633 1557 2708 ἢ
1585 2643 1740 2708 λογι-

63 2716 269 2771 στικόν.
291 2712 351 2778 ὃς
370 2711 440 2768 ἄν
463 2719 524 2771 ἐν
544 2724 789 2805 λογισμῶ
808 2717 1113 2790 ἁμαρτάνῃ,
1135 2722 1254 2774 τότε
1275 2718 1409 2774 ὅταν
1433 2717 1738 2791 ἆμαρτανῃ,

62 2818 195 2851 κατα
203 2817 546 2921 ἔαυτηῖντην
564 2797 861 2869 αμαρτίανς
902 2799 1022 2855 άλλ
1030 2801 1255 2874 ,οἷμαι,
1289 2808 1524 2871 λέγομεν
1540 2810 1616 2857 τῶ
1637 2802 1738 2873 ῥηϊ-

238 2889 354 2920 nno
1431 2883 1462 2926 2
