1962 3236
1930 42 1949 66 ’.ς

185 217 289 267 ⁶230
823 221 1294 269 ΠΛΑΤΩΝΟΣ

184 357 304 423 ἔφη.
353 353 687 422 Παράνομος
716 351 803 422 δή,
835 351 1001 421 οἶμαι,
1030 353 1175 417 δόξει
1200 356 1488 423 γεγονέναι
1516 359 1575 411 ἐκ
1603 363 1855 427 νομιμοῦ.

176 430 431 504 Ἀνάγκη.
475 431 720 500 Οὐκοῦν,
743 436 900 503 ἔφην,
925 433 1072 498 εἰκὸς
1098 433 1158 489 τὸ
1180 435 1361 499 πάθος
1377 443 1488 491 τῶν
1508 435 1655 492 οὕτω
1675 437 1860 507 λόγων

183 511 506 584 ἁπτομένων
527 518 634 583 καί,
660 510 689 568 ὃ
718 513 838 584 άρτι
859 519 1065 585 ἔλεγον,
1097 523 1298 587 πολλῆς
1320 517 1648 587 συγγνώμης
1680 517 1859 584 &geom

181 598 291 651 Καὶ
313 598 466 650 ἐλέου
485 595 559 665 γ’,
587 600 706 665 ἔφη.
750 593 1023 650 Οὐκοῦν’
999 618 1088 651 ινα
1107 595 1179 667 μὴ
1213 602 1463 668 γίγνηται
1482 595 1510 653 ὁ
1533 603 1679 662 ἔλεος
1699 600 1859 664 οὐτος

183 678 306 745 περὶ
335 674 467 740 τούς
495 675 921 747 τριακοντούτας
946 694 1049 745 σοι,
1082 675 1470 775 εὐλαβουμένῳ
1490 682 1650 733 παντὶ
1671 681 1859 778 τρόπῳ

183 762 296 810 τῶν
333 757 518 826 λόγων
549 757 777 821 ἁπτέον;
812 759 921 812 Καὶ
946 757 1095 827 μάλ’,
1128 751 1165 828 ἦ
1190 758 1242 812 δ’
1273 757 1349 823 ὅς.
1381 753 1493 828 Ἆρ’
1530 754 1633 814 οὖν
1665 759 1732 815 οὐ
1762 767 1857 832 μία

120 853 153 892 Β
184 837 284 907 μὲν
305 836 558 909 εὐλάβεια
580 838 717 909 αὕτη
739 840 928 909 συχνή,
956 837 1015 893 τὸ
1039 840 1110 909 μὴ
1133 842 1294 903 νέους
1314 839 1476 904 ὄντας
1494 840 1679 896 αὐτῶν
1698 842 1860 912 γεύε-

185 927 347 985 σθαι;
387 918 651 991 οἷμαιγάρ
672 936 733 975 σε
755 920 822 974 οὐ
846 922 1156 991 λεληθέναι,
1180 919 1262 974 ὅτι
1282 925 1337 976 οί
1348 928 1704 993 μειρακίσκοι,
1726 921 1860 977 ὅταν

183 999 244 1055 τὸ
275 1008 494 1070 πρῶτον
515 1001 698 1070 λόγων
717 1002 1006 1071 γεύωνται,
1031 999 1103 1065 ὠς
1123 1007 1314 1074 παιδιᾷ
1335 1001 1517 1067 αὐτοῖς
1537 1011 1857 1074 καταχρῶν-

183 1105 288 1150 ται,
329 1081 411 1136 ἀεὶ
449 1087 525 1147 είς
560 1080 875 1151 ἀντιλογίαν
907 1081 1196 1152 χρεόμενοι,
1236 1085 1326 1137 καὶ
1365 1085 1689 1154 μιμούμενοι
1731 1084 1860 1147 τοὺς

188 1165 563 1232 ἐξελέγχοντας
603 1162 758 1219 αὐτοὶ
792 1163 993 1228 ἄλλους
1027 1167 1321 1234 ἐλέγχουσι,
1363 1170 1641 1235 χαίροντες
1675 1164 1855 1234 ὥσπερ

185 1245 454 1300 σκυλάκια
473 1252 551 1318 τῷ
570 1246 748 1300 ἕλκειν
767 1268 822 1300 τε
843 1248 930 1301 καὶ
953 1246 1284 1315 σπαράττειν
1301 1253 1379 1318 τῷ
1398 1246 1544 1318 λόγῳ
1564 1245 1694 1309 τοὺς
1719 1253 1859 1315 πλη-

185 1332 308 1381 σίον
329 1325 425 1382 άεί.
458 1325 777 1397 ’Τπερφυῶς
798 1328 898 1397 μὲν
921 1322 1043 1396 οὖν,
1065 1332 1186 1398 ἔφη.
1229 1325 1456 1382 Οὐκοῦν
1476 1326 1609 1381 ὅταν
1633 1325 1696 1397 δὴ
1721 1334 1859 1382 πολ-

186 1409 317 1472 λοὺς
353 1410 453 1478 μὲν
491 1408 644 1463 αὐτοὶ
682 1411 987 1478 ἐλέγξωσιν,
1027 1407 1135 1464 ὑπὸ
1174 1415 1396 1463 πολλῶν
1435 1410 1492 1464 δὲ
1540 1410 1859 1478 ἐλεγχθῶσι,

125 1512 156 1552 c
187 1490 406 1560 σφόδρα
425 1491 515 1544 καὶ
534 1490 668 1559 ταχυ
689 1492 1052 1559 ἐμπίπτουσιν
1084 1493 1158 1553 είς
1183 1487 1242 1544 τὸ
1265 1492 1436 1559 μηδὲν
1464 1487 1720 1558 ἡγεῖσθαι
1750 1481 1862 1543 ὦν-

185 1591 286 1640 περ
306 1569 598 1641 πρότερον·
637 1571 726 1624 καὶ
747 1573 803 1624 ἐκ
825 1571 1039 1625 τούτων
1059 1569 1124 1640 δὴ
1149 1569 1311 1624 αὐτοί
1325 1591 1382 1624 τε
1404 1571 1492 1624 καὶ
1522 1568 1582 1624 τὸ
1614 1567 1746 1624 ὅλον
1766 1590 1862 1638 φι-

184 1658 451 1721 λοσοφίας
488 1654 611 1721 πέρι
650 1656 725 1715 εἰς
762 1650 893 1716 τούς
932 1652 1133 1715 ἄλλους
1180 1654 1582 1722 διαβέβληνται.
1633 1648 1859 1720 Ἀληθέ-

186 1749 370 1802 στατα,
397 1736 515 1802 ἔφη.
539 1729 596 1787 Ο
620 1731 677 1787 δὲ
698 1731 762 1803 δη
787 1733 1173 1804 πρεσβύτερος,
1200 1735 1272 1803 ἡν
1292 1729 1344 1786 δ’
1367 1732 1489 1802 ἐγω,
1513 1739 1607 1802 τῆς
1627 1732 1727 1802 μὲν
1745 1753 1861 1785 τοι-

186 1812 356 1883 αύτης
376 1818 572 1883 μανιάς
592 1811 695 1867 ούκ
715 1809 785 1867 ὄὶν
806 1815 989 1868 ἐθέλοι
1011 1816 1268 1883 μετέχειν,
1297 1811 1395 1867 τὸν
1426 1812 1482 1867 δὲ
1514 1814 1863 1882 διαλέγεσθαι

186 1897 449 1949 ἐθέλοντα
482 1896 573 1949 καὶ
604 1907 832 1949 σκοπειν
863 1892 1097 1964 τάληθὲς
1124 1900 1336 1964 μᾶλλον
1373 1893 1661 1963 μιμήσεται
1689 1889 1724 1963 ἢ
1763 1891 1861 1947 τὸν

187 1978 405 2039 παιδιᾶς
424 1974 587 2045 χάριν
608 1980 867 2040 παίζοντα
886 1977 976 2030 καὶ
996 1973 1366 2044 ἀντιλέγοντα,
1389 1976 1474 2027 καὶ
1497 1971 1661 2036 αὐτός
1678 1995 1734 2026 τε
1762 1994 1861 2041 με-

119 2075 154 2114 D
185 2056 477 2127 τριώτερος
496 2059 644 2110 ἔσται
673 2057 762 2110 καὶ
791 2054 852 2109 τὸ
884 2055 1215 2125 ἐπιτήδευμα
1242 2053 1566 2123 τιμιώτερον
1596 2052 1716 2106 άντὶ
1746 2050 1862 2106 άτι-

187 2140 423 2206 μοτέρου
443 2136 672 2206 ποιήσει.
704 2134 932 2204 Ὀρθῶς,
954 2140 1072 2205 ἔφη.
1131 2134 1357 2190 Οὐκοῦν
1386 2136 1477 2189 καὶ
1507 2132 1571 2188 τὰ
1603 2145 1863 2202 προειρή-

187 2219 324 2288 μένα
343 2216 545 2271 τούτου
557 2214 634 2271 ἐπ’
656 2215 911 2289 εὐλαβείᾳ
924 2217 1101 2271 πάντα
1122 2221 1455 2286 προείρηται,
1477 2212 1536 2269 τὸ
1560 2213 1656 2278 τας
1672 2215 1864 2283 φύσεις

188 2303 452 2368 κοσμίους
473 2297 609 2353 εἶναι
638 2298 728 2352 καὶ
749 2303 1060 2367 στασίμους,
1093 2293 1172 2361 οἷς
1191 2320 1268 2360 τις
1300 2295 1597 2366 μεταδώσει
1629 2302 1740 2350 τῶν
1771 2295 1866 2351 λό-

187 2402 320 2451 γων,
343 2381 433 2435 καὶ
451 2378 523 2450 μὴ
548 2402 619 2444 ως
639 2386 746 2434 νῦν
766 2376 794 2434 ὁ
821 2378 1001 2448 τυχών
1025 2381 1115 2434 καὶ
1146 2376 1311 2433 οὐδὲν
1332 2376 1629 2448 προσήκων
1657 2383 1866 2448 ἔρχεται

190 2460 276 2517 ἐπ’
299 2460 465 2528 αὐτός
499 2461 665 2515 Πάνυ
684 2461 784 2531 μὲν
804 2463 924 2529 οὐν,
948 2466 1069 2531 ἕ.φη

333 2504 508 2597 XVIII.
545 2539 724 2611 Ἀρκεῖ
752 2540 816 2612 δὴ
855 2543 938 2597 ἐπὶ
970 2543 1154 2611 λόγων
1178 2542 1473 2612 μεταλήψει
1497 2553 1676 2610 μεῖναι
1714 2542 1866 2593 ἐνδε-

194 2630 362 2693 λεχως
371 2625 462 2678 καὶ
481 2622 775 2692 ξυντόνως,
791 2623 962 2692 μηδὲν
977 2621 1108 2676 ἄλλο
1128 2621 1438 2691 πράττοντι,
1452 2619 1562 2675 ἀλλ’
1579 2618 1865 2686 ἀντιστρό-

196 2726 314 2774 φως
331 2705 723 2777 γυμναζομένῳ
744 2716 855 2767 τοῖς
877 2706 999 2772 περὶ
1023 2703 1084 2757 τὸ
1108 2710 1261 2773 σῶμα
1292 2708 1630 2772 γυμνασίοις,
1663 2705 1752 2770 ἔτη
1783 2705 1867 2755 δι-

132 2801 165 2840 Ε
195 2785 397 2839 πλάσια
416 2784 452 2855 ἢ
470 2786 617 2849 τότε;
639 2783 747 2851 ”Ἐξ,
771 2789 892 2854 ἔφη,
914 2781 949 2854 ἦ
967 2786 1193 2854 τέτταρα
1214 2786 1414 2852 λέγεις;
1447 2781 1669 2851 Ἀμέλει,
1694 2780 1865 2851 εἶπον,

198 2872 358 2921 πέντε
377 2868 488 2929 θές.
528 2866 661 2935 μετὰ
679 2866 785 2935 γάρ
810 2873 971 2920 τοῦτο
1007 2866 1420 2935 καταβιβαστέοι
1440 2866 1657 2917 ἔσονταί
1683 2880 1770 2917 σοι
1795 2866 1869 2926 εἰς
