1962 3236
184 143 286 195 198
801 146 977 192 ΠΛΑ
998 144 1282 192 ΤῼΝΟΣ
1325 102 1329 104 ’

1874 257 1879 273 ,
1950 251 1962 270 η

182 279 357 349 φάναι
394 301 457 352 με
478 284 658 350 λέγειν
687 277 788 333 τὸν
816 283 918 332 τοῦ
955 275 1179 347 ἀγαθοῦ
1223 281 1483 346 ἔκγονον,
1514 277 1581 333 ὁν
1618 278 1912 350 τάγαθόνζν
1933 275 1962 354 ³55

117 378 150 419 c
181 362 477 430 ἐγέννησεν
494 357 773 427 ἀνάλογον
801 359 996 431 εαυτῷ,
1027 357 1061 413 ὅ
1091 381 1142 413 τι
1173 377 1276 428 περ
1315 356 1448 414 αὐτὸ
1487 360 1550 414 ἐν
1578 382 1655 415 τω
1694 361 1911 434 νοητῷὸ
1941 417 1962 450 ἢ

178 443 332 515 τόπῳ
354 442 492 513 πρός
512 462 570 496 τε
590 446 732 495 νοῦν
753 442 844 495 καὶ
862 438 929 494 τὰ
957 438 1256 510 νοούμενα,
1281 461 1447 497 τουτο
1469 449 1673 499 τοῦτον
1702 447 1765 499 ἐν
1795 451 1873 516 τῷ
1939 435 1962 518 Ξ

180 520 364 597 ὁρατω
404 522 543 593 πρός
580 543 638 576 τε
674 521 805 587 όψιν
841 522 932 576 καὶ
967 519 1032 575 τὰ
1073 519 1343 593 ὁρώμενα.
1396 529 1553 590 Πῶς;
1606 528 1738 596 ἔφη·
1798 530 1877 581 ἔτι
1939 518 1951 586 f

181 607 372 660 δίελθέ
388 625 496 674 μοι.
534 601 863 704 Ὀφθαλμοί,
883 596 955 705 ήν
975 600 1024 658 δ’
1049 603 1174 673 ἐγώ,
1197 602 1349 659 οἷσθ’
1382 602 1482 675 ὅτι,
1516 604 1654 661 ὅταν
1685 615 1875 678 μηκέτι

179 684 269 740 ἐπ’
290 685 473 741 ἐκεῖνά
492 708 572 750 τις
594 684 798 750 αὐτοῦς
818 689 1004 758 τρέπῃ,
1028 708 1110 740 ων
1129 681 1201 741 ἀν
1220 684 1319 751 τὰς
1337 686 1504 757 χρόας
1523 686 1581 743 τὸ
1604 685 1874 759 ἡμερινὸν
1946 693 1950 702 Ξ

182 774 304 838 φῶς
341 769 521 839 ἐπέχῃ,
561 764 700 823 ἀλλὰ
753 759 831 822 ὦν
867 766 1165 839 νυκτερινὰ
1204 771 1399 840 φέγγη,
1449 768 1878 841 ἀμβλυώττουσί

178 871 238 905 τε
256 852 346 904 καὶ
375 849 541 920 ἐγγὺς
565 855 862 920 φαίνονται
881 855 1130 920 τυφλῶν,
1153 849 1336 919 ὥσπερ
1369 848 1475 906 οὐκ
1504 852 1740 923 ἐνούσης
1770 875 1873 907 κα-

178 939 364 1003 θαράς
390 932 597 999 ὅψεως;
635 934 745 987 Καὶ
776 933 940 1004 μάλα,
984 937 1104 1003 ἔφη.
1131 931 1303 987 Όταν
1333 936 1397 988 δέ
1422 931 1498 1003 γ’,
1529 933 1694 1005 οἶμαι,
1732 957 1812 989 ων
1843 933 1870 989 ὁ
1946 944 1949 946 ’

107 1035 144 1075 1)
156 1012 334 1114 η’λιος
351 1014 699 1085 καταλάμπη,
733 1020 925 1084 σαφως
958 1011 1148 1085 ὁρῶσι,
1179 1016 1270 1069 καὶ
1301 1026 1412 1079 τοῖς
1445 1012 1629 1080 αὐτοῖς
1657 1037 1873 1079 τουτοις

177 1096 420 1167 ὄμμασιν
447 1098 654 1151 ἐνοῦσα
686 1100 954 1165 φαίνεται.
1010 1100 1080 1149 Τί
1102 1095 1239 1166 μήν;
1276 1094 1440 1150 Οὕτω
1466 1104 1661 1153 τοίνυν
1689 1100 1781 1153 καὶ
1811 1096 1871 1153 τὸ

6 1210 31 1238 μ
174 1186 270 1250 τῆς
290 1183 470 1248 ψυχῆς
492 1169 599 1232 ωδε
619 1176 760 1232 νόει·
804 1176 942 1232 ὅταν
963 1178 1082 1248 μέν,
1104 1170 1173 1232 οὗ
1193 1178 1535 1249 καταλάμπει
1555 1178 1792 1250 ἀλήθειά
1813 1201 1871 1234 τε

174 1263 266 1317 καὶ
285 1258 345 1315 τό
376 1259 463 1329 ὄν,
487 1265 562 1324 εἰς
579 1265 743 1314 τοῦτο
764 1258 1134 1331 ἀπερείσηται,
1159 1260 1356 1331 ἐνόησέ
1377 1282 1434 1316 τε
1455 1263 1546 1317 καὶ
1563 1265 1704 1331 ἔγνω
1735 1259 1870 1316 αὐτὸ

175 1343 267 1397 καὶ
287 1349 430 1397 νοῦν
451 1346 592 1411 ἔχειν
614 1345 894 1438 φαίνεται·
934 1339 1070 1397 ὅταν
1091 1340 1150 1397 δὲ
1170 1347 1246 1407 εἰς
1274 1343 1335 1397 τὸ
1356 1347 1435 1414 τῷ
1455 1342 1634 1416 σκότῳ
1666 1365 1871 1412 κεκρα-

102 1479 106 1482 .
177 1426 366 1494 μένον,
388 1420 447 1477 τό
472 1421 814 1493 γιγνόμενόν
834 1443 890 1477 τε
910 1425 1000 1478 καὶ
1023 1421 1429 1493 ἀπολλύμενον,
1452 1422 1661 1489 δοξάζει
1689 1446 1747 1479 τε
1780 1429 1870 1479 καὶ

176 1504 567 1577 ἀμβλυωττει’
541 1505 661 1559 άνω
681 1507 771 1560 καὶ
791 1503 940 1560 κάτω
959 1503 1057 1569 τὰς
1078 1505 1237 1571 δόξας
1266 1504 1614 1576 μεταβάλλον
1643 1507 1734 1561 καὶ
1760 1510 1871 1561 ἔοι-

114 1602 148 1643 Ε
179 1608 278 1644 κεν
302 1591 372 1641 αὐ
395 1593 539 1642 νοῦν
559 1585 662 1642 οὐκ
685 1591 878 1657 ἔχοντι.
901 1585 1082 1641 ’Έοικε
1101 1586 1222 1657 γάρ.
1269 1591 1446 1641 Τοῦτο
1467 1591 1660 1642 τοίνυν
1679 1586 1739 1643 τὸ
1769 1589 1872 1658 τὴν

176 1669 451 1742 ἀλήθειαν
487 1671 730 1740 παρέχον
766 1681 879 1735 τοῖς
919 1672 1386 1739 γιγνωσκομένοις
1425 1671 1515 1726 καὶ
1550 1675 1626 1742 τῷ
1663 1671 1870 1741 γιγνώ-

178 1771 371 1809 σκοντι
391 1751 493 1822 τὴν
513 1752 756 1823 δύναμιν
776 1751 1046 1807 ἀποδιδὸν
1068 1751 1169 1822 τὴν
1189 1759 1290 1806 τοῦ
1309 1750 1533 1822 ἀγαθοῦ
1550 1727 1702 1808 ἰδέαν
1722 1753 1869 1822 φάθι

179 1836 338 1906 εἶναι,
360 1840 539 1891 αἰτίαν
561 1833 613 1891 δ’
637 1836 932 1908 ἐπιστήμης
958 1830 1138 1891 οὖσαν
1170 1838 1261 1891 καὶ
1285 1833 1551 1907 ἀληθείας
1571 1833 1643 1900 ὡς
1661 1858 1866 1905 γιγνω-

178 1921 449 1989 σκομένης
461 1921 563 1989 μὲν
584 1922 832 1987 διανοοῦ,
853 1917 999 1973 οὕτω
1024 1917 1083 1973 δὲ
1102 1923 1290 1974 καλῶν
1315 1915 1646 1990 ἀμφοτέρων
1668 1917 1867 1986 ὄντων,

175 2001 439 2071 γνώσεώς
471 2022 529 2055 τε
568 2003 660 2056 καὶ
686 1998 966 2071 ἀληθείας,
998 1999 1133 2055 ἄλλο
1161 2002 1251 2055 καὶ
1289 1999 1518 2054 κάλλιον
1546 2003 1622 2054 ἔτι
1651 1999 1867 2053 τούτων

173 2079 487 2153 ἡγούμενος
526 2081 663 2137 αὐτὸ
703 2081 889 2151 ὀρθῶς
918 2078 1135 2151 ἡγήσει·
1183 2080 1486 2151 ἐπιστήμην
1518 2079 1577 2135 δὲ
1609 2083 1700 2135 καὶ
1731 2079 1868 2150 ἀλή-

61 2176 148 2223 509
173 2172 358 2231 θείαν,
380 2162 566 2233 ὥσπερ
589 2166 704 2218 ἐκεῖ
726 2170 844 2233 φῶς
863 2185 919 2217 τε
941 2163 1031 2217 καὶ
1061 2161 1192 2227 ὄψιν
1220 2159 1465 2232 ἡλιοειδῆ
1494 2163 1595 2232 μὲν
1625 2167 1867 2232 νομίζειν

176 2243 376 2315 ὀρθόν,
407 2242 566 2314 ἥλιον
599 2244 658 2300 δὲ
681 2242 940 2314 ἡγεῖσθαι
975 2241 1077 2299 οὐκ
1107 2240 1295 2313 ὀρθῶς
1324 2247 1447 2314 ἔχει,
1479 2242 1626 2299 οὕτω
1655 2247 1744 2299 καὶ
1774 2247 1866 2299 ἐν-

173 2334 363 2383 ταῦθα
395 2324 703 2397 ἀγαθοειδῆ
732 2327 833 2396 μὲν
871 2331 1114 2398 νομίζειν
1151 2323 1309 2380 ταῦτ’
1349 2323 1635 2396 ἀμφότερα
1665 2324 1863 2396 ὀρθόν,

179 2407 401 2479 ἀγαθὸν
427 2410 486 2464 δὲ
503 2405 762 2480 ἡγεῖσθαι
783 2406 1051 2481 ὁπότερον
1072 2406 1258 2462 αὐτῶν
1275 2404 1379 2462 οὐκ
1401 2404 1600 2479 ὀρθόν,
1631 2405 1754 2462 ἀλλ’
1790 2413 1866 2462 ἔτι

177 2491 440 2562 μειζόνως
457 2493 713 2562 τιμητέον
731 2490 833 2563 τὴν
851 2498 952 2546 τοῦ
985 2489 1208 2561 ἀγαθοῦ
1226 2492 1353 2556 ἕξιν.
1389 2487 1696 2560 Ἀμήχανον
1727 2483 1866 2545 κάλ-
1960 2547 1962 2554 ,

176 2579 288 2639 λος,
314 2578 438 2644 ἔφη,
460 2572 650 2643 λέγεις,
683 2577 733 2628 εἰ
758 2571 1060 2644 ἐπιστήμην
1082 2573 1184 2643 μὲν
1206 2572 1296 2627 καὶ
1323 2569 1595 2641 ἀλήθειαν
1623 2573 1859 2639 παρέχει,
1953 2575 1962 2627 ἑ

179 2651 314 2708 αὐτὸ
345 2651 396 2708 δ’
426 2651 566 2722 ὑπὲρ
588 2661 760 2709 ταῦτα
795 2655 984 2710 κάλλει
1019 2656 1190 2709 ἐστίν·
1243 2651 1312 2708 οὐ
1342 2651 1450 2723 γὰρ
1483 2651 1663 2721 δήπου
1695 2651 1766 2704 σύ
1799 2673 1861 2719 γε

176 2732 390 2805 ἡδονὴν
412 2733 547 2790 αὐτὸ
570 2739 756 2807 λέγεις.
793 2736 1068 2807 Εὐφήμει,
1090 2729 1161 2806 ἧν
1191 2733 1241 2790 δ’
1266 2734 1396 2805 ἐγώ·
1438 2731 1558 2788 ἀλλ’
1593 2727 1700 2788 ὦδε
1720 2739 1864 2802 μάλ-

115 2838 149 2878 Β
176 2827 279 2875 λον
305 2821 406 2890 τὴν
445 2819 634 2875 εἰκόνα
676 2816 850 2874 αὐτοῦ
890 2823 967 2874 ἔτι
1003 2815 1301 2874 ἐπισκόπει.
1351 2821 1511 2880 Hom
1559 2812 1671 2868 Τὸν
1709 2813 1865 2884 ἥλιον
1954 2829 1962 2856 ⁴

1956 3137 1962 3147 J
1958 3084 1962 3107 ...
1956 3035 1962 3060 ....
1948 2979 1962 3024 *mu
1957 2954 1962 2967 .,
1953 2875 1962 2946 ..ῳ-,ψη
1954 2819 1962 2832 <.
1958 2803 1962 2809 ,
1950 2785 1957 2790 ’
1951 2690 1962 2761 ωιτη,
1954 2667 1962 2681 ,·.
1958 2640 1962 2652 -
