1962 3236
802 0 1251 44 Wffi'?ffl·’vtr÷2
1270 0 1364 26 -m
1667 3 1670 6 ·
1732 12 1739 18 ·

789 37 799 46 v
865 33 875 39 '
907 35 911 38 '
1006 35 1011 46 Ψ
1038 44 1041 46 -
1068 38 1090 48 ἢ·
1216 41 1219 43 >

640 148 1128 220 ΠοΛῘΤΕιΑΣ
1151 162 1211 218 ι’.
1669 165 1773 220 307

0 303 19 395 ἰ
88 315 245 372 φεται
270 308 363 363 καὶ
390 306 572 362 πάντα
602 302 638 361 ἃ
668 309 776 361 νῦν
805 304 1124 376 διήλθομεν.
1166 309 1277 359 νῦν
1312 301 1372 359 δὲ
1409 310 1637 373 εἴπομεν
1672 301 1774 373 μὲν

84 386 270 458 ἀληθῆ
291 389 417 458 περὶ
437 384 632 458 αὐτοῦ,
653 381 774 442 οἷον
793 389 856 441 ἐν
884 392 964 456 τῷ
991 383 1231 453 παρόντι
1254 388 1533 455 φαίνεται·
1573 382 1775 438 τεθεά-

88 476 236 538 μεθα
255 471 443 539 μέντοι
468 473 818 539 διακείμενον
850 465 1006 536 αὐτό,
1038 464 1225 535 ὥσπερ
1256 469 1311 522 οἱ
1334 467 1436 523 τὸν
1468 465 1776 522 θαλάττιον

0 566 3 618 3
85 554 347 606 Γλαῦκον
384 548 622 620 ὁρῶντες
654 546 759 605 οὐκ
796 545 871 603 ἂν
902 553 981 604 ἔτι
1019 551 1221 622 ῥᾳδίως
1251 546 1430 605 αὐτοῦ
1460 551 1635 606 ἴδοιεν
1669 544 1774 617 τὴν

0 667 5 674 -
88 630 323 702 ἀρχαίαν
342 633 536 703 φύσιν,
556 629 664 688 ὑπὸ
694 636 799 686 τοῦ
818 630 886 686 τά
909 653 968 686 τε
997 630 1201 687 παλαιοὶ
1229 637 1331 687 τοῦ
1365 630 1618 703 σώματος
1638 631 1775 702 μέρη

87 713 154 770 τὰ
175 715 278 785 μὲν
297 712 682 783 ἐκκεκλάσθαι,
711 711 779 768 τὰ
801 713 859 769 δὲ
890 720 1293 784 συντετρίφθαι
1322 715 1413 769 καὶ
1441 711 1660 778 πάντως
1684 719 1778 768 λε-

87 802 376 867 λωβῆσθαι
405 792 514 850 ὑπὸ
556 801 670 850 τῶν
711 795 993 866 κυμάτων,
1034 797 1175 851 ἄλλα
1208 795 1268 851 δὲ
1303 795 1776 866 προσπεφυκέναι,

86 876 286 946 ὄστρεά
297 899 354 932 τε
376 879 466 932 καὶ
477 883 652 947 φυκία
671 878 762 932 καὶ
782 878 1000 948 πέτρας,
1022 874 1161 932 ὥστε
1178 878 1344 932 παντὶ
1362 883 1575 947 μᾶλλον
1592 881 1776 950 θηρίῳ

85 961 322 1015 ἐοικέναι
341 955 376 1030 ἦ
395 955 510 1023 οἷος
529 953 602 1030 ἦν
620 959 805 1028 φύσει,
826 956 972 1014 οὕτω
1004 962 1096 1014 καὶ
1123 957 1227 1031 τὴν
1248 957 1433 1030 ψυχὴν
1451 956 1604 1029 ἡμεῖς
1623 957 1776 1013 θειό-

87 1049 231 1112 ᾳεθα
251 1042 601 1111 διακειμένην
620 1040 729 1096 ’ὑπὸ
750 1046 969 1111 μυρίων
987 1048 1176 1097 κακῶν
1193 1063 1204 1073 ·
1240 1039 1382 1097 ἀλλὰ
1402 1044 1499 1107 δεῖ,
1525 1033 1569 1095 ὦ
1588 1038 1777 1096 Γλαύ-

91 1141 222 1190 κων,
245 1124 416 1178 ἐκεῖσε
435 1126 675 1193 βλέπειν.
731 1128 862 1187 Ποῖ;
903 1116 939 1194 ἦ
969 1121 1019 1177 δ’
1054 1122 1131 1187 ὅς.
1189 1130 1289 1189 Εἰς
1309 1122 1412 1194 τὴν
1433 1126 1775 1192 φιλοσοφίαν

83 1200 270 1274 αὐτῆς,
289 1205 380 1258 καὶ
410 1206 623 1259 ἐννοεῖν
645 1196 725 1259 ὦν
754 1203 980 1259 ἅπτεται
1006 1207 1095 1259 καὶ
1127 1209 1262 1260 οἴων
1289 1208 1497 1275 ἐφίεται
1522 1203 1774 1275 ὁμιλιῶν,

82 1283 156 1350 ὡς
188 1283 456 1356 ξυγγενὴς
486 1303 629 1340 ουσα
670 1289 750 1359 τῷ
778 1306 836 1339 τε
863 1292 1002 1357 θείω
1038 1288 1129 1341 καὶ
1168 1284 1435 1359 ἀθανάτω
1465 1288 1556 1341 καὶ
1585 1291 1661 1359 τῷ
1694 1283 1780 1340 άεὶ

82 1367 220 1438 ὄντι,
245 1369 333 1423 καὶ
352 1371 441 1423 οἵα
460 1363 534 1423 ἄν
549 1370 764 1438 γένοιτο
787 1374 863 1441 τῷ
892 1368 1126 1442 τοιούτω
1157 1374 1306 1423 πᾶσα
1325 1370 1662 1439 ἐπισπομένη
1682 1368 1776 1423 καὶ

83 1449 192 1505 ὑπὸ
214 1450 416 1521 ταύτης
432 1456 528 1521 τῆς
552 1448 727 1521 ὁρμῆς
747 1453 1140 1522 ἐκκομισθεῖσα
1171 1454 1230 1507 ἐκ
1259 1457 1363 1507 τοῦ
1383 1450 1616 1522 πόντου,
1649 1453 1711 1505 ἐν
1732 1470 1774 1503 ω

85 1537 192 1586 νῦν
213 1535 341 1602 ἐστί,
363 1533 455 1586 καὶ
478 1540 948 1602 περικρουσθεῖσα
968 1534 1168 1603 πέτρας
1184 1555 1241 1588 τε
1260 1531 1389 1589 καὶ’
1371 1532 1588 1603 όστρεα,
1609 1528 1646 1587 ἂ
1664 1536 1775 1587 νῦν

1805 1202 1962 1255 Ε..

82 1613 224 1684 αὐτῇ
254 1612 349 1668 ἅτε
379 1620 488 1684 γῆν
526 1615 825 1686 ἑστιωμένῃ
860 1614 1033 1687 γεηρὰ
1066 1618 1156 1670 και
1190 1614 1443 1686 πετρώδη
1473 1613 1649 1670 πολλὰ
1683 1614 1774 1670 καὶ
1803 1624 1896 1671 612

84 1696 251 1766 ἄγρια
305 1698 683 1765 περιπέφυκεν
729 1694 840 1751 ὑπὸ
892 1703 1006 1752 τῶν
1056 1694 1406 1768 εὐδαιμόνων
1454 1699 1773 1768 λεγομένων

83 1778 396 1833 ἑστιάσεων.
430 1778 520 1832 καὶ
547 1776 662 1833 τότ’
695 1777 768 1832 ἅν
798 1800 877 1842 τις
908 1782 1016 1834 ἴδοι
1048 1778 1219 1850 αὐτῆς
1241 1777 1343 1850 τὴν
1371 1777 1560 1850 ἀληθῆ
1580 1778 1772 1847 φύσιν,

83 1867 188 1915 εἴτε
233 1857 529 1930 πολυειδὴς
560 1867 667 1915 εἴτε
697 1858 989 1931 μονοειδὴς
1037 1868 1143 1916 εἴτε
1174 1859 1286 1934 ὅπῃ
1326 1864 1462 1931 ἔχει
1464 1861 1555 1916 καὶ
1594 1857 1771 1924 ὅπως·

82 1948 191 1995 νῦν
220 1943 278 1995 δὲ
314 1939 381 1995 τὰ
422 1943 482 1996 ἐν
514 1947 590 2014 τῷ
623 1939 964 2016 ἀνθρωπίνω
997 1948 1098 2016 βίω
1131 1941 1287 2013 πάθη
1320 1965 1377 1998 τε
1401 1945 1492 1998 καὶ
1528 1945 1664 2012 εἴδη,
1698 1963 1772 2006 ως

84 2015 308 2094 ἐγωμαι,
341 2023 591 2086 ἐπιεικως
620 2021 790 2093 αὐτῆς
819 2022 1244 2095 διεληλύθαμεν.
1306 2023 1640 2079 Παντάπασι
1669 2026 1772 2094 μὲν

86 2097 209 2174 οὖν,
237 2107 358 2175 ἔφη.

222 2189 328 2240 xn.
373 2183 621 2256 Οὐκοῦν,
640 2179 712 2256 ἦν
731 2183 785 2241 δ’
816 2185 943 2257 ἐγώ,
964 2188 1032 2243 τά
1056 2209 1111 2243 τε
1131 2186 1270 2245 ἄλλα
1290 2185 1692 2259 ἀπελυσάμεθα
1712 2190 1775 2244 ἐν

79 2274 157 2338 τῷ
177 2268 342 2341 λόγῳ,
364 2268 454 2322 καὶ
474 2266 543 2322 οὐ
563 2266 695 2333 τούς
711 2269 950 2338 μισθοὺς
967 2266 1098 2326 οὐδὲ
1117 2268 1213 2335 τὰς
1233 2269 1396 2335 δόξας
1416 2269 1774 2341 δικαιοσύνης

82 2351 476 2418 ἐπηνέγκαμεν,
489 2345 945 2419 ὥσπερ“Ησίοδόν
963 2373 1019 2406 τε
1041 2354 1129 2406 καὶ
1147 2349 1394 2423 Ὅμηρον
1412 2348 1568 2423 ὑμεῖς
1587 2355 1771 2423 ἔφατε,

84 2426 207 2482 ἀλλ’
233 2426 364 2482 αὐτὸ
399 2427 761 2499 δικαιοσύνην
787 2429 927 2504 αὐτῇ
958 2438 1102 2502 ψυχῇ
1131 2431 1361 2500 ἄριστον
1391 2431 1647 2504 εὕρομεν,
1681 2435 1773 2488 καὶ
1858 2488 1870 2493 ,

87 2512 344 2579 ποιητέον
382 2508 522 2565 εἶναι
564 2507 705 2582 αὐτῇ
738 2509 803 2566 τὰ
840 2517 1041 2582 δίκαια,
1080 2514 1179 2568 ἐάν
1218 2511 1268 2568 τ’
1310 2518 1406 2587 ἔχῃ
1443 2513 1542 2569 τὸν
1579 2516 1774 2585 Γύγου

86 2592 400 2661 δακτύλιον,
442 2591 541 2647 ἐάν
576 2614 632 2647 τε
657 2594 750 2664 μή,
790 2597 879 2650 καὶ
918 2596 1055 2665 πρὸς
1091 2595 1323 2670 τοιούτω
1355 2598 1630 2670 δακτυλίω
1670 2594 1774 2667 τὴν

75 2669 251 2737 Ἀτδος
273 2679 479 2744 κυνῆν,
511 2673 896 2747 Ἀληθέστατα,
922 2682 1046 2749 ἔφη,
1080 2679 1269 2748 λέγεις.
1318 2670 1433 2747 Αρ’
1467 2670 1590 2746 οὖν,
1615 2671 1687 2750 ἦν
1718 2676 1773 2733 δ’

83 2755 207 2826 ἐγώ,
231 2777 274 2810 ω
304 2754 594 2845 Γλαύκων,
632 2764 738 2812 νῦν
760 2757 868 2829 ἤδη
899 2756 1291 2829 ἀνεπίφθονόν
1319 2762 1431 2815 ἐστι
1463 2757 1603 2829 πρὸς
1630 2762 1773 2817 ἐκεί-

83 2859 199 2900 νοις
228 2837 317 2892 καὶ
347 2834 477 2901 τούς
497 2838 737 2906 μισθους
766 2846 832 2907 τῇ
862 2840 1188 2912 δικαιοσύνῃ
1218 2842 1306 2896 καὶ
1339 2846 1406 2912 τῇ
1436 2839 1578 2913 άλλῃ
1607 2839 1775 2914 ἀρετῇ

1400 2924 1456 2969 20
1474 2922 1494 2946 *¹

1804 2282 1837 2322 Β
