1962 3236
194 205 298 257 326
779 208 954 254 ΠΛΑ
973 207 1257 255 ΤΩΝΟΣ
1850 219 1879 263 8

195 342 409 412 φθοραὶ
428 340 726 441 γεγόνασιν
757 338 1080 408 ἀνθρωπων
1103 343 1193 394 καὶ
1225 331 1461 413 ἔσονται,
1495 346 1628 413 πυρὶ
1660 365 1760 412 μεν
1789 349 1879 401 καὶ

193 419 355 476 ύδατι
374 424 636 491 μέγισται,
670 425 886 490 μυρίοις
916 422 975 475 δὲ
1004 420 1190 485 ἄλλοις
1220 423 1400 492 ἕτεραι
1430 424 1879 494 βραχύτεραι.τό

194 500 302 573 γάρ
323 496 428 558 οὖν
448 503 538 556 καὶ
554 498 688 571 παρ’
710 498 841 570 ὑμῖν
856 500 1226 572 λεγόμενον,
1192 501 1264 567 ω’ς
1284 524 1415 558 ποτε
1438 507 1680 560 Φαέθων
1692 502 1885 562 ”Ηλίου’

194 595 319 647 παῖς
337 583 397 638 τὸ
424 588 528 637 τοῦ
552 578 760 650 πατρὸς
782 581 930 652 ἅρμα
949 583 1136 648 ζεύξας
1164 581 1254 638 διὰ
1284 581 1345 639 τό
1371 583 1444 655 μὴ
1478 585 1714 651 δυνατὸς
1741 585 1883 641 εἶναι

193 662 332 719 κατὰ
362 662 464 733 τὴν
492 669 596 718 τοῦ
624 661 831 733 πατρὸς
861 661 998 719 ὁδὸν
1029 663 1282 720 ἐλαύνειν
1310 667 1376 720 τά
1406 665 1456 721 τ’
1481 669 1567 722 ἐπὶ
1593 674 1694 738 γῆς
1723 671 1881 732 ξυνέ-

192 762 366 802 καυσε
385 747 475 801 καὶ
496 742 662 809 αὐτὸς
678 747 1059 817 κεραυνωθεὶς
1079 747 1555 818 διεφθάρη,τοῦτο
1570 749 1762 818 μύθου
1781 747 1881 818 μὲν

192 833 370 898 σχῆμα
398 830 525 897 ἕχον
552 829 782 898 λέγεται,
815 825 878 883 τό
912 827 971 882 δὲ
1001 826 1207 898 ἀληθές
1236 831 1346 883 ἐστι
1373 836 1486 884 τῶν
1514 833 1637 899 περὶ
1663 836 1771 900 γῆν
1790 830 1881 883 καὶ

122 914 159 955 D
193 907 314 966 κατ’
344 907 589 981 οὐρανὸν
610 909 813 965 ἰόντων
831 909 1164 979 παράλλαξις
1181 911 1272 964 καὶ
1302 908 1390 965 διὰ
1414 918 1642 983 μακρῶν
1658 913 1880 981 χρόνων

190 994 490 1062 γιγνομένη
511 997 623 1046 τῶν
641 993 727 1045 ἐπὶ
746 996 847 1062 γῆς
865 993 999 1061 πυρὶ
1016 997 1206 1063 πολλῷ
1224 992 1433 1062 φθορά.
1474 993 1595 1048 τότε
1626 986 1729 1047 οὖν
1760 991 1881 1047 ὅσοι

189 1074 313 1134 κατ’
338 1074 441 1146 ὅρη
461 1075 553 1129 καὶ
570 1077 630 1130 ἐν
650 1071 885 1143 ὑψηλοῖς
899 1072 1088 1137 τόποις
1100 1074 1189 1128 καὶ
1209 1075 1269 1128 ἐν
1289 1078 1470 1145 ξηροῖς
1486 1080 1718 1146 οἰκοῦσι,
1739 1081 1880 1144 μάλ-

191 1164 296 1212 λον
329 1157 646 1213 διόλλυνται
683 1162 796 1211 τῶν
825 1166 1088 1226 ποταμοῖς
1118 1157 1204 1210 καὶ
1229 1156 1478 1228 θαλάττῃ
1507 1155 1879 1226 προσοικούν-

193 1261 332 1294 των·
362 1236 494 1310 ἡμῖν
514 1239 574 1293 δὲ
593 1235 621 1292 ὁ
646 1243 848 1301 Νεῖλος
879 1244 956 1300 εἴς
983 1257 1041 1290 τε
1069 1234 1135 1290 τά
1166 1236 1304 1292 ἄλλα
1334 1237 1516 1308 σωτὴρ
1545 1240 1637 1293 καὶ
1665 1238 1788 1293 τότε
1818 1239 1876 1292 ἐκ

190 1322 396 1392 ταύτης
414 1326 510 1391 τῆς
529 1318 763 1389 ἀπορίας
782 1317 939 1384 σώζει
958 1317 1243 1388 λυόμενος.
1282 1317 1419 1373 ὅταν
1439 1316 1494 1373 δ’
1516 1313 1590 1373 αὖ
1620 1321 1743 1374 θεοὶ
1773 1317 1876 1389 τὴν

189 1409 298 1474 γῆν
315 1400 481 1457 ὕδασι
501 1407 865 1470 καθαίροντες
876 1399 1307 1468 κατακλύζωσιν,
1323 1403 1379 1454 οί
1394 1402 1496 1470 μὲν
1516 1404 1575 1454 ἐν
1592 1410 1704 1464 τοῖς
1725 1399 1878 1469 ὄρεσι

133 1499 167 1540 Ε
195 1482 554 1548 διασώζονται
574 1480 840 1553 βουκόλοι
865 1494 1051 1551 νομεῖς
1079 1503 1154 1552 τε,
1186 1485 1241 1536 οἱ
1266 1479 1318 1535 δ’
1351 1483 1410 1536 ἐν
1436 1492 1553 1546 ταῖς
1581 1478 1715 1551 παρ’
1744 1477 1878 1551 ὑμῖν

190 1565 419 1621 πόλεσιν
442 1570 518 1628 εἰς
552 1562 656 1634 τὴν
684 1561 966 1618 θάλατταν
1001 1560 1110 1618 ὑπὸ
1145 1568 1260 1618 τοῖν
1293 1569 1557 1633 ποταμῶν
1593 1565 1875 1632 φέρονται,

189 1644 329 1703 κατά
361 1647 420 1702 δὲ
448 1644 615 1716 τήνδε
637 1642 740 1715 τὴν
768 1644 954 1714 χώραν
984 1642 1111 1699 οὕτε
1130 1644 1253 1699 τότε
1279 1642 1406 1700 οὔτε
1434 1642 1627 1700 ἄλλοτε
1651 1641 1876 1698 ἀνωθεν

189 1730 276 1784 ἐπὶ
302 1726 399 1792 τὰς
431 1725 676 1798 ἀρούρας
704 1724 859 1794 ὕδωρ
888 1728 1118 1795 ἐπιρρεῖ·
1156 1723 1216 1781 τό
1257 1725 1306 1780 δ’
1340 1728 1592 1780 ἐναντίον
1618 1723 1876 1780 κάτωθεν

189 1819 304 1866 πᾶν
323 1814 608 1866 ἐπανιέναι
635 1812 901 1881 πέφυκεν.
942 1807 1080 1865 ὅθεν
1103 1812 1195 1865 καὶ
1225 1808 1300 1865 δι’
1333 1806 1397 1874 ἃς
1427 1814 1599 1873 αἰτίας
1626 1807 1874 1864 τάνθάδε

191 1893 472 1963 σωζόμενα
493 1895 706 1962 λέγεται
727 1891 1079 1947 παλαιότατα.
1118 1890 1177 1947 τὸ
1200 1894 1259 1947 δὲ
1284 1890 1489 1962 ἀληθὲς
1508 1894 1567 1946 ἐν
1599 1896 1734 1945 πᾶσι
1762 1901 1874 1953 τοῖς

188 1976 393 2046 τόποις,
420 1974 563 2030 ὅπου
583 1975 655 2045 μή
676 1975 880 2045 χειμών
899 1977 1128 2039 ἐξαίσιος
1145 1971 1180 2045 ἢ
1198 1981 1382 2044 καῦμα
1403 1972 1663 2043 ἀπείργει,
1685 1974 1870 2069 πλέον,

100 2068 159 2112 23
186 2057 308 2113 τοτε
331 2057 391 2113 δε
408 2062 633 2112 ἔλαττον
653 2055 736 2112 ἀεὶ
755 2058 916 2126 γένος
935 2059 1081 2111 ἐστὶν
1099 2054 1448 2126 ἀνθρωπων·
1480 2053 1587 2108 ὅσα
1607 2049 1719 2108 δὲ”
1683 2076 1716 2122 η
1738 2050 1867 2122 παρ’

188 2135 322 2209 ὑμῖν
345 2135 380 2208 ἦ
400 2137 578 2210 τῇδεῆ
595 2139 685 2192 καὶ
705 2135 824 2192 κατ’
850 2135 1022 2191 ἄλλον
1039 2136 1215 2191 τόπον
1237 2158 1317 2191 ων
1338 2133 1476 2207 ἀκοῇ
1497 2142 1672 2203 ἴσμεν,
1694 2141 1749 2189 εἰ
1760 2133 1871 2188 πού

189 2241 242 2273 τι
260 2215 480 2274 καλὸν
453 2217 490 2288 η’
509 2220 647 2289 μέγα
672 2222 901 2319 γέγονεν
921 2240 953 2287 η
975 2226 1067 2272 καί
1090 2239 1214 2273 τινα
1234 2216 1513 2288 διαφορὰν
1532 2216 1707 2287 άλλην
1727 2220 1872 2286 ἔχον,

189 2299 371 2354 πάντα
407 2300 757 2369 γεγραμμένα
786 2300 846 2354 ἐκ
874 2304 1114 2354 παλαιοῦ
1144 2297 1267 2370 τῇδ’
1304 2300 1502 2354 ἐστὶν’
1475 2320 1536 2354 εν
1568 2308 1680 2362 τοῖς
1710 2300 1875 2365 ἱεροῖς
1951 2281 1962 2375 i

190 2383 284 2438 καὶ
304 2385 638 2451 σεσωσμένα.
677 2378 744 2435 τά
765 2383 824 2435 δὲ
842 2379 972 2451 παρ’
995 2379 1126 2451 ὑμῖν
1150 2382 1239 2436 καὶ
1259 2392 1371 2445 τοῖς
1390 2379 1576 2443 ἄλλοις
1596 2377 1717 2448 ἄρτι
1738 2400 1871 2433 κατ-

191 2464 568 2534 εσκευασμένα
615 2462 871 2518 ἑκάστοτε
906 2462 1165 2532 τυγχάνει
1205 2461 1487 2533 γράμμασι
1521 2463 1611 2516 καὶ
1646 2459 1870 2528 ἅπασιν,
1948 2456 1950 2478 ³

189 2543 414 2601 ὁπόσων
451 2544 637 2609 πόλεις
678 2545 911 2614 δέονται,
956 2547 1047 2599 καὶ
1084 2544 1251 2599 πάλιν
1288 2542 1358 2599 δι’
1409 2543 1694 2598 εἰωθότων
1735 2543 1873 2596 ἐτῶν
1944 2548 1946 2550 ’

191 2625 375 2699 ὥσπερ
410 2627 626 2698 νόσημα
660 2625 793 2697 ἥκει,
819 2626 1131 2696 φερόμενον
1168 2623 1352 2689 αὐτοῖς
1391 2627 1567 2694 ῥεῦμα
1603 2621 1873 2694 οὐράνιον
1937 2695 1940 2699 Δ

130 2729 164 2770 Β
189 2706 430 2773 καὶτοὺς
448 2705 836 2779 ἀγραμμάτους
855 2729 912 2762 τε
927 2710 1016 2762 καὶ
1031 2705 1314 2777 ἀμούσους
1333 2710 1518 2761 ἔλιπεν
1535 2702 1710 2773 ὑμῶν,
1734 2701 1871 2757 ὥστε
1936 2707 1938 2710 ’

188 2787 355 2842 πάλιν
390 2791 442 2854 ἐξ
477 2789 643 2860 ἀρχῆς
680 2785 800 2844 οἷον
834 2793 949 2844 νέοι
981 2790 1260 2858 γίγνεσθε,
1299 2785 1466 2841 οὐδὲν
1504 2784 1706 2847 εἰδότες
1743 2782 1871 2838 οὔτε
1936 2798 1941 2814 “·

188 2875 302 2923 τῶν
337 2874 466 2935 τῇδε
504 2868 632 2924 οὔτε
657 2876 769 2924 τῶν
798 2868 933 2936 παρ’
971 2868 1120 2939 ὑμῖν,
1157 2869 1260 2923 ὅσα
1280 2862 1353 2938 ἦν
1390 2870 1450 2922 ἐν
1479 2877 1590 2929 τοῖς
1622 2871 1871 2927 παλαιοῖς
1944 2907 1955 2945 '.
