1962 3236
214 139 318 190 252
830 143 1300 191 ΠΛΑΤΩΝΟΣ

216 267 322 329 οὖν
340 273 409 330 ού
427 274 594 330 πάλιν
614 296 670 329 τε
690 279 766 338 εἰς
783 276 1029 342 ἐκείνους
1047 274 1176 339 τοῦς
1196 276 1556 346 λωτοφάγους
1577 276 1761 332 ἐλθών
1781 299 1892 346 φα-
1957 285 1962 287 ’

164 379 172 385 ·
215 362 390 423 νερῶς
409 367 665 419 κατοικεῖ,
688 356 777 409 καὶ
802 355 898 409 ἐὰν
920 355 1051 423 παρ’
1073 361 1292 411 οἰκείων
1318 379 1398 420 τις
1416 358 1653 428 βοήθεια
1673 366 1748 430 τῷ
1771 379 1877 426 φει-

216 439 377 509 δωλῷ
397 435 571 491 αὐτοῦ
589 442 683 506 τῆς
702 443 878 506 ψυχῆς
897 436 1212 507 ἀφικνῆται,
1235 437 1536 509 κλῄσαντες
1563 442 1620 494 οί
1636 437 1896 503 ἀλαζόνες

215 518 370 586 λόγοι
398 521 597 572 ἐκεῖνοι
631 515 728 580 τὰς
757 524 858 571 τοῦ
883 523 1173 587 βασιλικοῦ
1202 527 1413 589 τείχους
1448 524 1508 575 ἐν
1539 519 1689 592 αὐτῷ
1719 519 1895 581 πύλας

220 598 347 652 οὔτε
370 596 545 668 αὐτὴν
564 597 668 667 τὴν
689 601 995 668 ξυμμαχίαν
1023 605 1286 666 παριᾶσιν
1316 599 1445 655 οὔτε
1478 603 1730 671 πρέσβεις
1760 620 1895 668 πρε-

154 691 188 730 D
221 680 507 749 σβυτέρων
527 679 730 748 λόγους
752 682 987 734 ἰδιωτῶν
1007 684 1356 750 εἰσδέχονται,
1379 679 1541 736 αύτοί
1554 704 1611 736 τε
1631 686 1895 748 κρατοῦσι

104 1756 185 1802 561

217 761 535 830 μαχόμενοι,
571 762 660 815 καὶ
705 759 806 830 τὴν
842 760 941 830 μὲν
988 765 1123 816 αἰδῶ
1161 760 1484 833 ’ἠλιθιότητα
1532 761 1896 833 ὀνομάζοντες

219 842 470 896 ῶθοῦσιν
490 844 589 906 ἔξω
611 839 812 909 ἀτίμως
833 842 1073 910 φυγάδα,
1097 843 1474 913 σωφροσύνην
1504 844 1561 899 δὲ
1590 843 1896 911 ἀνανδρίαν

217 925 516 986 καλοῦντές
532 944 588 977 τε
605 945 695 977 και
679 924 1200 992 προπηλακίζοντες
1215 923 1560 994 ἐκβάλλουσι,
1574 924 1895 994 μετριότητα

221 1004 279 1059 δε
298 1006 387 1058 καὶ
417 1008 651 1073 κοσμίαν
673 1003 926 1073 δαπάνην
951 1002 1024 1067 ῶς
1054 1003 1343 1073 ἀγροικίαν
1375 1006 1465 1060 καὶ
1496 1002 1894 1073 ἀνελευθερίαν

220 1078 396 1138 οὖσαν
417 1091 706 1148 πείθοντες
727 1081 1117 1152 ὑπερορίζουσι
1147 1085 1280 1154 μετὰ
1307 1093 1527 1141 πολλῶν
1557 1089 1645 1142 καὶ
1674 1084 1896 1153 ἀνωφε-

219 1173 333 1221 λῶν
364 1168 691 1236 ἐπιθυμιῶν.
743 1168 979 1236 Σφόδρα
1007 1189 1084 1236 γε
1135 1168 1360 1222 Τούτων
1388 1171 1451 1223 δέ
1471 1171 1536 1237 γέ
1571 1189 1681 1223 που
1718 1166 1894 1222 κενεό-

218 1266 411 1311 σαντες
440 1250 530 1303 καὶ
557 1248 904 1318 καθήραντες
932 1247 1034 1317 τὴν
1053 1254 1153 1302 τοῦ
1183 1251 1549 1318 κατεχομένου
1579 1270 1636 1304 τε
1667 1246 1762 1303 ὑπ’
1796 1245 1896 1302 αὐ-

218 1335 330 1383 τῶν
350 1330 440 1383 καὶ
451 1332 786 1398 τελουμένου
797 1329 979 1398 ψυχὴν
1000 1329 1283 1398 μεγάλοισι
1304 1332 1496 1397 τέλεσι,
1510 1328 1570 1384 τό
1587 1330 1720 1399 μετὰ
1733 1337 1895 1383 τοῦτο

218 1412 321 1482 ἤδη
342 1411 510 1483 ὕβριν
538 1414 628 1466 καὶ
649 1410 917 1482 ἀναρχίαν
946 1415 1036 1467 καὶ
1065 1411 1305 1467 ἀσωτίαν
1328 1415 1416 1467 καὶ
1447 1411 1732 1467 ἀναίδειαν
1759 1419 1896 1482 λαμ-«

219 1493 361 1561 πράς
395 1491 529 1562 μετὰ
567 1501 779 1549 πολλοῦ
824 1502 996 1564 χοροῦ
1046 1494 1381 1564 κατάγουσιν
1429 1494 1896 1563 ἐστεφανωμένας,

218 1577 643 1646 ἐγκωμιάζοντες
667 1578 756 1630 καὶ
785 1574 1257 1645 ὑποκοριζόμενοι,
1289 1574 1456 1645 ὕβριν
1476 1575 1575 1644 μὲν
1606 1573 1898 1629 εὐπαιδευ-

217 1664 344 1714 σίαν
364 1665 678 1727 καλοῦντες,
707 1656 975 1728 ἀναρχίαν
1002 1659 1060 1714 δὲ
1091 1660 1435 1727 ἐλευθερίαν,
1459 1654 1698 1712 ἀσωτίαν
1720 1657 1778 1712 δὲ
1799 1677 1896 1727 με-

217 1743 639 1810 γαλοπρέπειαν,
661 1738 944 1795 ἀναίδειαν
966 1743 1024 1795 δὲ
1044 1737 1322 1808 ἀνδρείαν.
1360 1732 1453 1808 ἀρ’
1479 1737 1580 1808 οὐχ
1599 1737 1745 1793 οὕτω
1764 1758 1894 1805 πως,

218 1823 288 1890 ἠν
310 1819 367 1875 δ’
397 1822 523 1892 ἐγώ,
543 1824 667 1886 νέος
688 1819 768 1876 ῶν
791 1823 1116 1894 μεταβάλλει
1136 1826 1194 1876 ἐκ
1220 1826 1319 1876 τοῦ
1349 1823 1407 1876 ἐν
1438 1818 1756 1889 ἀναγκαίοις
1781 1822 1898 1873 ἐπι-

218 1908 445 1972 θυμιαις
465 1906 811 1973 τρεφομένου
841 1903 943 1974 τὴν
969 1910 1083 1959 τῶν
1115 1903 1187 1974 μὴ
1221 1902 1538 1972 ἀναγκαίων
1558 1905 1646 1957 καὶ
1674 1901 1897 1967 ἀνωφε-

219 1991 334 2038 λῶν
353 1982 576 2055 ἡδονῶν
595 1987 967 2054 ἐλευθέρωσίν
985 2008 1041 2040 τε
1071 1989 1162 2040 καὶ
1192 1985 1411 2050 ἀνεσιν;
1449 1986 1556 2038 Καὶ
1587 1983 1730 2052 μάλα
1760 1982 1833 2050 γ’,
1861 1984 1893 2051 ἡ

220 2064 270 2119 δ’
295 2064 374 2133 ὅς,
395 2068 654 2134 ἐναργῶς.
686 2073 768 2137 Ζῇ
797 2066 882 2135 δή,
907 2066 1071 2135 οἶμαι,
1104 2063 1238 2135 μετά
1267 2071 1438 2118 ταῦτα
1466 2061 1494 2118 ὁ
1527 2068 1776 2125 τοιοῦτος
1797 2061 1898 2115 ού-

219 2145 313 2200 δεν
333 2152 545 2214 μᾶλλον
566 2151 640 2209 εἰς
659 2145 995 2216 ἀναγκαίους
1021 2143 1057 2216 ἢ
1087 2143 1158 2214 μὴ
1181 2144 1515 2215 ἀναγκαίους
1534 2142 1739 2213 ἡδονας
1759 2142 1900 2197 ἀνα-

219 2233 425 2282 λισκων
444 2229 536 2282 καὶ
562 2226 808 2297 χρήματα
828 2229 918 2282 καὶ
943 2227 1152 2291 πόνους
1180 2228 1270 2281 καὶ
1302 2225 1606 2295 διατριβάς
1644 2222 1765 2279 ἀλλ’
1802 2222 1899 2277 ἐὰν

220 2307 448 2378 εὐτυχὴς
467 2302 503 2380 ᾗ
521 2311 610 2364 καὶ
630 2307 702 2379 μὴ
724 2312 860 2375 πέρα
889 2312 1254 2380 ἐκβακχευθῇ,
1285 2307 1424 2363 ἀλλά
1455 2329 1506 2362 τι
1534 2308 1624 2362 καὶ
1652 2306 1899 2376 πρεσβύ-

161 2405 193 2445 Β
224 2411 380 2458 τερος
397 2389 711 2459 γενόμενος,
724 2396 825 2444 τοῦ
843 2397 1052 2444 πολλοῦ
1071 2390 1330 2460 θορύβου
1345 2388 1740 2459 παρελθόντος,
1762 2389 1898 2456 μέρη

219 2492 276 2525 τε
298 2471 653 2539 καταδέξηται
672 2476 785 2524 τῶν
805 2470 1156 2525 ἐκπεσόντων
1175 2471 1267 2525 καὶ
1287 2481 1400 2532 τοῖς
1427 2474 1807 2524 ἐπεισελθοῦσι
1824 2463 1897 2536 μὴ

221 2549 356 2607 ὅλον
375 2549 576 2606 ἑαυτὸν
596 2554 754 2624 ἐνδῷ,
786 2556 861 2616 εἰς
886 2560 1011 2608 ἴσον
1031 2553 1099 2622 δή
1128 2575 1178 2607 τι
1208 2553 1552 2622 καταστήσας
1573 2550 1668 2613 τάς
1694 2545 1900 2620 ἡδονὰς

221 2632 414 2702 διάγει,
436 2640 504 2704 τῇ
528 2633 955 2734 παραπιπτούση
975 2632 1059 2690 ἀεὶ
1090 2633 1274 2702 ῶσπερ
1302 2633 1545 2703 λαχούσῃ
1569 2632 1670 2701 τήν
1698 2632 1900 2685 ἑαυτοῦ

221 2713 394 2785 ἀρχὴν
415 2715 824 2784 παραδιδούς,”
792 2737 893 2780 εως
912 2712 984 2769 ἂν
1002 2722 1294 2786 πληρωθῇ,
1325 2716 1416 2769 καὶ
1435 2706 1601 2775 αὖθις
1621 2709 1776 2780 άλλη,
1799 2730 1894 2763 ov*

222 2798 413 2863 δεμίαν
443 2793 734 2866 ἀτιμάζων,
767 2794 888 2851 ἀλλ’
920 2799 973 2861 ἐξ
1004 2804 1130 2851 ἴσου
1159 2799 1394 2866 τρέφων.
1456 2792 1617 2848 Πάνυ
1645 2794 1746 2863 μὲν
1776 2785 1890 2846 οὖν
