1962 3236
211 201 317 253 340
804 200 1276 248 ΠΛΑΤΩΝΟΣ
1827 208 1884 250 22

154 357 187 398 Β
213 338 419 407 ἕτερον,
443 333 579 404 πρὸς
597 332 630 388 6'
648 338 704 388 τί
722 354 778 387 τε
794 332 1026 403 μάλιστα
1045 334 1136 386 καὶ
1166 330 1276 403 ὅπῃ
1303 334 1393 386 καὶ
1423 331 1571 397 ὅπως
1599 335 1690 388 καὶ
1720 333 1885 389 ὁπότε

213 421 495 489 ξυμβαίνει
531 413 667 470 κατὰ
710 413 775 469 τὰ
812 412 1112 484 γιγνόμενά
1158 435 1214 468 τε
1250 411 1386 482 πρὸς
1417 415 1651 470 ἕκαστον
1687 416 1888 469 ἕκαστα

213 501 352 558 εἶναι
371 502 460 556 καὶ
481 500 710 568 πάσχειν
730 501 821 553 καὶ
851 495 990 566 πρὸς
1007 494 1071 551 τὰ
1095 494 1230 552 κατὰ
1247 493 1419 551 ταύτὰ
1439 500 1630 566 ἔχοντα
1651 493 1759 551 ἀεί·
1791 496 1888 550 λό-

212 605 309 654 γος
331 582 390 637 δὲ
411 579 438 636 6
468 579 604 636 κατὰ
624 576 830 634 ταύτὸν
851 576 1063 648 ἀληθὴς
1081 577 1407 648 γιγνόμενος
1425 582 1554 646 περί
1567 598 1625 632 τε
1643 576 1887 644 θάτερον

213 662 280 720 ὂν
315 665 405 718 καὶ
439 662 562 733 περὶ
599 659 660 716 τὸ
690 658 910 730 ταύτόν,
940 663 1002 716 ἐν
1029 666 1105 734 τῷ
1136 662 1445 732 κινουμένῳ
1478 656 1578 728 ὑφ’
1601 656 1776 713 αὑτοῦ
1797 679 1887 728 φε-

216 746 450 816 ρόμενος
470 743 606 798 ἄνευ
626 742 887 813 φθόγγου
905 744 994 796 καὶ
1013 739 1162 812 ἠχῆς,
1184 739 1319 796 ὅταν
1338 741 1441 811 μὲν
1458 743 1581 809 περὶ
1603 739 1662 794 τὸ
1685 744 1888 807 αἰσθη-

213 826 312 882 τὸν
330 831 580 896 γίγνηται
595 825 686 879 καὶ
706 821 734 878 6
758 830 860 878 τοῦ
874 827 1122 894 θατέρου
1143 821 1345 886 κύκλος
1366 819 1539 890 ὀρθὸς
1570 816 1650 875 ω“ν
1679 826 1755 884 εἰς
1778 827 1886 874 πᾶ-

216 925 320 962 σαν
344 904 520 960 αὐτοῦ
539 903 642 975 τὴν
661 906 843 975 ψυχὴν
857 908 1154 1001 διαγγείλῃ,
1169 903 1322 967 δόξαι
1341 905 1432 958 καὶ
1451 908 1652 966 πίστεις
1672 907 1885 972 γίγνον-

160 1007 191 1049 c
219 1012 306 1045 ται
325 991 535 1059 βέβαιοι
554 987 645 1042 καὶ
667 985 910 1057 ἀληθεῖς,
939 985 1073 1039 ὅταν
1092 985 1150 1041 δε
1171 979 1245 1038 αὖ
1273 988 1395 1052 περὶ
1424 986 1483 1038 τό
1514 985 1824 1053 λογιστικὸν
1853 986 1887 1053 ᾑ

215 1071 307 1125 καὶ
332 1067 360 1124 6
385 1075 486 1124 τοῦ
505 1065 712 1123 ταύτοῦ
738 1070 938 1131 κύκλος
958 1065 1218 1136 εὔτροχος
1240 1062 1318 1120 σόν
1342 1062 1480 1143 advo}
1498 1065 1735 1136 μηνύσῃ,
1757 1069 1891 1128 νοῦς

216 1151 479 1222 ἐπιστήμη
501 1172 558 1205 τε
578 1154 630 1215 ἐξ
651 1149 899 1248 ἀνάγκης
918 1148 1283 1203 ἀποτελεῖται·
1321 1147 1497 1202 τούτω
1529 1146 1587 1201 δε
1615 1150 1677 1201 ἐν
1707 1148 1749 1219 ςὸ
1778 1168 1891 1200 των

218 1230 399 1288 ὅντων
426 1235 806 1303 ἐγγίγνεσθον,
840 1231 911 1286 άν
939 1233 1074 1285 ποτέ
1103 1251 1182 1293 τις
1210 1227 1343 1283 αὐτὸ
1371 1229 1503 1283 ἄλλο
1534 1226 1679 1327 πλὴν
1708 1225 1891 1296 ψυχὴν

219 1324 359 1387 εἰπη,
382 1322 494 1369 πᾶν
514 1321 725 1384 μαλλον
744 1310 779 1383 ἢ
800 1311 1035 1382 τάληθες
1053 1314 1174 1378 ἐρεῖ.

356 1401 415 1450 Χ.
447 1393 539 1458 Ὡς
569 1395 627 1449 δε
655 1396 887 1464 κινηθεν
915 1391 1048 1448 αὐτὸ
1077 1395 1167 1447 καὶ
1197 1397 1305 1457 ζῶν
1334 1391 1528 1460 ἐνόησε
1557 1397 1670 1444 τῶν
1699 1389 1893 1445 ἀϊδίων

217 1483 370 1533 θεῶν
391 1473 620 1546 γεγονὸς
650 1475 867 1545 ἄγαλμα
893 1472 919 1528 6
952 1490 1224 1543 γεννησας
1249 1471 1444 1566 πατηρ,
1470 1469 1689 1541 ἠγάσθη
1719 1493 1775 1526 τε
1803 1473 1893 1526 καὶ

219 1558 556 1628 εύφρανθεὶς
580 1559 656 1611 ἔτι
691 1555 756 1625 δὴ
795 1560 1009 1625 μᾶλλον
1048 1552 1242 1623 όμοιον
1276 1550 1414 1622 πρὸς
1449 1553 1510 1605 τὸ
1551 1551 1892 1621 παράδειγμα

159 1667 194 1706 D
223 1637 520 1707 ἐπενόησεν
558 1634 994 1706 ἀπεργάσασθαι.
1046 1633 1300 1701 καθάπερ
1339 1635 1444 1687 οῦν
1470 1629 1603 1686 αὐτὸ
1636 1633 1894 1702 τυγχάνει

221 1725 363 1786 ζῶον
382 1716 615 1773 ἀΐ”διον
583 1740 667 1786 ον,
689 1718 779 1772 καὶ
805 1714 930 1771 τόδε
959 1713 1019 1771 τὸ
1051 1721 1165 1768 πᾶν
1195 1712 1368 1777 οὕτως
1397 1718 1473 1777 εἰς
1504 1713 1744 1782 δύναμιν
1768 1715 1892 1766 ἐπε-

217 1806 431 1871 χείρησε
461 1805 716 1854 τοιοῦτον
746 1796 1044 1853 ἀποτελεῖν.
1085 1793 1117 1866 ἡ
1155 1798 1254 1865 μὲν
1291 1789 1395 1850 οὖν
1427 1801 1526 1849 τοῦ
1558 1795 1698 1859 ζώου
1727 1793 1894 1863 φύσις

218 1881 514 1951 ἐτύγχανεν
554 1873 697 1934 οὖσα
724 1878 962 1947 αἰώνιος,
995 1879 1086 1932 καὶ
1118 1881 1279 1930 τοῦτο
1310 1878 1410 1945 μὲν
1437 1874 1502 1945 δὴ
1542 1881 1620 1944 τῷ
1648 1879 1895 1944 γεννητῷ

219 1969 499 2026 παντελῶς
534 1961 872 2032 προσάπτειν
904 1956 1005 2013 οὐκ
1032 1952 1104 2028 ἦν
1139 1957 1406 2012 δυνατόν·
1448 1953 1573 2011 εἰκώ
1610 1953 1658 2009 δ’
1691 1957 1899 2009 ἐπινοεῖ

219 2043 448 2114 κινητόν
466 2064 587 2097 τινα
605 2046 804 2105 αἰῶνος
825 2047 1063 2110 ποιῆσαι,
1079 2040 1168 2094 καὶ
1181 2035 1541 2106 διακοσμῶν
1516 2035 1627 2104 άμα
1647 2032 1892 2102 οὐρανὸν

221 2136 367 2179 ποιεῖ
383 2126 645 2194 μένοντος
680 2127 878 2185 αἰῶνος
909 2124 967 2174 ἐν
998 2122 1078 2174 ἐνὶ
1105 2117 1227 2173 κατ’
1260 2114 1505 2186 ἀριθμὸν
1534 2120 1731 2170 ἰοῦσαν
1760 2115 1896 2169 αι’σό-

219 2226 344 2258 νιον
374 2204 575 2271 εἰκόνα,
613 2209 815 2257 τοῦτον
844 2200 912 2256 ὸν
943 2198 1008 2270 δη
1038 2199 1243 2301 χρόνον
1272 2196 1652 2267 ὠνομάκαμεν.
1690 2193 1894 2266 ἡμέρας

164 2308 198 2347 Ε
224 2282 331 2356 γὰρ
351 2286 439 2339 καὶ
457 2284 661 2348 νύκτας
679 2284 769 2338 καὶ
797 2288 972 2353 μῆνας
1002 2282 1092 2335 καὶ
1118 2279 1421 2347 ἐνιαυτούς,
1452 2276 1555 2331 οὐκ
1585 2276 1747 2340 ὄντας
1767 2277 1896 2343 πρὶν

221 2363 467 2434 οὐρανὸν
503 2367 788 2433 γενέσθαι,
837 2363 958 2417 τότε
994 2360 1107 2431 άμα
1154 2363 1342 2431 ἐκείνῳ
1387 2363 1757 2431 ξυνισταμέᾳῳ
1796 2355 1897 2426 τὴν

220 2449 440 2516 γένεσιν
460 2442 647 2498 αὐτῶν
665 2464 993 2514 μηχαναται·
1027 2447 1198 2496 ταῦτα
1220 2443 1278 2496 δὲ
1308 2439 1487 2494 πάντα
1507 2441 1641 2508 μέρη
1672 2437 1895 2507 χρόνου,

220 2549 311 2582 και
330 2546 391 2581 το
411 2522 459 2579 τ’
482 2547 555 2595 ην
573 2524 636 2578 τό
666 2522 714 2578 τ’
749 2527 897 2578 ἔσται
925 2523 1132 2618 χρόνου
1159 2522 1427 2592 γεγονότα
1460 2524 1593 2589 εἰδη,
1627 2516 1662 2572 ἀ
1696 2518 1761 2587 δὴ
1796 2520 1897 2587 φέ-

225 2627 416 2676 ροντες
435 2605 792 2675 λανθάνομεν
813 2608 895 2659 ἐπὶ
914 2604 1015 2674 τὴν
1034 2603 1212 2659 ἀιδιον
1233 2602 1428 2657 οὐσίαν
1449 2599 1550 2657 οὐκ
1570 2598 1768 2670 όρθως.
1806 2600 1896 2652 λε’-

225 2709 396 2758 γομεν
418 2686 524 2757 γάρ
552 2686 616 2757 δὴ
641 2685 713 2750 ὡς
727 2690 799 2757 ἡν
825 2691 936 2741 ἔστι
954 2708 1010 2740 τε
1039 2688 1126 2740 καὶ
1156 2689 1320 2753 ἔσται,
1341 2690 1406 2753 τῇ
1434 2682 1491 2737 δε
1511 2680 1570 2735 τὸ
1592 2684 1702 2734 ἔστι
1719 2676 1896 2747 μόνον

144 2787 200 2831 38
230 2768 366 2822 κατὰ
387 2767 485 2822 τὸν
502 2766 687 2838 ἀληθῆ
706 2767 874 2836 λόγον
904 2767 1184 2837 προσήκει,
1206 2763 1265 2819 τό
1291 2757 1403 2819 δε”7
1366 2786 1438 2833 ην
1456 2762 1518 2816 τό
1537 2783 1565 2815 τ
1574 2760 1756 2814 ’ἔσται
1774 2760 1897 2828 περὶ
1958 2819 1962 2831 ἶ

229 2847 328 2918 τὴν
349 2851 410 2902 ἐν
428 2848 606 2919 χρόνῳ
636 2851 852 2916 γένεσιν
887 2854 1083 2902 ἰοῦσαν
1116 2848 1309 2913 πρέπει
1339 2845 1616 2912 λέγεσθαι·
1655 2838 1897 2910 κινήσεις
1959 2841 1962 2878 ἶ
