1962 3236
220 51 236 59 «ι
349 50 356 55 ·
571 56 574 58 -
727 68 733 73 ἱ
766 55 823 73 3<
860 67 866 70 ,
1038 49 1042 58 ·
1528 71 1535 79 ,
1851 61 1862 65 --
1951 62 1962 71 ,-

619 195 1100 243 ΠΟΛΙΤΕῙΑΣ
1126 186 1185 258 γ’.
1665 192 1735 245 83

55 326 241 397 ὥσπερ
260 328 352 391 τὰς
394 325 687 398 ἆρμονίας,
726 326 952 397 φράσαι.
1004 324 1163 381 Ἀλλά
1193 323 1270 397 μά
1290 323 1417 395 Δί’,
1457 330 1590 395 ἔφη,
1630 326 1734 382 οὐκ

54 415 156 480 ἔχω
177 411 374 480 λέγειν.
410 407 494 465 ὅτι
511 411 615 479 μὲν
630 407 739 479 γάρ
758 405 874 479 τρί’
898 406 1031 463 ἄττα
1051 409 1198 463 ἐστὶν
1217 410 1353 477 εἴδη,
1376 408 1431 472 ἐξ
1452 399 1534 461 οἷν
1551 410 1612 461 αἱ
1630 407 1737 477 βά-

55 509 168 557 σεις
187 494 511 560 πλέκονται,
549 507 736 559 ωσπερ
768 492 829 544 ἐν
858 500 970 553 τοῖς
998 488 1274 559 φθόγγοις
1302 491 1557 557 τέτταρα,
1595 485 1737 542 ὅθεν

57 578 117 628 αἱ
137 579 308 628 πᾶσαι
325 570 609 643 ἁρμονίαι,
628 573 964 641 τεθεαμένος
982 592 1054 625 αν
1073 577 1306 639 εἴποιμ’
1345 579 1474 624 ποῖα
1492 569 1552 622 δὲ
1570 573 1735 623 ποίου

58 660 187 726 βίον
203 652 509 724 μιμήματα,
532 654 712 722 λέγειν
742 650 847 706 οὐκ
880 656 998 720 ἔχω.
1051 648 1213 706 Ἀλλὰ
1233 655 1405 705 ταῦτα
1426 652 1554 720 μέν,
1586 642 1658 721 ἦν
1678 648 1723 704 ὁ’
1754 653 1791 698 Β

54 737 189 807 ἐγώ,
214 736 305 789 καὶ
335 755 470 804 μετα
489 732 766 804 Δάμωνος
782 732 1225 803 βουλευσόμεθα,
1256 737 1400 796 τίνες
1423 753 1482 787 τε
1502 729 1734 787 ἀνελευ-

52 821 247 887 θερίας
263 818 352 869 καὶ
371 811 642 886 ὕβρεως’“
607 836 643 885 η,
670 819 870 885 μανίας
899 814 988 868 καὶ
1007 811 1176 883 α’λλης
1204 819 1395 878 κακίας
1424 816 1735 881 πρέπουσαι

51 897 264 968 βάσεις,
303 897 395 951 καὶ
414 899 565 959 τίνας
582 906 695 960 τοῖς
713 898 983 959 ἐναντίοις
1002 897 1251 949 λειπτέον
1269 894 1542 966 ῥυθμούς.
1587 892 1736 964 οἶμαι

55 982 118 1035 δέ
133 1000 199 1049 με
218 976 517 1048 ἀκηκοέναι
546 974 615 1031 οὐ
646 983 839 1047 σαφῶς
859 975 1120 1031 ἐνόπλιόν
1139 978 1198 1031 τέ
1215 997 1340 1031 τινα
1369 973 1736 1046 ὀνομάζοντος

54 1058 229 1114 αὐτου
259 1058 534 1125 ξύνθετον
570 1059 662 1114 καὶ
698 1056 974 1112 δάκτυλον
1011 1058 1103 1111 καὶ
1130 1054 1322 1128 ἡρῷόν
1350 1077 1440 1126 γε,
1478 1053 1583 1111 οὐκ
1611 1055 1733 1111 οῖδα

53 1139 202 1204 ὅπως
220 1143 653 1209 διακοσμοῦντος
674 1141 764 1194 καὶ
785 1146 909 1193 ἴσον
930 1159 1047 1193 ανω
1066 1140 1156 1193 καὶ
1187 1138 1337 1192 κάτω
1358 1139 1626 1207 τιθέντος,
1658 1142 1735 1201 είς

0 1256 3 1259 ν
52 1219 231 1291 βραχύ
248 1241 305 1274 τε
334 1221 423 1275 καὶ
442 1217 658 1290 μακρὸν
681 1219 1043 1290 γιγνόμενον,
1081 1224 1200 1288 καί,
1243 1216 1315 1283 ὥς
1343 1221 1576 1293 ἐγῷμαι,
1613 1225 1732 1289 ἴαμ-

52 1307 159 1373 βον
176 1305 273 1356 καί
286 1299 381 1355 τιν’
406 1299 580 1356 ἄλλον
598 1312 857 1371 τροχαῖον
888 1298 1161 1370 ωνόμαζε,
1204 1300 1353 1372 μήκη
1386 1302 1447 1357 δὲ
1475 1302 1567 1356 καὶ
1593 1306 1734 1371 βρα-

54 1382 286 1453 χύτητας
305 1388 611 1453 προσῆπτε·
664 1384 755 1438 καὶ
783 1380 1000 1436 τούτων
1028 1383 1171 1436 τισὶν
1200 1380 1350 1452 οἶμαι
1379 1379 1475 1446 τὰς
1511 1380 1734 1451 ἀγωγὰς
1766 1398 1799 1443 c

52 1469 152 1518 τοῦ
171 1463 341 1527 ποδὸς
359 1461 534 1519 αὐτὸν
561 1461 662 1535 οὐχ
681 1457 849 1534 ἦττον
869 1464 1059 1533 ψέγειν
1086 1484 1143 1518 τε
1165 1463 1254 1518 καὶ
1281 1465 1526 1519 ἐπαινεῖν
1542 1458 1580 1534 ἦ
1604 1461 1735 1528 τοὺς

52 1545 308 1615 ῥυθμοὺς
327 1543 558 1614 αὐτούς,
596 1545 716 1617 ἦτοι
742 1545 1166 1616 ξυναμφότερόν
1197 1567 1272 1600 n·
1294 1543 1364 1600 οὐ
1392 1546 1499 1616 γὰρ
1527 1549 1631 1615 ἔχω
1652 1547 1733 1600 λέ-

52 1648 199 1696 γειν.
238 1624 377 1682 ἀλλὰ
396 1632 568 1682 ταῦτα
590 1628 721 1698 μέν,
761 1625 946 1695 ὥσπερ
979 1623 1164 1697 εἶπον,
1204 1631 1280 1691 εἰς
1298 1626 1553 1698 Δάμωνα
1594 1624 1733 1680 άνα-

53 1706 350 1778 βεβλήσθω
363 1728 374 1738 ·
429 1709 711 1763 διελέσθαι
728 1705 836 1777 γὰρ
858 1705 928 1762 οὐ
946 1712 1184 1777 σμικροῦ
1203 1706 1375 1778 λόγου
1391 1728 1401 1739 ·
1441 1704 1478 1779 ἦ
1511 1706 1583 1762 σὺ
1603 1713 1733 1771 οἴει;

59 1787 155 1842 Μὰ
178 1785 293 1856 Δί’,
314 1785 418 1842 οὐκ
437 1790 623 1859 ἔγωγε.
673 1787 836 1842 Ἀλλὰ
873 1788 998 1843 τόδε
1017 1808 1107 1858 γε,
1146 1785 1230 1843 ὅτι
1248 1787 1309 1843 τὸ
1336 1794 1433 1860 τῆς
1462 1786 1736 1858 εὐσχημο-

54 1870 230 1940 σύνης
249 1890 306 1924 τε
325 1871 416 1924 καὶ
445 1865 832 1940 ἀσχημοσύνης
848 1875 926 1942 τῷ
959 1866 1229 1942 εὐρύθμῳ
1249 1890 1306 1924 τε
1334 1870 1424 1924 καὶ
1458 1866 1736 1942 ἀρρύθμῳ

55 1949 385 2016 ἀκολουθεῖ,
425 1948 661 2004 δύνασαι
690 1953 996 2015 διελέσθαι;
1054 1955 1183 2014 Πῶς
1211 1947 1263 2004 δ’
1287 1949 1388 2015 οὔ,
1427 1947 1587 2005 Ἀλλὰ
1623 1947 1735 2020 μὴν

51 2030 112 2088 τὸ
142 2030 436 2102 εὔρυθμόν
462 2052 524 2101 γε
565 2032 655 2086 καὶ
691 2029 753 2085 τὸ
791 2029 1090 2102 ἄρρυθμον
1118 2030 1179 2087 τὸ
1199 2033 1300 2101 μὲν
1331 2035 1398 2102 τῇ
1427 2037 1568 2103 καλῇ
1593 2032 1732 2096 λέξει
1762 2041 1797 2082 D

54 2114 239 2168 ἕπεται
278 2109 675 2183 ὁμοιούμενον,
711 2109 773 2166 τὸ
811 2111 871 2167 δὲ
903 2117 968 2183 τῇ
994 2113 1243 2184 ἐναντίᾳ,
1283 2112 1374 2167 καὶ
1402 2110 1463 2167 τὸ
1496 2110 1728 2183 εὐάρμο·

0 2196 10 2204 ’
54 2212 187 2249 στον
208 2195 296 2249 καὶ
318 2191 671 2265 ἀνάρμοστον
692 2190 955 2258 ὡσαύτως
971 2235 987 2263 ,
1026 2191 1418 2264 εἴπερρυθμός
1435 2214 1499 2264 γε
1527 2195 1618 2249 καὶ
1637 2190 1729 2264 ἆρ-

54 2281 217 2343 μονία
237 2273 410 2348 λόγῳ,
434 2273 618 2344 ὥσπερ
640 2274 764 2345 ἄρτι
783 2276 995 2345 ἐλέγετο
1010 2317 1025 2344 ,
1055 2274 1194 2330 ἀλλὰ
1225 2274 1299 2345 μὴ
1322 2274 1487 2344 λόγος
1507 2274 1738 2338 τούτοις.

50 2354 211 2411 Ἀλλὰ
229 2354 367 2426 μήν,
402 2349 438 2427 ἦ
458 2356 511 2412 δ’
537 2354 626 2427 ὅς,
665 2357 838 2412 ταῦτά
855 2378 918 2426 γε
938 2355 1086 2430 λόγῳ
1106 2355 1539 2427 ἀκολουθητέον.
1602 2362 1672 2411 Τί
1686 2353 1735 2412 δ’

56 2435 84 2492 ὁ
102 2437 302 2504 τρόπος
321 2443 414 2509 τῆς
432 2439 651 2508 λέξεως,
688 2432 760 2508 ἦν
781 2436 823 2492 δ’
846 2438 979 2508 ἑγω’,
1024 2440 1114 2493 καὶ
1144 2435 1173 2493 ὁ
1201 2436 1392 2510 λόγος;
1431 2434 1502 2492 οὐ
1529 2445 1607 2511 τῷ
1641 2442 1738 2506 τῆς

60 2524 232 2589 ψυχῆς
255 2517 378 2588 ἤθει
398 2519 609 2586 ἕπεται,
644 2525 772 2584 Παῖς
790 2518 897 2589 γὰρ
918 2518 1015 2586 οὕ;
1042 2526 1123 2591 Τῇ
1144 2520 1203 2575 δὲ
1221 2523 1358 2585 λέξει
1377 2513 1575 2586 τᾶλλα,
1607 2525 1732 2575 Ναί.

59 2599 301 2670 Εὐλογιά
322 2598 430 2667 ἄρα
449 2601 538 2655 καὶ
558 2597 890 2670 εὐαρμοστία
910 2604 1000 2656 καὶ
1013 2599 1401 2672 εὐσχημοσύνη
1416 2602 1505 2655 καὶ
1520 2599 1733 2668 εὐρυθ-

57 2687 152 2751 μία
192 2679 423 2753 εὐηθείᾳ
460 2680 786 2746 ἆκολουθεϊ,
829 2679 931 2751 οὐχ
950 2679 1020 2751 ἢν
1034 2682 1233 2738 ἄνοιαν
1262 2675 1438 2736 οὖσαν
1478 2679 1735 2751 ὑποκορι-
1770 2696 1801 2738 Ε

59 2764 277 2835 ζόμενοι
298 2769 577 2833 καλοῦμεν
600 2761 672 2828 ὥς
702 2763 996 2835 εὐήθειαν,
1035 2763 1174 2821 ἀλλὰ
1202 2762 1304 2835 τὴν
1326 2760 1398 2827 ὡς
1417 2761 1643 2834 άληθῶς
1675 2758 1740 2819 εὖ

58 2866 113 2899 τε
133 2846 221 2900 καὶ
241 2851 418 2908 καλῶς
439 2844 497 2898 τὸ
523 2838 662 2915 ἦθος
687 2848 1203 2917 κατεσκευασμένην
1225 2844 1492 2966 διάνοιδαν.
1526 2846 1737 2900 Παντά·

1440 2922 1463 2951 α
