1962 3236
34 1652 95 1893 ζ

1753 22 1807 35 ⁴.
1840 8 1962 42 „1454

226 170 331 222 272
853 172 1330 220 ΠΛΑΤΩΝΟΣ

223 302 360 360 αλλά
380 296 440 359 τὰ
465 312 641 360 αἴτιον
663 306 896 369 ἐννοεῖς;
934 301 1114 373 Ναί,
1091 302 1176 357 ότι
1194 324 1257 372 γε
1277 309 1425 357 πᾶσα
1445 301 1478 373 ἡ
1500 305 1702 382 52:0739‘
1675 307 1755 359 ενὶ
1775 305 1903 360 ἑκά-

157 401 191 441 Ε
222 404 331 458 στω
357 391 560 456 βοηθεῖ
572 392 685 440 τῶν
707 387 957 439 ἰδιωτῶν.
990 378 1262 455 Καλῶς,τ
1225 402 1297 454 ην
1318 381 1368 438 δ’
1393 385 1517 455 ἐγώ,
1540 388 1727 454 λέγεις.
1748 408 1799 440 τι
1792 389 1902 447 ’δές

221 475 366 530 εἴτις
383 472 536 521 θεῶν
563 465 782 535 ἄνδρα
759 467 875 535 ε’να,
905 463 1013 537 ὅτῳ
1040 469 1189 520 ἔστιν
1216 462 1576 536 ἀνδράποδα
1561 466 1902 537 πεντήκοντα

221 544 258 618 ἦ
287 553 473 617 πλείω,
504 545 642 616 ἄρας
671 549 732 602 ἐκ
759 553 854 616 τῆς
884 545 1094 610 πόλεως
1125 545 1297 600 αὐτόν
1329 568 1386 601 τε
1422 548 1513 602 καὶ
1541 559 1778 616 γυναῖκα
1812 548 1902 602 καὶ

219 633 418 692 παῖδας
436 633 564 698 θείη
585 633 661 692 εἰς
678 631 907 697 ἐρημίαν
926 626 1060 698 μετὰ
1079 633 1175 698 τῆς
1194 626 1361 698 ἄλλης
1384 625 1576 692 οὐσίας
1603 650 1658 682 τε
1678 629 1769 682 καὶ
1789 634 1902 681 τῶν

222 713 468 780 οἰκετῶν,
499 708 643 764 ὅπου
679 708 832 778 αὐτῷ
857 711 1043 779 μηδεὶς
1066 714 1178 763 τῶν
1208 711 1522 777 ἐλευθέρων
1550 711 1736 779 μέλλοι
1765 714 1902 779 βοη-

222 790 443 860 θήσειν,
465 793 525 846 ἐν
545 795 683 864 ποίῳ
705 789 775 845 ἄν
795 812 900 845 τινι
920 791 1010 846 καὶ
1029 791 1183 864 πόσῳ
1206 792 1365 863 φόβῳ
1387 798 1489 845 οἴει
1508 794 1768 860 γενέσθαι
1798 787 1901 844 αύ-

219 869 320 926 τὸν
338 877 469 942 περί
480 893 538 926 τε
559 869 734 926 αὑτοῦ
755 873 846 925 καὶ
868 875 1080 926 παίδων
1099 873 1189 925 καὶ
1207 871 1487 941 γυναικός,
1510 869 1582 941 μὴ
1605 871 1899 926 ἀπόλοιντο

105 963 189 1009 579
222 949 330 1006 ὑπὸ
345 957 460 1006 τῶν
476 956 730 1018 οἰκετῶν;
758 950 844 1005 Ἐν
857 957 1035 1021 παντί,
1055 944 1091 1021 ἦ
1105 948 1157 1004 δ’
1180 949 1258 1019 ὅς,
1273 955 1458 1020 ἔγωγε.
1485 949 1712 1006 Οὐκοῦν
1728 949 1900 1020 ἀναγ-

220 1031 434 1097 κάζοιτο
465 1033 537 1086 ἄν
565 1054 716 1096 τινας
733 1032 837 1102 ἤδη
857 1032 1140 1087 θωπεύειν
1179 1029 1367 1086 αὐτῶν
1394 1037 1506 1086 τῶν
1542 1032 1777 1102 δούλων,
1811 1035 1900 1086 καὶ

220 1109 627 1210 ὑπισχνεῖσθαι
632 1112 808 1168 πολλοὶ
830 1115 919 1167 καὶ
941 1114 1280 1182 ἐλευθεροῦν
1304 1109 1471 1166 οὐδὲν
1502 1112 1778 1207 δεόμενος,
1809 1114 1899 1166 καὶ

219 1192 385 1259 κόλαξ
406 1191 571 1258 αὐτὸς
592 1217 663 1248 αν
689 1193 1056 1263 θεραπόντων
1077 1191 1411 1263 αναφανειὝη
1398 1235 1412 1259 ,
1449 1193 1634 1263 Πολλὴ
1668 1213 1899 1291 αναγκη,

220 1280 343 1346 ἔφη,
384 1272 551 1347 αὐτω,
590 1275 625 1345 ἢ
661 1272 1019 1330 απολωλέναι.
1067 1280 1135 1329 Τι
1163 1272 1239 1343 δ’,
1278 1279 1328 1329 εί
1360 1276 1447 1329 καὶ
1486 1274 1705 1343 ἄλλους,
1740 1277 1812 1343 ἡν
1846 1272 1897 1327 δ’

221 1356 345 1425 ἐγώ,
378 1353 406 1410 ὁ
437 1354 573 1418 θεὸς
601 1354 788 1427 κύκλῳ
826 1362 1150 1410 κατοικισειε
1186 1359 1434 1423 γείτονας
1461 1352 1702 1418 πολλοὺς
1732 1352 1898 1442 αὐτῷ,

220 1441 276 1491 οἳ
296 1434 368 1507 μὴ
392 1435 690 1506 ανέχοιντο,
714 1444 767 1491 εἴ
779 1458 859 1500 τις
879 1435 1041 1499 αλλος
1071 1434 1245 1490 ἄλλου
1274 1435 1556 1500 δεσπόζειν
1586 1433 1741 1504 αξιοι,
1777 1425 1898 1489 αλλ

220 1525 273 1572 εἰ
305 1517 415 1572 πού
453 1539 573 1572 τινα
610 1524 864 1572 τοιοῦτον
899 1516 1262 1587 λαμβανοιεν,
1300 1526 1416 1579 ταῖς
1450 1514 1695 1584 ἐσχαταις
1733 1537 1900 1585 τιμω-

166 1615 194 1655 Β
228 1609 411 1667 ροιντο
444 1619 748 1668 τιμωριαις;
772 1596 887 1652 ”En
918 1597 1023 1669 ἄν,
1041 1602 1164 1668 ἐφη,
1197 1596 1362 1668 οἶμαι,
1398 1603 1607 1666 μᾶλλον
1645 1599 1705 1651 ἐν
1738 1599 1900 1651 παντὶ

220 1685 398 1733 κακοῦ
416 1687 516 1749 εἴη,
537 1679 723 1752 κύκλω
754 1679 1178 1749 φρουρούμενος
1207 1675 1315 1733 ὑπὸ
1348 1699 1575 1732 παντων
1604 1683 1897 1775 πολεμίων.

212 1753 330 1827 ’Ap'
354 1761 458 1813 ούν
488 1758 590 1813 οὐκ
621 1762 683 1815 ἐν
714 1760 945 1814 τοιούτω
976 1782 1077 1830 μεν
1109 1763 1458 1832 δεσμωτηρίῳ
1490 1763 1698 1815 δέδεται
1734 1757 1763 1813 ὁ
1801 1758 1901 1814 τύ-

223 1862 444 1909 ραννος,
466 1840 633 1910 φύσει
666 1837 745 1896 ὢν
774 1837 895 1896 οἷον
927 1841 1347 1911 διεληλύθαμεν,
1380 1847 1602 1896 πολλων
1631 1843 1722 1896 καὶ
1756 1861 1899 1895 παν-

220 1926 478 1977 τοδαπῶν
507 1922 704 1993 φόβων
737 1926 828 1977 καὶ
863 1923 1085 1991 ἐρώτων
1114 1924 1330 1992 μεστός·
1370 1928 1534 1996 λίχνῳ
1560 1920 1623 1978 ’δὲ
1654 1922 1771 1978 ὄντι
1797 1921 1920 1976 om}-v

219 2010 297 2076 τςό
331 2005 431 2073 τὴν
460 2002 645 2074 ψυχὴν
673 2004 825 2075 μόνω
855 2010 967 2058 τῶν
997 2006 1056 2058 ἐν
1090 2010 1158 2074 τῇ
1193 2005 1348 2058 πόλει
1385 2003 1512 2058 οὔτε
1548 2002 1899 2072 ἀποδημῆσαι

219 2089 426 2149 ἔξεστιν
463 2083 738 2155 οὐδαμόσε
776 2085 902 2139 οὔτε
937 2091 1220 2154 θεωρῆσαι
1252 2083 1402 2138 ὅσων
1431 2084 1496 2153 δὴ
1538 2085 1627 2138 καὶ
1664 2087 1719 2137 οἱ
1744 2081 1900 2137 ἄλλοι

221 2166 509 2236 ἐλεύθεροι
543 2170 883 2236 ἐπιθυμηταί
907 2171 1027 2235 εἰσι,
1061 2162 1445 2228 καταδεδυκώς
1478 2165 1535 2219 δὲ
1567 2166 1627 2219 ἐν
1658 2171 1725 2235 τῇ
1755 2169 1898 2237 οἰκία

162 2264 195 2305 O
225 2245 486 2310 τὰπολλὰ
509 2243 584 2311 ὥς,
610 2245 752 2316 ’γυνὴ
782 2252 862 2318 ζῇ,
895 2253 1133 2316 φθονῶν
1164 2247 1255 2302 καὶ
1286 2258 1397 2311 τοῖς
1426 2244 1611 2310 ἄλλοις
1639 2251 1897 2315 πολίταις,

154 2367 165 2385 ,
222 2329 320 2383 εὀἱν
337 2350 416 2393 τις
435 2330 536 2393 ἔξω
560 2326 816 2400 ἀποδημῇ
839 2333 934 2384 καί
948 2351 999 2383 τι
1032 2327 1252 2398 ἀγαθὸν
1282 2326 1413 2400 ὁρᾷς
1454 2327 1780 2382 Παντάπασι
1800 2327 1900 2396 μὲν

222 2403 345 2478 οὖν,
377 2413 496 2480 ἔφη.

362 2494 443 2544 v1.
484 2489 712 2546 Οὐκοῦν
745 2503 854 2555 τοῖς
882 2490 1153 2555 τοιούτοις
1181 2503 1368 2554 κακοῖς
1399 2496 1566 2546 πλείω
1593 2493 1899 2557 καρποῦται

224 2569 384 2642 ἀνήρ,
406 2568 465 2635 ὃς
490 2568 560 2626 ἂν
579 2577 762 2635 κακῶς
782 2575 840 2626 ἐν
862 2574 1040 2645 ἑαυτῷ
1059 2571 1498 2642 πολιτευόμενος,
1530 2569 1595 2626 ὃν
1615 2577 1723 2625 νῦν
1742 2567 1806 2638 δὴ
1829 2567 1898 2622 σύ

223 2650 572 2707 ἀθλιώτατον
593 2657 827 2723 ἔκρινας,
849 2652 948 2708 τὸν
965 2653 1318 2723 τυραννικόν,
1354 2651 1425 2723 μὴ
1462 2649 1533 2715 ὥς
1564 2650 1779 2718 ἰδιώτης
1798 2670 1899 2701 κα-

223 2739 413 2807 ταβιῷ,
462 2732 584 2789 ἀλλ’
625 2733 956 2806 ἀναγκασθῇ
987 2733 1098 2789 ὑπό
1128 2756 1276 2798 τινος
1309 2734 1472 2804 τύχης
1507 2736 1896 2802 τυραννεῦσαι,

223 2815 315 2870 καὶ
336 2816 535 2870 ἑαυτοῦ
565 2813 644 2871 ὢν
666 2816 920 2888 ἀκράτωρ
942 2816 1125 2872 ἄλλων
1145 2816 1458 2886 ἐπιχειρήσῃ
1490 2813 1692 2882 ἄρχειν,
1716 2811 1896 2879 ὥσπερ
