1962 3236
223 173 292 225 84
817 179 1295 227 ΠΛΑΤΩΝὈΣ

223 324 356 364 πασι
377 308 479 379 μεν
498 302 629 381 οὐν,
653 315 775 381 ἔφη.
841 303 948 378 Αρ’
973 303 1078 364 οὐν
1098 308 1166 364 οὐ
1178 329 1461 381 πανταχου
1479 318 1651 367 ταῦτα
1670 317 1899 370 διωκτέα

223 401 335 454 τοῖς
353 392 520 461 νέοις,
560 395 610 446 εἰ
624 393 886 461 μέλλουσι
904 386 963 444 τὸ
988 386 1175 445 αὑτων
1194 391 1478 459 πράττειν,
1517 395 1770 450 Διωκτέα
1799 417 1900 465 μεν

108 481 193 526 401
224 474 344 527 οὐν.
406 469 556 527 ’Ἐστι
593 472 650 527 δὲ
686 473 752 540 γέ
779 491 888 526 που
924 469 1133 543 πλήρης
1169 473 1271 542 μὲν
1306 474 1550 545 γραφικὴ
1588 473 1774 530 αὐτων
1809 477 1902 531 καὶ

223 549 417 608 πᾶσα“
389 575 422 623 η
444 551 668 622 τοιαύτη
691 555 1046 623 δημιουργία,
1069 552 1277 624 πλήρης
1297 552 1404 611 δε“
1375 555 1654 627 υφαντικὴ
1675 558 1765 612 καὶ
1785 577 1898 612 ποι-

221 638 366 689 κιλία
403 635 494 688 καὶ
525 635 810 703 οἰκοδομία
840 633 928 687 καὶ
961 639 1110 688 πᾶσα
1129 655 1202 688 αυ
1238 632 1271 706 ἡ
1313 642 1424 690 τῶν
1461 635 1647 693 ἄλλων
1683 643 1898 693 σκευῶν

222 717 478 785 ἐργασία,
520 718 598 770 ἔτι
627 712 740 785 δὲὴ
772 721 885 770 τῶν
905 713 1177 786 σωμάτων
1207 716 1373 786 φύσις
1401 719 1541 789 καὶὴ
1572 725 1685 774 τῶν
1715 717 1900 775 ἄλλων

223 801 444 866 φυτῶν·
467 797 528 851 ἐν
548 802 682 851 πᾶσι
700 795 808 866 γάρ
827 794 1041 860 τούτοις
1061 801 1273 852 ἔνεστιν
1287 794 1670 869 εὐσχημοσύνη
1691 797 1728 870 ἦ
1740 798 1899 869 ἀσχη-

222 879 454 948 μοσύνη.
508 880 599 933 καὶ
629 875 662 948 ἡ
685 879 787 948 μὲν
817 876 1171 949 ἀσχημοσύνη
1193 880 1284 933 καὶ
1309 876 1597 950 ἀρρυθμία
1626 883 1715 936 καὶ
1734 878 1898 952 ἀναρ-

223 962 419 1028 μοστία
437 963 766 1028 κακολογίας
786 961 875 1014 καὶ
894 963 1228 1029 κακοηθείας
1249 957 1490 1031 ἀδελφά,
1520 959 1586 1015 τὰ
1608 959 1655 1016 δ’
1681 965 1899 1017 ἐναντία

223 1046 326 1095 τοῦ
347 1043 631 1110 ἐναντίου,
672 1041 966 1111 σώφρονός
991 1061 1049 1095 τε
1079 1042 1171 1096 καὶ
1199 1037 1422 1111 ἀγαθοῦ
1441 1041 1647 1114 ἤθους,
1687 1040 1900 1114 ἀδελφά

223 1141 282 1173 τε
303 1121 394 1174 καὶ
410 1120 708 1190 μιμήματα.
779 1126 1074 1186 Παντελοδς
1092 1123 1194 1192 μὲν
1223 1115 1354 1192 οὖν,
1393 1126 1515 1192 ἔφη.

163 1214 195 1254 Β
360 1199 468 1255 ΧΠ.
505 1194 608 1272 'Ap'
633 1196 738 1257 οὐν
760 1214 870 1267 τοῖς
895 1214 1143 1273 ποιηταῖς
1158 1199 1288 1274 ἡμῖν
1312 1202 1490 1273 μόνον
1519 1205 1901 1275 ἐπιστατητέον

220 1283 311 1336 καὶ
330 1284 855 1352 προσαναγκαστέον
882 1283 986 1354 τὴν
1015 1290 1116 1338 τοῦ
1146 1282 1370 1355 ἀγαθοῦ
1390 1284 1580 1340 εἰκόνα
1600 1284 1778 1356 ἤθους
1803 1287 1901 1356 ἐμ-

220 1373 398 1417 ποιεῖν
418 1373 532 1427 τοῖς
561 1364 861 1434 ποιήμασιν
889 1359 925 1433 ἦ
955 1361 1029 1433 μὴ
1052 1361 1174 1435 παρ’
1205 1362 1337 1435 ἡμῖν
1367 1376 1572 1437 ποιεῖν,
1613 1362 1649 1437 ἦ
1679 1367 1770 1422 καὶ
1789 1377 1901 1432 τοῖς

222 1440 411 1507 άλλοις
431 1447 787 1515 δημιουργοῖς
806 1447 1194 1515 ἐπιστατητέον
1213 1447 1304 1500 καὶ
1324 1449 1695 1502 διακωλυτέον
1714 1445 1774 1502 τὸ
1797 1469 1899 1503 κα-

221 1523 426 1594 κόηθες
448 1531 614 1580 τοῦτο
636 1526 725 1581 καὶ
749 1523 1059 1581 ἀκόλαστον
1091 1526 1181 1580 καὶ
1212 1521 1589 1596 ἀνελεύθερον
1618 1529 1710 1584 καὶ
1729 1527 1899 1601 άσχη-

221 1627 329 1676 μον
357 1605 490 1677 μήτε
519 1608 578 1661 ἐν
608 1606 778 1662 εἰκόσι
817 1606 971 1672 ζώων
1005 1605 1139 1677 μήτε
1168 1611 1228 1662 ἐν
1257 1609 1660 1707 οἰκοδομημασι
1682 1610 1818 1681 μήτε
1838 1613 1897 1665 ἐν

220 1683 368 1781 άλλςο
405 1690 598 1758 μηδενὶ
634 1691 1127 1760 δημιουργουμένω
1166 1690 1436 1758 ἐμποιεῖν,
1478 1685 1513 1760 ἢ
1532 1688 1559 1745 ὁ
1592 1711 1664 1761 μη
1695 1686 1811 1755 οἶός
1840 1712 1898 1746 τε

222 1761 302 1821 ὠν
322 1764 426 1822 οὐκ
457 1770 639 1832 ἐατέος
669 1766 791 1839 παρ’
813 1767 947 1839 ἡμῖν
977 1772 1413 1839 δημιουργεῖν,““
1398 1773 1491 1823 ίνα
1519 1767 1592 1841 μὴ
1626 1772 1687 1826 ἐν
1707 1776 1899 1836 κακίας

224 1847 397 1902 εἰκόσι
417 1848 752 1919 τρεφόμενοι
763 1846 895 1921 ἡμῖν
908 1870 959 1904 οι
949 1849 1219 1920 ’φύλακες
1240 1847 1424 1921 ω’σπερ
1446 1852 1505 1905 ἐν
1518 1872 1659 1924 κακῃ
1635 1850 1896 1924 βοτάνῃ,

161 1939 192 1981 C
218 1927 393 1983 πολλοὶ
419 1929 647 2001 ἑκάστης
663 1928 868 2001 ἡμέρας
887 1930 1024 1986 κατὰ
1046 1929 1280 2002 σμικρὸν
1309 1929 1416 1985 ἀπὸ
1444 1938 1664 1987 πολλῶν
1696 1933 1897 2004 δρεπό-

215 2014 378 2079 μενοί
391 2031 449 2065 τε
467 2013 557 2066 καὶ
575 2011 871 2082 νεμόμενοι
884 2054 898 2080 ,
935 2014 996 2067 ἕν
1015 2034 1065 2067 τι
1084 2011 1432 2077 ξυνιστάντες
1450 2013 1775 2069 λανθάνωσι
1794 2036 1896 2070 κα-

214 2090 321 2146 κὸν
339 2095 476 2161 μέγα
497 2095 556 2147 ἐν
579 2098 646 2164 τῇ
665 2092 852 2146 αὐτῶν
870 2096 1016 2162 ψυχῇ
1034 2113 1044 2123 ·
1066 2089 1190 2145 ἀλλ’
1211 2093 1456 2156 ἐκείνους
1486 2096 1741 2165 ζητητέον
1766 2096 1897 2161 τοὺς

217 2171 591 2244 δημιουργοὺς
610 2172 739 2237 τούς
760 2170 985 2243 εὐφυῶς
1009 2174 1354 2243 δυναμένους
1383 2174 1622 2244 ἰχνεύειν
1656 2175 1759 2247 τὴν
1795 2184 1897 2233 τοῦ

215 2259 392 2308 καλοῦ
427 2274 484 2307 τε
520 2254 610 2309 καὶ
649 2251 986 2333 εὐσχήμονος
1011 2254 1212 2325 φύσιν,
1249 2253 1326 2309 ’ἵν’
1353 2253 1537 2326 ὥσπερ
1574 2259 1636 2312 ἐν
1670 2255 1898 2331 ὑγιεινῷ

214 2335 364 2408 τόπῳ
391 2339 672 2399 οἰκοῦντες
698 2338 755 2389 οἱ
772 2337 888 2390 νέοι
918 2334 1023 2391 ἀπὸ
1057 2334 1262 2401 παντὸς
1293 2333 1641 2409 ὠφελῶνται,
1681 2337 1896 2395 ὁπόθεν

215 2412 288 2470 ἂν
325 2416 512 2481 αὐτοῖς
539 2415 646 2472 ἀπὸ
685 2424 798 2472 τῶν
840 2424 1028 2473 καλῶν
1060 2421 1238 2488 ἔργων
1266 2415 1304 2490 ἢ
1345 2418 1483 2490 πρὸς
1519 2419 1650 2487 ὄψιν
1684 2417 1721 2492 ἦ
1758 2423 1895 2493 πρὸς

215 2495 390 2569 ἀκοήν
416 2520 466 2553 τι
497 2499 813 2571 προσβάλῃ,
866 2498 1051 2571 ὥσπερ
1076 2498 1220 2570 αὔρα
1242 2503 1491 2571 φέρουσα
1510 2500 1617 2557 ἀπὸ
1642 2510 1894 2574 χρηστῶν

156 2598 190 2639 D
217 2579 405 2635 τόπων
424 2577 666 2651 ὑγίειαν,
689 2581 778 2636 καὶ
805 2578 980 2645 εὐθὺς
999 2584 1057 2636 ἐκ
1078 2585 1292 2637 παίδων
1313 2583 1570 2655 λανθάνῃ
1603 2589 1678 2648 εἰς
1704 2582 1893 2655 ὁμοιό-

213 2661 347 2730 τητά
371 2683 426 2716 τε
445 2664 535 2717 καὶ
556 2668 747 2732 φιλίαν
767 2665 855 2718 καὶ
876 2666 1202 2734 ξυμφωνίαν
1225 2670 1300 2736 τῷ
1319 2671 1469 2739 καλῷ
1482 2665 1626 2737 λόγῳ
1647 2664 1890 2734 άγουσα·
1876 2709 1891 2733 ,

213 2739 372 2794 Πολύ
398 2743 505 2814 γὰρ
527 2740 599 2798 άν
610 2743 1059 2815 ,ἔφη,κάλλιστα
1090 2743 1237 2800 οὕτω
1275 2757 1546 2815 τραφεῖεν.
1613 2740 1729 2813 Ἆρ’
1768 2749 1890 2815 οὐν,

210 2815 281 2891 ἦν
321 2820 374 2876 δ’
407 2824 542 2893 ἐγώ,
589 2847 631 2879 ω
675 2826 978 2895 Γλαύκων,
1026 2827 1243 2881 τούτων
1281 2827 1443 2880 ἕνεκα
1485 2826 1792 2897 κυριωτάτη
1830 2829 1891 2883 ἐν
