1962 3236
586 164 1072 212 ΠοΛιΤΕΙΛΣ
1099 155 1158 226 η’.
1630 157 1735 212 247

47 286 168 354 ἐστι
176 299 452 431 δεύτερος
488 297 578 351 καὶ
614 293 939 366 ἀναγκάζων
976 294 1174 366 άρετῆς
1203 297 1576 393 ἐπιμελεῖσθαι
1608 291 1738 357 τούς

500 374 847 398 =====

35 459 326 515 ἑκουσίων
362 461 710 529 ξυμβολαίων
748 457 1057 530 προστάττῃ
1094 457 1444 529 ξυμβάλλειν,
1475 431 1740 527 χρηματί-
1765 463 1796 503 Β

23 544 232 606 ,ζοιντο
253 539 355 609 μὲν
394 562 467 594 αν
505 531 669 610 ἦττον
699 535 939 604 ἀναιδῶς
975 542 1035 593 έν
1070 544 1138 611 τῇ
1169 539 1343 608 πόλει,
1372 537 1577 594 ἐλάττω
1598 533 1650 591 δ’
1681 537 1739 591 ἐν

12 654 13 658 =
53 620 196 694 αὐτῇ
218 620 417 690 φύοιτο
441 626 555 676 τῶν
572 619 844 675 τοιούτων
861 627 1066 690 κακῶν,
1088 623 1222 675 οἵων
1254 627 1364 675 νῦν
1396 619 1462 691 δὴ
1493 627 1735 690 εἴπομεν.

51 706 160 759 Καὶ
181 703 326 758 πολύ
344 724 423 772 γε,
444 695 479 772 ἦ
499 700 552 756 δ’
577 701 652 766 ὅς.
691 707 823 757 Νῦν
843 704 903 757 δέ
921 700 996 772 γ’,
1016 706 1158 800 ἔφθην
1185 702 1309 773 ἐγώ,
1343 702 1432 757 διὰ
1464 702 1642 757 πάντα
1673 697 1738 756 τά

53 790 282 840 τοιαῦτα
302 782 432 848 τούς
449 806 553 854 μεν
572 783 638 854 δὴ
668 781 1007 856 αρχομένους
1035 782 1183 839 οὕτω
1214 788 1560 840 διατιθέασιν
1588 785 1650 838 ἐν
1674 787 1744 854 τῇ

54 867 211 922 πόλει
237 869 295 922 οι
317 865 602 937 άρχοντες
653 871 799 963 σφᾶς
829 866 886 921 δὲ
912 864 1118 932 αὐτοὺς
1148 868 1238 922 καὶ
1262 863 1393 930 τούς
1423 861 1610 919 αὑτῶν
1642 856 1736 934 αρ’

57 947 127 1003 ού
144 954 472 1018 τρυφῶντας
499 949 600 1018 μὲν
630 947 760 1012 τούς
788 951 950 1012 νέους
983 948 1076 1003 καὶ
1105 945 1352 1011 ἀπόνους
1382 947 1472 1001 καὶ
1504 942 1644 1016 πρὸς
1671 964 1738 998 τα

55 1037 157 1084 τοῦ
178 1029 428 1100 σώματος
447 1030 535 1083 καὶ
555 1028 694 1099 πρὸς
714 1027 779 1083 τὰ
804 1035 900 1099 τῆς
919 1035 1112 1129 ψυχῆς,
1132 1025 1417 1099 μαλακοὺς
1450 1028 1509 1082 δὲ
1541 1046 1740 1092 καρτε-

58 1124 176 1181 ρεῖν
195 1108 332 1179 πρὸς
349 1109 558 1181 ἡδονάς
577 1133 631 1165 τε
653 1113 743 1166 καὶ
766 1111 944 1176 λύπας
963 1114 1052 1167 καὶ
1073 1110 1309 1181 άργούς;
1350 1115 1420 1165 Τί
1439 1109 1579 1181 μήν;
1620 1106 1739 1163 Λὺ-
1777 1118 1809 1162 C

0 1190 1 1194 ¹
51 1191 184 1258 τούς
213 1191 272 1247 δὲ
309 1192 452 1263 πλὴν
483 1199 862 1264 χρηματισμοῦ
897 1201 1012 1249 τῶν
1048 1193 1232 1249 ἄλλων
1259 1191 1618 1264 ἠμεληκότας,
1649 1192 1740 1246 καὶ

54 1275 220 1332 οὐδὲν
238 1281 406 1331 πλείω
429 1277 740 1346 ἐπιμέλειαν
758 1280 1161 1347 πεποιημένους
1190 1273 1389 1345 ἀρετῆς
1417 1271 1453 1345 ἢ
1482 1274 1614 1339 τοὺς
1643 1274 1740 1328 πέ-

53 1381 250 1430 νητας;
287 1356 372 1413 Ού
391 1356 496 1427 γὰρ
519 1350 638 1412 οὖν.
681 1355 844 1413 Οὕτω
864 1357 931 1428 δὴ
952 1359 1462 1426 παρεσκευασμένοι
1482 1354 1619 1411 ὅταν
1643 1374 1741 1410 πα-

52 1440 407 1512 ραβάλλωσιν
426 1436 681 1510 ἀλλήλοις
710 1443 767 1495 οἵ
789 1461 846 1494 τε
882 1437 1141 1509 ἄρχοντες
1174 1439 1265 1495 καὶ
1298 1441 1356 1494 οἱ
1381 1436 1678 1509 ἀρχόμενοι
1706 1431 1743 1506 ἢ

50 1525 116 1578 έν
150 1519 298 1577 ὁδῶν
339 1526 583 1589 πορείαις
619 1517 656 1592 ἢ
692 1523 752 1576 ἐν
787 1520 977 1585 ἄλλαις
1018 1521 1124 1576 τισὶ
1161 1525 1491 1588 κοινωνίαις,
1526 1514 1563 1589 ἦ
1602 1514 1741 1573 κατὰ

52 1609 294 1671 θεωρίας
322 1598 357 1673 ἦ
386 1602 523 1657 κατά
551 1609 851 1674 στρατείας,
882 1603 919 1674 ἢ
956 1604 1191 1673 ξύμπλοι
1222 1603 1543 1674 γιγνόμενοι
1571 1598 1609 1673 ἢ
1640 1620 1742 1656 σν-

53 1689 398 1754 στρατιῶται,
418 1680 556 1755 ἦκαὶ
577 1687 638 1740 ἐν
659 1682 845 1749 αὐτοῖς
870 1696 982 1749 τοῖς
1001 1685 1282 1750 κινδύνοις
1301 1682 1575 1756 ἀλλήλους
1602 1682 1742 1740 θεῶ·
1773 1694 1809 1735 D

59 1788 236 1838 μενοι,
257 1770 482 1837 μηδαμῇ
506 1766 677 1839 ταύτῃ
698 1773 1159 1837 καταφρονῶνται
1179 1769 1236 1821 οἶ
1250 1767 1478 1838 πένητες
1501 1764 1610 1821 ὑπὸ
1631 1771 1743 1821 τῶν

61 1853 363 1916 πλουσίων,
384 1845 524 1902 ἀλλὰ
545 1848 810 1912 πολλάκις
829 1846 1013 1918 ἰσχνὸς
1033 1846 1175 1918 α’νὴρ
1207 1851 1392 1918 πένης,
1421 1845 1741 1918 ἡλιωμένος,

58 1930 427 1998 παραταχθεὶς
462 1930 522 1984 έν
557 1929 702 2000 μάχῃ
742 1933 986 2002 πλουσίῳ
1026 1928 1498 2000 ἐσκιατροφηκότι,
1536 1926 1743 1993 πολλὰς

56 2015 236 2080 ἔχοντι
274 2009 482 2079 σάρκας
513 2008 817 2078 ἀλλοτρίας,
854 2014 946 2081 ἴδῃ
981 2008 1269 2081 ἄσθματός
1304 2032 1361 2065 τε
1396 2011 1485 2066 καὶ
1514 2007 1746 2079 ἀπορίας

57 2092 279 2162 μεστόν,
318 2085 410 2160 ἆρ’
451 2099 554 2147 οἴει
590 2089 766 2147 αὐτὸν
802 2090 902 2162 οὐχ
930 2089 1185 2162 ἡγεῖσθαι
1216 2097 1379 2165 κακίᾳ
1409 2100 1475 2164 τῇ
1506 2095 1745 2165 σφετέρᾳ

58 2178 320 2228 πλουτεῖν
339 2171 470 2237 τούς
489 2172 791 2243 τοιούτους,
823 2175 911 2228 καὶ
943 2173 1114 2229 ἄλλον
1145 2174 1292 2248 ἄλλῳ
1325 2175 1743 2244 παραγγέλλειν,

57 2252 193 2310 ὅταν
220 2258 331 2327 ίδίᾳ
367 2258 783 2325 ξυγγίγνωνται,
824 2254 908 2311 ὅτι
944 2255 1145 2325 ἄνδρες
1180 2253 1434 2327 ἡμέτεροι
1465 2259 1567 2313 εἰσὶ
1605 2255 1739 2327 παρ’
1767 2271 1803 2315 l:

60 2333 255 2400 ούδέν;
296 2330 381 2391 Εὖ
404 2334 524 2391 οἶδα
543 2337 646 2407 μὲν
665 2331 786 2406 οὖν,
809 2341 932 2407 ἔφη,
965 2341 1152 2408 ἔγωγε,
1181 2335 1265 2393 ὅτι
1295 2335 1443 2394 οὕτω
1470 2346 1741 2395 ποιοῦσιν.

63 2414 295 2471 Οὐκοῦν
340 2413 526 2483 ῶσπερ
580 2423 739 2487 σῶμα
786 2421 1025 2482 νοσῶδες
1067 2424 1266 2488 μικροῖς
1315 2421 1488 2490 ῥοπῆς
1534 2422 1745 2485 ἔξωθεν

63 2501 235 2552 δεῖται
255 2502 672 2567 προσλαβέσθαι
692 2497 831 2567 πρὸς
850 2500 910 2554 τὸ
931 2498 1180 2569 κάμνειν,
1206 2503 1378 2556 ἐνίοτε
1398 2501 1456 2557 δὲ
1485 2504 1576 2558 καὶ
1606 2501 1745 2557 ἄνευ

58 2583 175 2633 τῶν
197 2583 297 2643 ἔξω
318 2579 587 2644 στασιάζει
607 2576 741 2633 αὐτὸ
763 2576 931 2652 αὐτῷ,
953 2579 1100 2635 οὕτω
1133 2581 1199 2652 δὴ
1221 2584 1310 2636 καὶ
1340 2579 1373 2652 ἡ
1405 2580 1540 2636 κατὰ
1571 2581 1743 2638 ταύτὰ

60 2661 254 2734 ἐκείνῳ
281 2663 593 2730 διακειμένη
636 2660 792 2725 πόλις
827 2657 938 2716 ἀπὸ
967 2669 1200 2732 σμικροῖς
1231 2665 1579 2733 προφάσεως,
1613 2667 1745 2730 ἔξω·

61 2748 167 2797 θεν
187 2743 547 2811 ἐπαγομένων
569 2737 602 2811 ἢ
621 2747 732 2796 τῶν
756 2743 955 2809 ἑτέρων
975 2746 1027 2808 ἐξ
1051 2741 1516 2816 ὀλιγαρχουμένης
1535 2745 1745 2811 πόλεως

62 2823 371 2894 ξυμμαχίαν
396 2818 433 2894 ἢ
464 2829 578 2880 τῶν
606 2824 808 2893 ἑτέρων
839 2827 899 2880 ἐκ
938 2828 1471 2898 δημοκρατουμένης,
1501 2838 1657 2883 νοσεῖ
1686 2848 1745 2884 τε
