1962 3236
1831 43 1836 46 ·
1885 0 1935 98 f

207 136 311 188 392
830 139 1000 186 HAA
1018 139 1299 188 ΤῼΝΟΣ
1822 114 1880 197 74

206 270 416 341 νόμενα
444 272 534 326 καὶ
555 269 961 339 συγκρινόμενα
993 267 1131 339 πρὸς
1160 268 1262 339 τὴν
1291 271 1475 328 αὐτῶν
1496 277 1881 347 διαμειβόμενοι

206 351 377 423 ἕδραν
409 348 593 406 ἕκαστ’
637 350 775 404 ἰέναι
805 351 1003 419 πάντα,
1038 350 1254 414 τούτοις
1290 363 1399 416 τοῖς
1428 355 1718 426 παθήμασι
1746 357 1882 426 πρὸς
1959 382 1962 415 4

207 430 416 502 ἄλληλα
436 437 832 499 συμπλεχθεῖσι
855 435 1455 503 τεθαυματουργημένα
1482 443 1560 508 τῶ
1587 437 1722 492 κατὰ
1753 439 1883 506 τρό-

206 534 314 570 πον
335 519 583 583 ζητοῦντι
610 508 943 583 φανήσεταιζ

348 598 609 650 XXXVIII.
643 597 752 650 Καὶ
780 595 844 666 δὴ
867 599 957 651 καὶ
975 595 1035 652 τὸ
1058 604 1151 668 τῆς
1171 598 1467 670 ἀναπνοῆς,
1489 598 1627 656 ὅθεν
1658 599 1686 656 ὁ
1722 603 1886 671 λόγος

209 677 445 747 ὥρμησε,
483 675 622 731 κατὰ
650 674 822 731 ταύτὰ
853 679 945 733 καὶ
976 677 1064 732 διὰ
1086 679 1301 735 τούτων
1329 684 1575 751 γέγονεν,
1603 680 1785 752 ῶσπερ
1824 686 1884 737 ἐν
1949 691 1962 745 i

206 769 318 821 τοῖς
338 757 592 827 πρόσθεν
613 765 840 829 εἴρηται,
863 762 1155 829 τέμνοντος
1181 760 1280 830 μὲν
1300 761 1366 816 τὰ
1393 768 1533 817 σιτία
1557 770 1657 818 τοῦ
1687 763 1883 835 πυρός,
1954 755 1962 843 Ξ

208 843 565 913 αἰωρουμένςο
588 839 647 895 δὲ
667 839 819 904 ἐντὸς
837 847 915 914 τῷ
935 840 1205 911 πνεύματι
1226 845 1618 914 ξυνεπομένου,
1642 843 1738 909 τοὶς
1757 847 1884 915 φλέ·
1956 855 1962 902 ἔ

209 927 313 992 βας
331 943 389 975 τε
407 923 467 976 ἐκ
493 926 590 991 τῆς
609 926 816 986 κοιλίας
843 927 910 993 τῇ
947 922 1311 992 ξυναιωρήσει
1340 930 1684 995 πληροῦντος
1713 930 1791 998 τῷ
1819 923 1885 980 τὰ

205 1004 512 1073 τετμημένα
532 999 777 1057 αὐτόθεν
794 1004 1079 1058 ἐπαντλεϊν
1095 1024 1104 1034 ·
1122 1006 1210 1058 καὶ
1224 1002 1312 1059 διά
1330 1013 1501 1060 ταῦτα
1516 1003 1580 1076 δὴ
1603 1005 1733 1062 καθ’
1754 1006 1886 1061 ὅλον
1957 1018 1962 1059 3

207 1080 269 1137 τὸ
294 1088 450 1153 σῶμα
488 1087 624 1137 πᾶσι
660 1094 771 1147 τοῖς
810 1082 965 1148 ζῶοις
997 1084 1062 1138 τὰ
1101 1090 1198 1154 τῆς
1232 1093 1441 1157 τροφῆς
1466 1086 1680 1156 νάματα
1711 1086 1886 1151 οὕτως

147 1178 180 1220 Ε
213 1165 477 1235 ἐπίρρυτα
505 1168 711 1234 γέγονε.
751 1164 1018 1235 νεότμητα
1056 1166 1115 1219 δὲ
1154 1168 1244 1220 καὶ
1282 1166 1388 1221 ἀπὸ
1421 1172 1703 1236 ξυγγενῶν
1732 1166 1884 1237 ὄντα,
1959 1196 1962 1216 ⁴

207 1242 273 1300 τὰ
292 1246 394 1315 μὲν
413 1250 661 1317 καρπῶν,
695 1243 762 1300 τὰ
784 1246 842 1302 δὲ
859 1245 1041 1316 χλόης,
1062 1243 1098 1300 ὁὶ
1115 1244 1248 1310 θεὸς
1278 1245 1364 1301 ἐπ’
1398 1245 1531 1302 αὐτὸ
1562 1248 1731 1303 τοῦθ’
1754 1246 1886 1319 ἡμῖν

188 1326 517 1401 Ἷἐφύτευσεν
544 1325 682 1380 εἶναι
713 1327 947 1398 τροφήν,
979 1327 1302 1382 παντοδαπὰ
1332 1329 1434 1398 μὲν
1463 1329 1719 1399 χρώματα
1751 1338 1884 1399 ἴσχει

210 1407 300 1463 διὰ
331 1407 434 1478 τὴν
464 1407 735 1477 ξύμμιξιν,
764 1404 797 1477 ἡ
831 1405 881 1460 δ’
924 1406 1136 1478 ἐρυθροὶ
1169 1413 1390 1478 πλείστη
1422 1411 1544 1477 περὶ
1580 1407 1712 1464 αὐτὸ
1750 1411 1886 1481 χρόα

208 1493 407 1558 διαθεῑ,
439 1496 533 1559 τῆς
556 1495 659 1542 τοῦ
686 1488 861 1559 πυρὸς
887 1493 1058 1559 τομῆς
1084 1510 1141 1543 τε
1168 1492 1257 1544 καὶ
1288 1491 1619 1560 ἐξομόρξεως
1644 1494 1703 1546 ἐν
1733 1489 1885 1564 ὑγρῷ

208 1572 715 1642 δεδημιουργημένη
740 1570 930 1639 φύσις·
970 1568 1108 1625 ὅθεν
1127 1575 1230 1625 τοῦ
1248 1569 1385 1626 κατὰ
1406 1570 1466 1626 τὸ
1490 1577 1644 1642 σῶμα
1667 1574 1886 1642 ῥέοντος

205 1650 266 1708 τὸ
314 1658 503 1722 χρῶμα
541 1655 696 1721 ἔσχεν
735 1653 856 1705 οἵαν
903 1649 1036 1716 ὄψιν
1072 1652 1492 1722 διεληλύθαμεν.
1541 1649 1574 1706 ὃ
1609 1659 1887 1724 καλοῦμεν

124 1753 182 1799 81
213 1733 361 1806 αἷμα,
393 1730 574 1804 νομὴν
606 1738 830 1802 σαρκῶν
858 1734 948 1787 καὶ
977 1732 1289 1802 ξύμπαντος
1317 1740 1419 1788 τοῦ
1447 1734 1711 1804 σῶματος,
1746 1733 1886 1789 ὅθεν

206 1815 555 1888 ὑδρευόμενα
575 1816 775 1870 ἕκαστα
792 1821 995 1885 πληροῖ
1003 1812 1104 1884 τὴν
1123 1821 1227 1869 τοῦ
1254 1817 1597 1886 κενουμένου
1626 1814 1814 1886 βάσιν·
1854 1812 1883 1871 ὁ

210 1897 269 1953 δὲ
288 1896 493 1966 τρόπος
512 1902 607 1966 τῆς
633 1895 966 1967 πληρῶσεως
988 1894 1384 1966 ἀποχωρήσεως
1403 1918 1460 1951 τε
1488 1901 1749 1966 γίγνεται,
1782 1919 1886 1952 κα-

204 1978 389 2048 θάπερ
403 1980 464 2032 ἐν
474 1980 550 2047 τῷ
574 1977 736 2031 παντὶ
756 1973 959 2039 παντὸς
975 1974 1008 2047 ἡ
1027 1974 1172 2046 φορὰ
1192 1981 1437 2046 γέγονεν,
1462 1974 1535 2047 ἢν
1553 1975 1619 2032 τὸ
1632 1979 1886 2047 ξυγγενὲς

207 2065 320 2113 πᾶν
341 2061 565 2129 φέρεται
584 2055 721 2128 πρὸς
742 2058 919 2112 ἑαυτό.
959 2055 1024 2111 τὰ
1048 2060 1148 2127 μὲν
1168 2055 1272 2126 γὰρ
1294 2055 1359 2127 δὴ
1382 2062 1714 2125 περιεστῶτα
1734 2055 1885 2122 ἐκτὸς

204 2138 347 2210 ἡμᾶς
365 2139 511 2209 τήκει
532 2160 590 2193 τε
613 2136 695 2193 ἀεὶ
714 2140 804 2193 καὶ
827 2141 1065 2207 διανέμει
1084 2135 1220 2207 πρὸς
1246 2140 1477 2193 ἕκαστον
1497 2137 1638 2202 εἶδος
1659 2136 1719 2193 τὸ
1747 2136 1885 2208 ὁμό-

207 2227 389 2290 φυλον
409 2217 822 2288 ἀποπέμποντα,
843 2216 908 2271 τὰ
934 2221 992 2272 δὲ
1013 2222 1205 2287 ἔναιμα
1226 2211 1314 2286 αὖ,
1336 2225 1768 2288 κερματισθέντα
1792 2221 1884 2274 ἐν-

205 2298 297 2364 τὸς
315 2297 445 2369 παρ’
464 2297 596 2370 ἡμῖν
616 2301 706 2354 καὶ
725 2299 1148 2370 περιειλημμένα
1169 2297 1350 2370 ὥσπερ
1371 2297 1467 2354 ὑπ’
1484 2299 1733 2371 οὐρανοῦ
1753 2306 1885 2365 ξυν-

206 2388 437 2444 εστῶτος
465 2380 700 2435 ἑκάστου
728 2386 829 2434 τοῦ
848 2381 1007 2448 ζῶον,
1039 2378 1140 2450 τὴν
1167 2387 1269 2434 τοῦ
1295 2378 1497 2446 παντὸς
1525 2379 1884 2451 ἀναγκάζεται

204 2469 493 2536 μιμεῖσθαι
513 2460 721 2532 φοράν
759 2459 894 2531 πρὸς
922 2459 981 2515 τὸ
1006 2464 1258 2530 ξυγγενὲς
1280 2456 1384 2516 οὖν
1414 2462 1726 2534 φερόμενον
1756 2464 1884 2517 ἕκα-

208 2562 340 2600 στον
360 2550 470 2599 τῶν
492 2543 645 2607 ἐντὸς
666 2544 1044 2613 μερισθέντων
1063 2540 1122 2597 τό
1143 2541 1394 2598 κενωθὲν
1412 2543 1535 2597 τότε
1566 2543 1731 2598 πάλιν
1753 2541 1882 2597 ἀνε-

205 2625 511 2696 πλήρωσεν.
534 2621 669 2678 ὅταν
687 2627 788 2693 μὲν
808 2621 871 2693 δὴ
896 2626 1062 2678 πλέον
1082 2629 1183 2678 τοῦ
1208 2625 1552 2693 ἐπιρρέοντος
1571 2621 1719 2693 ἀπίῃ,
1744 2628 1881 2691 φθί-

206 2726 289 2760 νει
309 2712 437 2776 πᾶν,
459 2702 593 2760 ὅταν
615 2707 672 2759 δὲ
704 2709 944 2772 ἔλαττον,
966 2702 1269 2769 αὐξάνεται.
1309 2704 1407 2757 νέα
1437 2702 1537 2773 μὲν
1556 2696 1660 2756 οὖν
1681 2702 1881 2765 ξύστα-

205 2802 286 2849 σις
305 2794 405 2841 τοῦ
428 2784 631 2850 παντὸς
652 2785 811 2856 ζῶον,
833 2784 997 2841 καινὰ
1025 2783 1090 2840 τὰ
1123 2790 1364 2856 τρίγωνα
1386 2781 1505 2840 οἷον
1537 2787 1595 2838 έκ
1626 2785 1881 2853 δρυόχων
