1962 3236
95 12 102 13 ς
138 0 170 12 g,
285 0 345 14 ,ΨΑ
376 0 380 2 .

0 0 107 108 W
155 18 174 23 '⁷
287 14 302 29 ἱ

63 51 68 54 ,
404 42 413 50 .

23 124 45 160 ²„-

595 160 1168 228 HOAITEIAZn'.
1634 162 1736 214 251

12 366 15 369 Δ
50 310 319 378 γαρχικοῦ
350 302 749 374 δημοκρατικὸς
776 306 1037 371 γίγνεται.
1075 304 1333 370 φαίνεται
1363 299 1427 354 δέ
1454 320 1547 370 μοι
1577 297 1643 352 τά
1675 318 1738 367 γε

51 386 229 443 πολλὰ
250 379 357 441 ὦδε
380 392 686 454 γίγνεσθαι.
718 388 876 446 Πῶς;
902 380 1070 436 Οταν
1098 383 1221 444 νέος
1251 381 1633 450 τεθραμμένος
1666 375 1739 443 ῶς

52 474 163 523 νῦν
182 467 249 537 δὴ
268 469 547 536 ἐλέγομεν,
568 462 911 524 ἀπαιδεύτως
939 481 997 515 τε
1030 461 1118 515 καὶ
1149 464 1449 530 φειδωλῶς,
1477 459 1739 530 γεύσηται

53 549 324 621 κηφήνων
343 550 558 619 μέλιτος
570 548 659 600 καὶ
673 545 999 615 ξυγγένηται
1013 551 1217 598 αἴθωσι
1230 544 1401 614 θηρσὶ
1419 563 1508 597 και
1491 542 1740 609 δεινοῖς,

55 629 412 693 παντοδαπὰς
435 626 643 700 ἡδονὰς
678 627 768 681 καὶ
804 630 1054 688 ποικίλας
1084 625 1174 680 καὶ
1211 628 1484 688 παντοίως
1509 621 1741 693 ἐχούσας

57 714 389 782 δυναμένοις
408 707 713 775 σκευάζειν,
735 703 983 762 ἐνταῦθά
1003 725 1114 759 που
1130 713 1256 760 οἴου
1275 704 1414 760 εἶναι
1441 702 1616 775 ἀρχὴν
1635 701 1742 758 αὐ-

53 799 130 848 τῶ
149 797 454 891 μεταβολῆς
473 788 821 859 ὀλιγαρχικῆς
838 794 933 857 τῆς
954 787 1014 841 ἐν
1035 787 1210 859 ἑαυτῳ
1192 790 1300 850 ἐἰς
1317 784 1739 857 δημοκρατικήν.
1772 796 1806 837 Ε

57 871 245 945 Πολλὴ
267 871 502 943 ἀνάγκη,
523 877 644 941 ἔφη.
678 865 796 939 Αρ’
832 862 956 933 οὖν,
990 864 1174 935 ω’σπερ
1206 864 1238 938 ἡ
1265 868 1422 931 πόλις
1450 870 1743 938 μετέβαλλε

57 955 418 1026 βοηθησάσης
454 960 531 1008 τῶ
563 954 726 1025 ἑτέρω
764 953 915 1020 μέρει
953 953 1252 1020 ξυμμαχίας
1301 952 1510 1014 ἔξωθεν
1551 946 1744 1020 ὁμοίας

58 1034 249 1109 ὁμοίω,
271 1035 417 1091 οὕτω
439 1036 529 1090 καὶ
550 1031 578 1090 ὁ
600 1039 819 1097 νεανίας
844 1033 1172 1102 μεταβάλλει
1192 1036 1541 1101 βοηθοῦντος
1560 1024 1633 1085 αὖ
1665 1038 1746 1086 εἴ·

63 1121 198 1183 δους
213 1122 525 1187 ἐπιθυμιῶν
544 1120 754 1181 εξωθεν
773 1121 847 1169 τῶ
869 1115 1034 1187 ἑτέρω
1056 1119 1168 1168 τῶν
1188 1133 1298 1179 παρ
1308 1111 1528 1186 ’ἐκείνῳ
1550 1117 1749 1183 ξυγγε-

62 1207 197 1264 νοῦς
224 1221 282 1254 τε
310 1202 400 1253 καὶ
430 1196 653 1268 ὁμοίους
687 1194 1017 1251 Παντάπασι
1056 1217 1158 1265 μεν
1194 1188 1314 1250 οὖν.
1354 1195 1462 1249 Καὶ
1501 1193 1600 1249 ἐὰν
1626 1198 1747 1265 μέν,

59 1279 227 1351 οἶμαι,
242 1278 625 1351 ἀντιβοηθήσῃ
636 1301 715 1343 τις
733 1285 809 1352 τῷ
831 1279 891 1332 έν
910 1277 1088 1350 ἑαυτῷ
1106 1275 1436 1349 ὀλιγαρχικῷ
1457 1280 1747 1346 ξυμμαχία,

60 1363 97 1434 ἦ
116 1371 298 1419 ποθεν
317 1363 466 1430 παρὰ
494 1366 596 1416 τοῦ
614 1357 819 1426 πατρὸς
838 1354 874 1429 ἦ
894 1359 983 1413 καὶ
1002 1364 1115 1413 τῶν
1145 1355 1330 1412 ἄλλων
1361 1361 1581 1412 οἰκείων
1608 1378 1746 1411 νου-

64 1445 390 1499 θετούντων
408 1466 464 1498 τε
496 1446 585 1499 καὶ
616 1442 971 1510 κακιζόντων,
1004 1439 1193 1504 στάσις
1225 1438 1290 1511 δὴ
1321 1442 1407 1495 καὶ
1436 1438 1749 1503 ἀντίστασις

65 1528 154 1581 καὶ
174 1524 318 1595 μάχη
339 1526 400 1580 έν
418 1523 568 1598 αὐτῷ
590 1522 731 1592 πρὸς
755 1521 928 1578 αὑτὸν
946 1522 1070 1577 τότε
1090 1526 1348 1591 γίγνεται.
1393 1527 1461 1576 Τί
1475 1521 1616 1592 μήν;
1640 1522 1749 1576 Καὶ

64 1606 193 1662 ποτὲ
212 1610 332 1677 μέν,
354 1605 520 1676 οἶμαι,
546 1603 607 1661 τὸ
631 1602 1041 1676 δημοκρατικὸν
1061 1601 1381 1674 ὑπεχώρησε
1411 1609 1489 1677 τῷ
1521 1603 1751 1674 ὀλιγαρ-

63 1695 215 1762 χικῷ,
237 1693 336 1743 καί
350 1709 491 1752 τινες
512 1694 622 1742 τῶν
642 1689 957 1756 ἐπιθυμιῶν
979 1687 1039 1739 αἱ
1054 1684 1157 1754 μὲν
1175 1684 1583 1756 διεφθάρησαν,
1616 1687 1676 1740 αἰ
1694 1686 1753 1740 δὲ

66 1771 156 1825 καὶ
192 1772 467 1836 ἐξέπεσον,
499 1773 692 1832 αἰδοῦς
728 1766 878 1832 τινὸς
907 1769 1268 1837 ἐγγενομένης
1303 1769 1364 1820 ἐν
1392 1771 1458 1837 τῇ
1486 1772 1588 1820 τοῦ
1620 1769 1751 1821 νέου

67 1858 232 1923 ψυχῇ.
254 1853 341 1906 καὶ
364 1851 753 1921 κατεκοσμήθη
776 1849 958 1904 πάλιν.
996 1853 1251 1917 Γίγνεται
1270 1845 1377 1918 γὰρ
1408 1851 1596 1917 ἐνίοτε,
1628 1853 1748 1919 ἔφη.

67 1926 251 1996 Αὖθις
272 1935 347 2002 δέ,
370 1931 535 2003 οἶμαι,
559 1939 671 1987 τῶν
691 1935 1046 1987 ἐκπεσουσῶν
1073 1932 1385 2000 ἐπιθυμιῶν
1416 1927 1579 1985 ἄλλαι
1610 1926 1752 1984 ὑπο-

1780 1370 1864 1418 560

66 2015 399 2085 τρεφόμεναι
426 2020 704 2085 ξυγγενεῖς
734 2012 803 2068 δι’
836 2012 1352 2083 ἀνεπιστημοσύνην
1389 2020 1598 2084 τροφῆς
1636 2034 1744 2066 πα·
1774 2025 1811 2068 Β

65 2095 196 2167 τρὸς
234 2102 435 2152 πολλαί
467 2117 524 2151 τε
561 2098 651 2151 καὶ
689 2097 906 2166 ἰσχυραὶ
945 2098 1214 2165 ἐγένοντο.
1249 2100 1404 2150 Φιλεῑ
1431 2099 1590 2164 γοῦν,
1627 2098 1752 2165 ἔφη,

69 2174 215 2232 οὕτω
252 2184 557 2247 γίγνεσθαι.
611 2174 840 2233 Οὐκοῦν
878 2178 1141 2232 εἵλκυσάν
1177 2198 1234 2231 τε
1272 2173 1410 2246 πρὸς
1449 2173 1546 2240 τὰς
1583 2172 1754 2238 αὐτὰς

72 2258 301 2329 ὁμιλίας.
334 2261 426 2315 καὶ
455 2258 641 2331 λάθρᾳ
672 2259 1095 2330 ξυγγιγνόμεναι
1126 2265 1340 2329 πλῆθος
1366 2260 1629 2314 ένέτεκον.
1689 2262 1758 2312 Τί

68 2341 207 2412 μήν;
250 2346 594 2396 Τελευτῶσαι
615 2343 701 2412 δή,
725 2341 890 2411 οἶμαι,
912 2343 1218 2412 κατέλαβον
1236 2339 1338 2411 τὴν
1366 2346 1467 2395 τοῦ
1498 2342 1631 2395 νέου
1659 2345 1756 2410 τῆς

72 2428 249 2492 ψυχῆς
277 2420 602 2492 ἀκρόπολιν,
633 2423 963 2492 αἰσθόμεναι
995 2421 1165 2494 κενὴν
1197 2421 1545 2493 μαθημάτων
1568 2443 1625 2477 τε
1663 2422 1754 2477 καὶ

72 2503 520 2574 ἐπιτηδευμάτων
539 2510 726 2560 καλῶν
745 2506 834 2560 καὶ
865 2505 1047 2575 λόγων
1077 2501 1323 2574 ἀληθῶν,
1356 2509 1411 2558 οἳ
1439 2501 1504 2573 δὴ
1541 2502 1755 2570 ἄριστοι

71 2590 318 2654 φρουροί
332 2606 387 2640 τε
410 2588 497 2640 καὶ
519 2586 763 2655 φύλακες
783 2588 842 2641 έν
863 2583 1089 2653 ἀνδρῶν
1111 2590 1399 2654 θεοφιλῶν
1421 2585 1522 2639 εἰσὶ
1544 2587 1756 2639 διανοί-
1784 2589 1816 2632 C

72 2687 173 2729 αις.
213 2667 319 2720 Καὶ
351 2666 495 2721 πολύ
526 2664 601 2735 γ’,
633 2671 753 2737 ἔφη.
800 2670 1032 2729 Ψευδεῖς
1061 2664 1128 2736 δὴ
1159 2668 1250 2720 καὶ
1281 2664 1559 2735 ἀλαζόνες,
1590 2663 1755 2737 οἶμαι,

72 2747 227 2818 λόγοι
252 2769 307 2802 τε
335 2750 422 2803 καὶ
454 2748 606 2814 δόξαι
636 2746 758 2804 ἀντ’
799 2751 1025 2803 ἐκείνων
1055 2745 1471 2816 ἀναδραμόντες
1493 2749 1758 2819 κατέσχον

72 2828 172 2884 τόν
209 2825 384 2884 αὐτὸν
421 2830 598 2886 τόπον
633 2836 733 2885 τοῦ
776 2830 1047 2885 τοιούτου.
1090 2827 1327 2899 Σφόδρα
1366 2825 1442 2899 γ’,
1485 2833 1604 2901 ἔφη.
1637 2822 1752 2899 'Ao’
