1962 3236
882 0 1018 37 &N
1189 28 1196 31 -
1213 0 1290 22 lp«-

192 140 259 190 98
801 42 1271 202 ΠΛΑᾙᾸΝΟΣ

198 272 334 328 ὄντα
356 269 599 335 δοξάζειν
625 212 1092 343 ἄληθεύδζνδοκεῑ
1120 288 1208 324 σοι
1238 269 1411 338 εἷναι;
1452 271 1609 342 Αλλ’,
1639 267 1675 343 ἦ
1705 271 1755 327 δ’
1791 272 1869 343 ὅς,

199 353 386 427 ὀρθῶς
419 354 611 422 λέγεις,
643 352 851 427 καίμοί
878 356 1142 406 δοκοῦσιν
1169 352 1397 416 ἄκοντες
1428 351 1676 423 ἀληθοῦς
1709 355 1868 426 δόξης

198 440 598 506 στερίσκεσθαι.
671 429 891 502 Οὐκοῦν
910 435 1204 496 κλαπέντες
1223 429 1259 504 ἦ
1278 436 1674 503 γοητευθέντες
1691 431 1727 504 ἦ
1746 441 1864 506 βια-

203 520 430 580 σθέντες
466 508 995 584 τοῦτ6·”’πάσχουσιν;
1057 511 1203 570 Οὐδὲ
1246 521 1372 583 νῦν,
1411 518 1535 585 ἔφη,
1575 515 1867 585 μανθάνω.

138 608 171 648 Β
208 602 496 670 Tpaytxcfi„
519 589 591 664 ἦν
614 593 666 649 δ’
702 595 827 665 ἐγώ,
859 594 1169 650 κινδυνεύω
1200 598 1396 666 λέγειν.
1435 599 1740 661 κλαπέντας
1769 600 1871 668 μὲν·

202 675 459 755 γμᾷῠτούς
486 679 950 746 μεταπεισθέντας
980 679 1119 748 λέγω
1150 678 1242 732 καὶ
1269 676 1399 742 τούς
1429 680 1871 748 ἐπιλανθανομέ-

194 780 341 831 νους,
364 758 449 815 ὅτι
466 766 579 814 τῶν
591 782 693 831 μεν
704 757 918 830 χρόνος,
939 781 1051 814 των
1071 762 1129 814 δε
1148 760 1310 830 λόγος
1328 761 1714 831 ἐξαιρούμενος
1734 769 1871 816 λαν-

190 842 369 898 θάνει.
410 863 518 896 νυν
536 840 641 911 γάρ
663 861 772 895 που
789 842 1125 911 μανθάνεις;
1157 846 1285 896 Ναί.
1367 840 1510 906 Τοὺς
1528 848 1722 898 τοίνυν
1746 849 1872 913 βια-

194 925 430 988 σθέντας
453 925 594 993 λέγω
626 921 725 987 οὓς
755 918 826 977 ἄν
856 921 1030 992 ὀδύνη
1060 945 1139 986 τις
1169 919 1482 993 ἦάλγηδιὸν
1509 924 1872 994 μεταδοξάσαι

191 1004 408 1077 ποιήσῃ.
447 1006 557 1060 Καὶ
574 1001 746 1073 τοῦτ’,
767 1008 898 1105 ἔφη,
915 1008 1145 1073 ἔμαθον,
1167 1005 1258 1058 καὶ
1280 1002 1467 1102 ὀρθῶς
1485 1007 1672 1074 λέγεις.
1728 1004 1873 1103 Τοὺς

134 1106 163 1146 C
194 1087 305 1159 μὴν
322 1087 744 1157 γοητευθέντας,
770 1108 843 1150 ως
871 1078 1096 1159 ἐγωμαι,
1128 1080 1235 1140 κᾶν
1264 1083 1335 1140 σύ
1359 1091 1526 1157 φαίης
1557 1085 1697 1142 εἶναι
1725 1092 1780 1142 οἳ
1803 1082 1872 1140 «iv

190 1167 637 1241 μεταδοξάσωσιν
669 1190 702 1238 η
734 1165 836 1237 ὑφ’
869 1164 1075 1265 ἡδονῆς
1113 1171 1446 1238 κηληθέντες
1480 1167 1518 1238 ἢ
1546 1165 1654 1222 ὑπὸ
1690 1169 1874 1239 φόβου

190 1273 240 1305 τι
270 1255 561 1315 δείσαντες.
606 1249 783 1305 Ἔοικε
813 1248 937 1320 γάρ,
975 1271 1008 1318 η
1040 1247 1090 1302 δ’
1125 1246 1203 1319 ὅς,
1243 1249 1531 1320 γοητεύειν
1561 1248 1739 1304 πάντα
1771 1247 1872 1304 ὅσα

192 1330 392 1404 ἀπατᾷ.

329 1417 435 1467 ΧΧ.
460 1409 525 1468 Ὃ
555 1417 749 1467 τοίνυν
780 1410 905 1479 ἄρτι
932 1414 1138 1480 ἔλεγον,
1171 1413 1442 1481 ζητητέον,
1481 1417 1624 1475 τίνες
1661 1410 1876 1480 ἄριστοι

192 1495 441 1564 φύλακες
469 1500 573 1549 τοῦ
601 1491 730 1560 παρ’
769 1490 956 1556 αὑτοῖς
984 1491 1273 1561 δόγματος,
1305 1498 1468 1546 τοῦτο
1502 1489 1573 1555 ὡς
1600 1495 1872 1563 ποιητέον,

191 1574 223 1629 ὃ
242 1571 315 1630 ἄν
330 1582 397 1647 τῇ
416 1575 573 1630 πόλει
604 1572 687 1628 ἀεὶ
719 1577 925 1628 δοκῶσι
954 1575 1240 1644 βέλτιστον
1268 1570 1409 1627 εἶναι
1448 1570 1652 1637 αὐτοὺς
1682 1585 1874 1627 ποιεῖν.

189 1659 456 1728 τηρητέον
475 1654 541 1727 δὴ
577 1654 752 1719 εὐθὺς
781 1657 840 1710 ἐκ
871 1657 1103 1722 παίδων,
1135 1656 1499 1724 προθεμένοις
1528 1657 1677 1724 ἔργα,
1706 1655 1768 1708 ἐν
1797 1649 1877 1718 οἷς

191 1736 262 1793 άν
280 1759 359 1802 τις
382 1735 442 1793 vd
467 1757 724 1792 τοιουτου
742 1734 975 1805 μάλιστα
996 1733 1419 1789 ἐπιλανθάνοιτο
1442 1757 1532 1790 και
1516 1736 1874 1804 ἐξαπατωτο,

127 1831 162 1872 D
191 1821 282 1876 καὶ
302 1816 522 1888 τὸνμὲν
549 1817 813 1919 μνήμονα
837 1817 930 1871 καὶ
965 1816 1411 1886 δυσεξαπάτητον
1441 1818 1738 1887 ἐγκριτέον,
1775 1814 1876 1870 τόν

192 1903 250 1957 δὲ
277 1902 350 1973 μὴ
383 1899 728 1972 ἀποκριτέον.
777 1893 813 1969 ἦ
842 1899 978 1997 γάρς
1015 1903 1143 1952 Ναί.
1218 1899 1328 1953 Καὶ
1355 1897 1566 1961 πόνους
1589 1918 1676 1995 γε
1682 1899 1755 1951 αὐ
1785 1900 1876 1953 καὶ

191 1982 503 2054 ἀλγηδόνας
522 1983 613 2036 καὶ
633 1979 854 2051 ἀγῶνας
875 1978 1062 2044 αὐτοῖς
1083 1982 1297 2047 θετέον,
1327 1981 1389 2034 ἐν
1411 1975 1492 2042 οἷς
1507 1976 1682 2032 ταύτα
1701 1983 1873 2032 ταῦτα

192 2067 473 2135 τηρητέον.
542 2060 771 2134 Ὀρθῶς,
792 2066 914 2131 ἔφη.
956 2059 1199 2127 Οὐκοῦν,
1221 2054 1294 2129 ἦν
1329 2058 1381 2114 δ’
1413 2059 1539 2129 ἐγώ,
1569 2061 1660 2113 καὶ
1687 2065 1874 2131 τρίτου

193 2149 376 2209 εἴδους
411 2143 627 2208 τούτοις
653 2148 903 2213 γοητείας
933 2141 1167 2212 ἅμιλλαν
1194 2143 1467 2211 ποιητέον,
1502 2142 1595 2194 καὶ
1621 2142 1873 2210 θεατέον,

196 2227 379 2296 ὥσπερ
408 2223 539 2289 τοὺς
574 2225 794 2286 πώλους
832 2223 919 2277 ἐπὶ
953 2220 1084 2285 τούς
1118 2222 1340 2291 ψόφους
1372 2242 1429 2274 τε
1465 2221 1556 2275 καὶ
1589 2220 1877 2290 θορύβους

198 2307 428 2378 ἄγοντες
448 2312 755 2362 σκοποῦσιν
780 2308 830 2359 εἰ
846 2308 1094 2374 φοβεροί,
1116 2301 1263 2357 οὕτω
1283 2303 1445 2365 νέους
1463 2299 1628 2364 ὄντας
1657 2306 1734 2365 εἰς
1762 2305 1875 2356 δεί-

131 2405 165 2446 Ε
196 2385 323 2460 ματ’
346 2386 480 2442 ἄττα
500 2388 789 2457 κομιστέον
808 2386 899 2440 καὶ
919 2389 994 2448 εἰς
1011 2382 1217 2454 ἡδονὰς
1245 2378 1320 2437 αὖ
1350 2385 1735 2453 μεταβλητέον,
1769 2388 1874 2453 βα-

195 2473 513 2535 σανίζοντας
531 2466 676 2523 πολὺ
696 2474 909 2570 μᾶλλον
927 2462 963 2536 ἢ
980 2465 1190 2536 χρυσὸν
1208 2468 1268 2520 ἐν
1285 2470 1437 2535 πυρί,
1459 2468 1510 2519 εἰ
1535 2463 1873 2534 δυσγοήτευ-

194 2574 287 2616 τος
307 2553 398 2607 καὶ
419 2549 711 2621 εὐσχήμων
728 2553 787 2604 ἐν
806 2555 939 2603 πᾶσι
958 2553 1227 2617 φαίνεται,
1245 2547 1425 2616 φύλαξ
1438 2544 1614 2599 αὑτοῦ
1635 2541 1716 2598 ὢν
1735 2544 1874 2614 ἀγα-

194 2631 301 2697 θὸς
319 2635 410 2688 καὶ
429 2639 695 2703 μουσικῆς
724 2654 789 2703 ης
818 2632 1152 2701 ἐμάνθανεν,
1177 2628 1469 2698 εὔρυθμόν
1496 2648 1554 2681 τε
1583 2628 1671 2680 καὶ
1703 2623 1874 2691 εὐάρ-
1899 2662 1902 2664 v

196 2730 403 2783 μοστον
430 2714 629 2769 ἑαυτὸν
657 2717 717 2768 ἐν
748 2718 882 2767 πᾶσι
910 2711 1126 2775 τούτοις
1154 2714 1422 2779 παρέχων,
1463 2703 1576 2771 οἷος
1603 2705 1668 2775 δη
1693 2728 1766 2760 αν
1794 2729 1874 2760 ων

197 2797 286 2850 και
307 2795 481 2863 ἑαυτῷ
501 2797 591 2850 καὶ
608 2797 762 2851 πόλει
781 2794 1187 2866 χρησιμώτατος
1219 2801 1315 2862 εἴη.
1373 2791 1465 2846 καὶ
1492 2787 1590 2844 τὸν
1620 2786 1702 2843 ἀεὶ
1732 2792 1791 2842 ἔν
1814 2810 1871 2842 τε
