1962 3236
178 18 208 49 ς.
293 0 922 51 ιῖἂπῑτνὲῳντνιᾞῑευπιπ
941 0 990 36 -π
1017 0 1032 9 ’·
1338 9 1352 19 .

243 38 251 43 *
375 40 407 51 ἰ
427 43 437 50 ι
520 39 523 41 ’
564 39 591 55 1·
737 40 742 42 -
823 40 825 42 -
895 42 901 45 .

612 128 1097 177 ΠΟΛΙΤΕΙΑΣ
1120 119 1181 190 η’.
1639 122 1743 176 237

53 269 216 333 ροῦν,
246 262 343 318 ἅτε
378 259 448 318 οὐ
482 264 787 332 πενομένω,
821 257 961 316 ἀλλὰ
992 258 1159 327 φύσει
1193 258 1321 316 ὄντε
1352 264 1619 328 πλουσίω,
1646 258 1745 323 τὰς

56 343 239 414 ψυχὰς
260 346 347 400 ἐπὶ
374 342 478 415 τὴν
507 342 712 413 ἀρετὴν
739 343 830 397 καὶ
857 339 961 412 τὴν
991 339 1224 438 ἀρχαίαν
1250 339 1586 397 κατάστασιν
1612 337 1744 410 ἠγέ-

54 446 187 495 την·
226 429 565 496 βιαζομένων
584 424 757 480 δὲκαὶ
785 421 1209 478 ἀντιτεινόντων
1238 419 1513 493 ἀλλήλοις,
1543 425 1618 485 εἰς
1647 422 1748 490 μέ-

58 523 164 560 σον
202 504 568 583 ωμολόγησαν
607 509 716 574 γῆν
754 505 856 573 μὲν
892 506 984 558 καὶ
1021 508 1196 568 οἰκίας
1240 504 1746 574 κατανειμαμένους

24 586 408 662 μίδιώσασθαι,
438 585 569 650 τοὺς
593 585 653 641 δὲ
681 585 813 654 πρὶν
837 587 1290 653 φυλαττομένους
1322 582 1424 638 ὑπ’
1455 581 1642 639 αὐτων
1672 604 1746 646 ως
1780 593 1811 634 C·

24 701 39 733 ¹.
57 669 391 738 ἐλευθέρους
407 673 606 738 φίλους
623 687 680 720 τε
696 666 787 720 καὶ
807 666 1046 736 τροφέας
1070 665 1484 736 δουλωσάμενοι
1502 665 1626 721 τότε
1646 684 1746 719 πε-

22 775 25 809 ,2
59 755 303 816 ριοίκους
320 770 378 803 τε
398 749 489 804 καὶ
507 749 719 811 οἰκέτας
736 751 952 817 ἔχοντες
972 745 1127 801 αὐτοὶ
1156 750 1401 817 πολέμου
1429 768 1486 802 τε
1514 748 1607 803 καὶ
1632 767 1746 817 φυ-

19 856 22 862 1
58 836 229 900 λακῆς
250 827 438 884 αὐτῶν
458 832 848 899 ἐπιμελεῖσθαι.
886 835 1062 882 Δοκεῖ
1074 849 1187 898 μοι,
1209 831 1334 898 ἔφη,
1356 826 1495 899 αὕτη
1515 825 1549 899 ἡ
1579 827 1746 898 μετά-

57 916 215 981 βασις
243 913 508 966 έντεῦθεν
537 917 845 979 γίγνεσθαι.
887 906 1136 978 Οὐκοῦν,
1173 902 1246 979 ἦν
1275 906 1326 963 δ’
1353 908 1479 978 ε’γω’,
1509 912 1569 963 έν
1598 913 1746 981 μέσῳ

58 1012 140 1054 τις
159 988 230 1045 ἀν
250 999 331 1062 εἴη
352 990 772 1062 ἀριστοκρατίας
800 1012 857 1045 τε
887 992 979 1045 καὶ
1009 987 1321 1060 ὀλιγαρχίας
1350 987 1491 1059 αὕτη
1519 986 1555 1060 ἡ
1585 995 1746 1044 πολι-

55 1077 200 1135 τεία;
237 1073 402 1127 Πάνυ
420 1074 521 1143 μὲν
538 1066 658 1128 οὖν.

201 1157 280 1208 IV.
320 1154 708 1224 Μεταβήσεται
725 1154 826 1224 μὲν
847 1153 911 1223 δὴ
936 1154 1082 1208 οὕτω
1097 1174 1107 1184 ·
1146 1156 1428 1223 μεταβᾶσα
1450 1152 1509 1206 δὲ
1527 1157 1644 1216 πῶς
1661 1155 1747 1206 οἰ-

58 1233 240 1303 κήσεις
265 1229 304 1304 ἦ
323 1234 572 1304 φανερὸν
596 1233 682 1289 ὅτι
700 1234 766 1289 τὰ
786 1236 888 1304 μὲν
907 1234 1198 1304 μιμήσεται
1218 1231 1321 1303 τὴν
1340 1237 1618 1302 προτέραν
1636 1251 1743 1287 πο-
1774 1241 1809 1282 D

60 1320 284 1385 λιτείαν,
302 1314 369 1370 τὰ
389 1315 569 1387 δὲτὴν
588 1314 928 1386 ὀλιγαρχίαν,
958 1313 1044 1370 ἅτ’
1070 1317 1129 1370 έν
1159 1317 1307 1387 μέσῳ
1325 1307 1485 1383 οὖσα,
1512 1312 1573 1367 τὸ
1609 1315 1672 1367 δέ
1696 1334 1749 1368 τι

59 1400 149 1453 καὶ
170 1397 339 1469 αὑτῆς
357 1400 462 1465 ἕξει
482 1402 651 1463 &com
693 1397 903 1470 Οὕτως,
933 1404 1054 1470 ἔφη.
1096 1395 1328 1454 Οὐκοῦν
1346 1403 1425 1468 τῷ
1448 1398 1551 1467 μὲν
1581 1402 1749 1469 τιμᾷν

24 1542 26 1546 ,
56 1481 191 1547 τούς
211 1482 482 1555 ἄρχοντας
499 1485 591 1538 καὶ
618 1490 905 1553 γεωργιῶν
931 1482 1233 1553 ἀπέχεσθαι
1260 1479 1322 1535 τὸ
1353 1483 1748 1550 προπολεμοῦν

8 1569 9 1610 ἶ
58 1561 230 1632 αὐτῆς
247 1564 340 1617 καὶ
349 1571 731 1633 χειροτεχνιῶν
742 1566 832 1618 καὶ
844 1569 946 1618 τοῦ
960 1562 1131 1617 ἄλλου
1145 1568 1541 1632 χρηματισμοῦ,
1559 1563 1747 1626 ξυσσί-

37 1690 42 1695 .
61 1666 148 1699 τια
169 1646 227 1699 δὲ
246 1644 690 1699 κατεσκευάσθαι
709 1647 799 1700 καὶ
818 1651 1193 1716 γυμναστικῆς
1210 1665 1269 1698 τε
1289 1646 1382 1698 καὶ
1407 1650 1504 1714 τῆς
1522 1649 1624 1698 τοῦ
1642 1661 1748 1697 πο·-

60 1727 232 1795 λέμου
250 1723 490 1795 ἀγωνίας
509 1727 900 1796 ἐπιμελεῖσθαι,
921 1733 1055 1781 πᾶσι
1073 1737 1186 1789 τοῖς
1196 1725 1470 1790 τοιούτοις
1486 1722 1590 1796 τὴν
1607 1744 1748 1795 προ,

0 1855 4 1870 ,
60 1808 228 1875 τέραν
242 1807 558 1876 μιμήσεται;
587 1813 715 1861 Ναί.
760 1813 851 1879 Τῷ
878 1809 941 1861 δέ
956 1828 1018 1876 γε
1049 1811 1349 1876 φοβεῖσθαι
1374 1804 1506 1869 τούς
1536 1802 1749 1875 σοφοὺς
1783 1820 1816 1860 Ε

64 1889 148 1942 ἐπὶ
168 1887 264 1951 τὰς
283 1886 454 1957 ἀρχὰς
473 1888 646 1958 ἄγειν,
667 1887 760 1943 ἅτε
782 1886 968 1943 οὐκέτι
987 1889 1327 1959 κεκτημένην
1346 1884 1557 1951 ἁπλοῦς
1579 1907 1638 1942 τε
1657 1887 1748 1941 καὶ

0 1997 1 2002 ’
59 1966 268 2032 ἀτενεῖς
296 1967 429 2033 τούς
447 1970 733 2034 τοιούτους
761 1969 969 2041 ἄνδρας
991 1967 1131 2025 ἀλλὰ
1161 1968 1404 2041 μικτούς,
1436 1972 1522 2026 ἐπὶ
1548 1969 1608 2025 δὲ
1634 1975 1748 2024 θυ-

58 2054 294 2122 μοειδεῖς
308 2071 366 2105 τε
385 2052 476 2105 καὶ
500 2048 915 2120 ἁπλουστέρους
946 2050 1287 2122 ἀποκλίνειν,
1318 2049 1450 2117 τοὺς
1480 2049 1619 2120 πρὸς
1641 2050 1749 2106 πό·-

59 2138 230 2202 λεμον
257 2138 472 2202 μᾶλλον
497 2131 815 2202 πεφυκότας
838 2128 875 2202 ἦ
904 2131 1045 2201 πρὸς
1068 2133 1313 2203 εἰρήνην,
1344 2134 1435 2188 καὶ
1464 2133 1596 2197 τούς
1623 2134 1746 2204 περὶ
1778 2150 1864 2195 548

57 2218 230 2268 ταῦτα
268 2212 469 2277 δόλους
504 2235 561 2269 τε
600 2215 690 2270 καὶ
723 2213 970 2285 μηχανὰς
1002 2216 1230 2285 ἐντίμως
1266 2218 1426 2284 ἔχειν,
1457 2215 1550 2270 καὶ
1579 2221 1748 2270 πολε-

60 2300 243 2363 μοῦσα
264 2292 364 2347 τόν
384 2291 468 2349 ἀεὶ
490 2295 694 2364 χρόνον
715 2295 945 2365 διάγειν,
966 2294 1105 2366 αὐτὴ
1138 2296 1334 2366 ἑαυτῆς
1364 2288 1439 2350 αὖ
1465 2294 1532 2350 τά
1567 2293 1744 2351 πολλὰ

58 2381 174 2428 τῶν
203 2375 474 2429 τοιούτων
508 2379 618 2429 ἴδια
649 2376 784 2441 ἕξ,ει;
822 2382 953 2431 Ναί.
997 2375 1358 2448 Ἐπιθυμηταὶ
1388 2379 1454 2432 δέ
1474 2398 1556 2448 γε,
1587 2370 1661 2447 ἦν
1690 2374 1741 2431 δ’

59 2454 188 2523 ἐγώ,
210 2455 503 2524 χρημάτων
525 2458 581 2510 ol
595 2464 836 2511 τοιοῦτοι
855 2461 1090 2527 ἔσονται,
1112 2456 1298 2527 ὥσπερ
1319 2461 1375 2513 οἱ
1400 2460 1463 2513 ἐν
1481 2469 1597 2521 ταῖς
1628 2455 1746 2512 ὀλι-

59 2541 321 2606 γαρχίαις,
343 2539 433 2590 καὶ
456 2544 716 2604 τιμῶντες
734 2537 937 2608 ἀγρίως
955 2537 1065 2593 ὑπὸ
1101 2541 1306 2596 σκότου
1336 2537 1548 2609 χρυσόν
1566 2559 1626 2594 τε
1653 2540 1746 2593 καὶ

59 2614 327 2687 ἄργυρον,
349 2616 441 2671 ἅτε
464 2621 787 2688 κεκτημένοι
806 2630 1016 2688 ταμιεῖα
1036 2621 1127 2675 καὶ
1146 2625 1383 2683 οἰκείους
1401 2618 1746 2690 θησαυρούς,

7 2699 20 2774 J
60 2692 120 2752 οἷ
138 2702 365 2768 θέμενοι
395 2695 466 2754 ἀν
497 2698 638 2755 αὐτὰ
669 2701 959 2770 κρύψειαν,
997 2704 1090 2756 καὶ
1122 2696 1195 2756 αὖ
1230 2700 1561 2773 περιβόλους
1590 2701 1746 2772 οἰκή-

35 2792 38 2793 ’
58 2792 222 2849 σεων,
242 2787 480 2850 ἀτεχνῶς
500 2781 745 2847 νεοττιὰς
764 2787 919 2853 ἰδίας,
942 2785 1003 2837 ἐν
1014 2778 1099 2848 αἷς
1117 2782 1508 2849 ἀναλίσκοντες
1527 2785 1750 2855 γυναιξί
1779 2799 1807 2839 B
