<?xml version="1.0" encoding="UTF-8"?>
<!DOCTYPE html PUBLIC "-//W3C//DTD XHTML 1.0 Transitional//EN"
    "http://www.w3.org/TR/xhtml1/DTD/xhtml1-transitional.dtd">
<html xmlns="http://www.w3.org/1999/xhtml" xml:lang="en" lang="en">
 <head>
  <title>
</title>
<meta http-equiv="Content-Type" content="text/html;charset=utf-8" />
  <meta name='ocr-system' content='tesseract 3.04.00' />
  <meta name='ocr-capabilities' content='ocr_page ocr_carea ocr_par ocr_line ocrx_word'/>
</head>
<body>
  <div class='ocr_page' id='page_1' title='image "./dialogisecumdumt04platuoft_0142.png"; bbox 0 0 1962 3236; ppageno 0'>
   <div class='ocr_carea' id='block_1_1' title="bbox 209 166 1311 218">
    <p class='ocr_par' dir='ltr' id='par_1_1' title="bbox 209 166 1311 218">
     <span class='ocr_line' id='line_1_1' title="bbox 209 166 1311 218; baseline 0 0"><span class='ocrx_word' id='word_1_1' title='bbox 209 166 311 218; x_wconf 87' lang='grc'><strong><em>106</em></strong></span> <span class='ocrx_word' id='word_1_2' title='bbox 838 171 1311 218; x_wconf 81' lang='grc' dir='ltr'><em>ΠΛΑΤΩΝΟΣ</em></span> 
     </span>
    </p>
   </div>
   <div class='ocr_carea' id='block_1_2' title="bbox 206 301 1957 403">
    <p class='ocr_par' dir='ltr' id='par_1_2' title="bbox 206 301 1957 403">
     <span class='ocr_line' id='line_1_2' title="bbox 206 301 1957 403; baseline 0.004 -47"><span class='ocrx_word' id='word_1_3' title='bbox 206 301 451 403; x_wconf 76' lang='grc' dir='ltr'><em>μεγάλην</em></span> <span class='ocrx_word' id='word_1_4' title='bbox 480 324 538 357; x_wconf 89' lang='grc' dir='ltr'><strong><em>τε</em></strong></span> <span class='ocrx_word' id='word_1_5' title='bbox 566 304 659 357; x_wconf 81' lang='grc' dir='ltr'><strong><em>καὶ·</em></strong></span> <span class='ocrx_word' id='word_1_6' title='bbox 689 307 960 357; x_wconf 84' lang='grc' dir='ltr'><strong><em>πλουσίαν</em></strong></span> <span class='ocrx_word' id='word_1_7' title='bbox 991 301 1318 374; x_wconf 79' lang='grc' dir='ltr'><em>ἀναγκασθῇ</em></span> <span class='ocrx_word' id='word_1_8' title='bbox 1348 311 1617 374; x_wconf 82' lang='grc' dir='ltr'><strong><em>πολεμεῖν.</em></strong></span> <span class='ocrx_word' id='word_1_9' title='bbox 1668 313 1881 377; x_wconf 83' lang='grc' dir='ltr'><strong><em>Δῆλον,</em></strong></span> <span class='ocrx_word' id='word_1_10' title='bbox 1952 365 1957 368; x_wconf 75' lang='lat'>.</span> 
     </span>
    </p>
   </div>
   <div class='ocr_carea' id='block_1_3' title="bbox 150 375 1881 1109">
    <p class='ocr_par' dir='ltr' id='par_1_3' title="bbox 150 375 1881 1109">
     <span class='ocr_line' id='line_1_3' title="bbox 206 375 1881 456; baseline 0.004 -20"><span class='ocrx_word' id='word_1_11' title='bbox 206 375 278 452; x_wconf 83' lang='grc' dir='ltr'><strong><em>ἦν</em></strong></span> <span class='ocrx_word' id='word_1_12' title='bbox 299 380 351 436; x_wconf 92' lang='lat'><strong><em>6’</em></strong></span> <span class='ocrx_word' id='word_1_13' title='bbox 377 383 502 454; x_wconf 75' lang='grc' dir='ltr'><strong><em>ἐγώ,</em></strong></span> <span class='ocrx_word' id='word_1_14' title='bbox 525 381 608 438; x_wconf 82' lang='grc' dir='ltr'><strong><em>ὅτι</em></strong></span> <span class='ocrx_word' id='word_1_15' title='bbox 641 381 781 454; x_wconf 82' lang='grc' dir='ltr'><strong><em>πρὸς</em></strong></span> <span class='ocrx_word' id='word_1_16' title='bbox 808 384 908 453; x_wconf 80' lang='grc' dir='ltr'><strong><em>μὲν</em></strong></span> <span class='ocrx_word' id='word_1_17' title='bbox 936 389 1068 452; x_wconf 89' lang='grc' dir='ltr'><strong><em>μίαν</em></strong></span> <span class='ocrx_word' id='word_1_18' title='bbox 1092 383 1492 454; x_wconf 71' lang='grc' dir='ltr'><strong><em>χαλεπώτερον,</em></strong></span> <span class='ocrx_word' id='word_1_19' title='bbox 1523 385 1661 456; x_wconf 87' lang='grc' dir='ltr'><strong><em>πρὸς</em></strong></span> <span class='ocrx_word' id='word_1_20' title='bbox 1690 387 1748 443; x_wconf 76' lang='grc' dir='ltr'><strong><em>δὲ</em></strong></span> <span class='ocrx_word' id='word_1_21' title='bbox 1777 386 1881 442; x_wconf 79' lang='grc' dir='ltr'><strong><em>δύο</em></strong></span> 
     </span>
     <span class='ocr_line' id='line_1_4' title="bbox 150 463 1878 542; baseline 0.006 -27"><span class='ocrx_word' id='word_1_22' title='bbox 150 474 184 515; x_wconf 88' lang='grc' dir='ltr'><strong>Β</strong></span> <span class='ocrx_word' id='word_1_23' title='bbox 206 464 463 530; x_wconf 83' lang='grc' dir='ltr'><strong><em>τοιαύτας</em></strong></span> <span class='ocrx_word' id='word_1_24' title='bbox 499 468 651 537; x_wconf 78' lang='grc' dir='ltr'><strong><em>ρ”οἶον</em></strong></span> <span class='ocrx_word' id='word_1_25' title='bbox 690 470 822 529; x_wconf 91' lang='grc' dir='ltr'><strong><em>Πως</em></strong></span> <span class='ocrx_word' id='word_1_26' title='bbox 858 464 1028 529; x_wconf 86' lang='grc' dir='ltr'><strong><em>εἷπες;</em></strong></span> <span class='ocrx_word' id='word_1_27' title='bbox 1063 467 1096 536; x_wconf 78' lang='grc' dir='ltr'><strong><em>ἡ</em></strong></span> <span class='ocrx_word' id='word_1_28' title='bbox 1136 463 1187 520; x_wconf 92' lang='lat'><strong><em>6&#39;</em></strong></span> <span class='ocrx_word' id='word_1_29' title='bbox 1228 465 1303 531; x_wconf 91' lang='grc' dir='ltr'><strong><em>ός.</em></strong></span> <span class='ocrx_word' id='word_1_30' title='bbox 1353 473 1590 537; x_wconf 75' lang='grc' dir='ltr'><strong><em>Πρῶτον</em></strong></span> <span class='ocrx_word' id='word_1_31' title='bbox 1618 472 1720 539; x_wconf 89' lang='grc' dir='ltr'><strong><em>μέν</em></strong></span> <span class='ocrx_word' id='word_1_32' title='bbox 1750 491 1878 542; x_wconf 92' lang='grc' dir='ltr'><strong><em>που,</em></strong></span> 
     </span>
     <span class='ocr_line' id='line_1_5' title="bbox 206 540 1878 622; baseline 0.003 -20"><span class='ocrx_word' id='word_1_33' title='bbox 206 545 430 616; x_wconf 82' lang='grc' dir='ltr'><strong><em>εἷπον,’</em></strong></span> <span class='ocrx_word' id='word_1_34' title='bbox 404 569 502 602; x_wconf 91' lang='grc' dir='ltr'><strong><em>εαν</em></strong></span> <span class='ocrx_word' id='word_1_35' title='bbox 523 547 619 618; x_wconf 81' lang='grc' dir='ltr'><strong><em>δέῃ</em></strong></span> <span class='ocrx_word' id='word_1_36' title='bbox 637 546 929 617; x_wconf 81' lang='grc' dir='ltr'><strong><em>μάχεσθαι,</em></strong></span> <span class='ocrx_word' id='word_1_37' title='bbox 961 540 1068 615; x_wconf 78' lang='grc' dir='ltr'><strong><em>ἆρα</em></strong></span> <span class='ocrx_word' id='word_1_38' title='bbox 1099 545 1167 602; x_wconf 85' lang='grc' dir='ltr'><strong><em>οὐ</em></strong></span> <span class='ocrx_word' id='word_1_39' title='bbox 1197 553 1480 613; x_wconf 80' lang='grc' dir='ltr'><strong><em>πλουσίοις</em></strong></span> <span class='ocrx_word' id='word_1_40' title='bbox 1511 547 1744 621; x_wconf 78' lang='grc' dir='ltr'><em>ἀνδράσι</em></span> <span class='ocrx_word' id='word_1_41' title='bbox 1773 574 1878 622; x_wconf 72' lang='grc' dir='ltr'><strong><em>μα-</em></strong></span> 
     </span>
     <span class='ocr_line' id='line_1_6' title="bbox 204 625 1877 703; baseline 0.004 -22"><span class='ocrx_word' id='word_1_42' title='bbox 204 634 434 697; x_wconf 85' lang='grc' dir='ltr'><strong><em>χοῦνται</em></strong></span> <span class='ocrx_word' id='word_1_43' title='bbox 471 625 628 682; x_wconf 80' lang='grc' dir='ltr'><strong><em>αὐτοὶ</em></strong></span> <span class='ocrx_word' id='word_1_44' title='bbox 666 626 822 692; x_wconf 85' lang='grc' dir='ltr'><strong><em>ὅντες</em></strong></span> <span class='ocrx_word' id='word_1_45' title='bbox 857 631 1101 698; x_wconf 88' lang='grc' dir='ltr'><strong><em>πολέμου</em></strong></span> <span class='ocrx_word' id='word_1_46' title='bbox 1138 626 1399 699; x_wconf 72' lang='grc' dir='ltr'><strong><em>ἄθληταίς</em></strong></span> <span class='ocrx_word' id='word_1_47' title='bbox 1444 633 1556 685; x_wconf 86' lang='grc' dir='ltr'><strong><em>Ναὶ</em></strong></span> <span class='ocrx_word' id='word_1_48' title='bbox 1591 631 1755 687; x_wconf 84' lang='grc' dir='ltr'><strong><em>τοῦτό</em></strong></span> <span class='ocrx_word' id='word_1_49' title='bbox 1798 654 1877 703; x_wconf 73' lang='grc' dir='ltr'><strong><em>γε,</em></strong></span> 
     </span>
     <span class='ocr_line' id='line_1_7' title="bbox 206 700 1881 783; baseline 0.005 -23"><span class='ocrx_word' id='word_1_50' title='bbox 206 710 326 776; x_wconf 82' lang='grc' dir='ltr'><strong><em>ἔφη.</em></strong></span> <span class='ocrx_word' id='word_1_51' title='bbox 371 712 440 762; x_wconf 88' lang='grc' dir='ltr'><strong><em>Τί</em></strong></span> <span class='ocrx_word' id='word_1_52' title='bbox 452 701 573 777; x_wconf 79' lang='grc' dir='ltr'><strong><em>οὖν,</em></strong></span> <span class='ocrx_word' id='word_1_53' title='bbox 592 700 665 778; x_wconf 79' lang='grc' dir='ltr'><strong><em>ἦν</em></strong></span> <span class='ocrx_word' id='word_1_54' title='bbox 685 704 738 762; x_wconf 88' lang='lat'><strong><em>6&#39;</em></strong></span> <span class='ocrx_word' id='word_1_55' title='bbox 760 708 886 778; x_wconf 74' lang='grc' dir='ltr'><strong><em>ἐγώ,</em></strong></span> <span class='ocrx_word' id='word_1_56' title='bbox 910 731 950 763; x_wconf 88' lang='grc' dir='ltr'><strong><em>ω</em></strong></span> <span class='ocrx_word' id='word_1_57' title='bbox 977 706 1313 780; x_wconf 81' lang='grc' dir='ltr'><strong><em>Ἀδείμαντε;</em></strong></span> <span class='ocrx_word' id='word_1_58' title='bbox 1348 706 1424 775; x_wconf 86' lang='grc' dir='ltr'><strong><em>εἷς</em></strong></span> <span class='ocrx_word' id='word_1_59' title='bbox 1441 711 1649 783; x_wconf 81' lang='grc' dir='ltr'><strong><em>πύκτης</em></strong></span> <span class='ocrx_word' id='word_1_60' title='bbox 1669 735 1740 778; x_wconf 91' lang='grc' dir='ltr'><strong><em>ως</em></strong></span> <span class='ocrx_word' id='word_1_61' title='bbox 1759 709 1881 768; x_wconf 88' lang='grc' dir='ltr'><strong><em>οἶόν</em></strong></span> 
     </span>
     <span class='ocr_line' id='line_1_8' title="bbox 206 787 1878 865; baseline 0.005 -24"><span class='ocrx_word' id='word_1_62' title='bbox 206 808 264 841; x_wconf 92' lang='grc' dir='ltr'><strong><em>τε</em></strong></span> <span class='ocrx_word' id='word_1_63' title='bbox 293 787 557 844; x_wconf 88' lang='grc' dir='ltr'><strong><em>καλλιστα</em></strong></span> <span class='ocrx_word' id='word_1_64' title='bbox 589 790 672 844; x_wconf 82' lang='grc' dir='ltr'><strong><em>ἐπὶ</em></strong></span> <span class='ocrx_word' id='word_1_65' title='bbox 701 796 864 844; x_wconf 79' lang='grc' dir='ltr'><strong><em>τοῦτο</em></strong></span> <span class='ocrx_word' id='word_1_66' title='bbox 906 796 1420 862; x_wconf 85' lang='grc' dir='ltr'><strong><em>παρεσκευασμένος</em></strong></span> <span class='ocrx_word' id='word_1_67' title='bbox 1460 797 1617 850; x_wconf 81' lang='grc' dir='ltr'><em>δυοῖν</em></span> <span class='ocrx_word' id='word_1_68' title='bbox 1655 795 1731 865; x_wconf 91' lang='grc' dir='ltr'><strong><em>μὴ</em></strong></span> <span class='ocrx_word' id='word_1_69' title='bbox 1771 794 1878 849; x_wconf 89' lang='grc' dir='ltr'><strong><em>πύ-</em></strong></span> 
     </span>
     <span class='ocr_line' id='line_1_9' title="bbox 207 871 1879 951; baseline 0.006 -28"><span class='ocrx_word' id='word_1_70' title='bbox 207 891 382 940; x_wconf 84' lang='grc' dir='ltr'><strong><em>κταιν,</em></strong></span> <span class='ocrx_word' id='word_1_71' title='bbox 406 876 697 927; x_wconf 86' lang='grc' dir='ltr'><strong><em>πλουσίοιν</em></strong></span> <span class='ocrx_word' id='word_1_72' title='bbox 716 871 775 928; x_wconf 76' lang='grc' dir='ltr'><strong><em>δὲ</em></strong></span> <span class='ocrx_word' id='word_1_73' title='bbox 794 874 884 928; x_wconf 84' lang='grc' dir='ltr'><strong><em>καὶ</em></strong></span> <span class='ocrx_word' id='word_1_74' title='bbox 903 872 1139 944; x_wconf 82' lang='grc' dir='ltr'><strong><em>πιόνοιν,</em></strong></span> <span class='ocrx_word' id='word_1_75' title='bbox 1163 875 1266 929; x_wconf 82' lang='grc' dir='ltr'><strong><em>οὐκ</em></strong></span> <span class='ocrx_word' id='word_1_76' title='bbox 1286 871 1357 930; x_wconf 71' lang='grc' dir='ltr'><strong><em>ἄν</em></strong></span> <span class='ocrx_word' id='word_1_77' title='bbox 1383 880 1538 932; x_wconf 80' lang='grc' dir='ltr'><strong><em>δοκεῖ</em></strong></span> <span class='ocrx_word' id='word_1_78' title='bbox 1563 894 1650 932; x_wconf 93' lang='grc' dir='ltr'><strong><em>σοι</em></strong></span> <span class='ocrx_word' id='word_1_79' title='bbox 1678 881 1879 951; x_wconf 81' lang='grc' dir='ltr'><strong><em>ῥᾳδίως</em></strong></span> 
     </span>
     <span class='ocr_line' id='line_1_10' title="bbox 204 949 1876 1028; baseline 0.004 -23"><span class='ocrx_word' id='word_1_80' title='bbox 204 951 505 1021; x_wconf 89' lang='grc' dir='ltr'><strong><em>μαχεσθαι;</em></strong></span> <span class='ocrx_word' id='word_1_81' title='bbox 545 950 666 1007; x_wconf 88' lang='grc' dir='ltr'><strong><em>Οὐκ</em></strong></span> <span class='ocrx_word' id='word_1_82' title='bbox 693 949 765 1006; x_wconf 70' lang='grc' dir='ltr'><strong><em>ἂν</em></strong></span> <span class='ocrx_word' id='word_1_83' title='bbox 793 961 940 1023; x_wconf 91' lang='grc' dir='ltr'><strong><em>ἴσως,</em></strong></span> <span class='ocrx_word' id='word_1_84' title='bbox 974 958 1096 1025; x_wconf 84' lang='grc' dir='ltr'><strong><em>ἔφη,</em></strong></span> <span class='ocrx_word' id='word_1_85' title='bbox 1129 954 1241 1024; x_wconf 88' lang='grc' dir='ltr'><strong><em>α’μα</em></strong></span> <span class='ocrx_word' id='word_1_86' title='bbox 1272 976 1350 1024; x_wconf 80' lang='grc' dir='ltr'><strong><em>γε.</em></strong></span> <span class='ocrx_word' id='word_1_87' title='bbox 1391 953 1531 1010; x_wconf 77' lang='grc' dir='ltr'><em>Οὐδ’</em></span> <span class='ocrx_word' id='word_1_88' title='bbox 1553 961 1604 1011; x_wconf 79' lang='grc' dir='ltr'><strong><em>εἰ</em></strong></span> <span class='ocrx_word' id='word_1_89' title='bbox 1617 959 1773 1028; x_wconf 82' lang='grc' dir='ltr'><strong><em>ἐξείη,</em></strong></span> <span class='ocrx_word' id='word_1_90' title='bbox 1806 952 1876 1027; x_wconf 83' lang='grc' dir='ltr'><strong><em>ἦν</em></strong></span> 
     </span>
     <span class='ocr_line' id='line_1_11' title="bbox 205 1029 1879 1109; baseline 0.005 -23"><span class='ocrx_word' id='word_1_91' title='bbox 205 1029 258 1087; x_wconf 92' lang='lat'><strong><em>6&#39;</em></strong></span> <span class='ocrx_word' id='word_1_92' title='bbox 291 1032 414 1102; x_wconf 79' lang='grc' dir='ltr'><strong><em>ἐγώ,</em></strong></span> <span class='ocrx_word' id='word_1_93' title='bbox 457 1030 835 1103; x_wconf 79' lang='grc' dir='ltr'><strong><em>ὑποφεύγοντι</em></strong></span> <span class='ocrx_word' id='word_1_94' title='bbox 874 1035 974 1089; x_wconf 82' lang='grc' dir='ltr'><strong><em>τὸν</em></strong></span> <span class='ocrx_word' id='word_1_95' title='bbox 1009 1036 1282 1106; x_wconf 89' lang='grc' dir='ltr'><strong><em>πρότερον</em></strong></span> <span class='ocrx_word' id='word_1_96' title='bbox 1311 1035 1395 1091; x_wconf 75' lang='grc' dir='ltr'><strong><em>ἀεὶ</em></strong></span> <span class='ocrx_word' id='word_1_97' title='bbox 1420 1038 1879 1109; x_wconf 82' lang='grc' dir='ltr'><strong><em>προσφερόμενον</em></strong></span> 
     </span>
    </p>
   </div>
   <div class='ocr_carea' id='block_1_4' title="bbox 51 1111 1962 1270">
    <p class='ocr_par' dir='ltr' id='par_1_4' title="bbox 51 1111 1962 1270">
     <span class='ocr_line' id='line_1_12' title="bbox 51 1111 1876 1194; baseline 0.005 -27"><span class='ocrx_word' id='word_1_98' title='bbox 51 1130 171 1185; x_wconf 45' lang='grc' dir='ltr'><strong><em>,κο</em></strong></span> <span class='ocrx_word' id='word_1_99' title='bbox 202 1111 620 1185; x_wconf 83' lang='grc' dir='ltr'><strong><em>αναστρέφοντα</em></strong></span> <span class='ocrx_word' id='word_1_100' title='bbox 640 1114 883 1185; x_wconf 79' lang='grc' dir='ltr'><strong><em>κρούειν,</em></strong></span> <span class='ocrx_word' id='word_1_101' title='bbox 906 1117 997 1171; x_wconf 84' lang='grc' dir='ltr'><strong><em>καὶ</em></strong></span> <span class='ocrx_word' id='word_1_102' title='bbox 1015 1124 1177 1172; x_wconf 85' lang='grc' dir='ltr'><strong><em>τοῦτο</em></strong></span> <span class='ocrx_word' id='word_1_103' title='bbox 1206 1130 1357 1173; x_wconf 87' lang='grc' dir='ltr'><strong><em>ποιοῖ</em></strong></span> <span class='ocrx_word' id='word_1_104' title='bbox 1373 1119 1633 1184; x_wconf 82' lang='grc' dir='ltr'><strong><em>πολλάκις</em></strong></span> <span class='ocrx_word' id='word_1_105' title='bbox 1662 1121 1724 1175; x_wconf 87' lang='grc' dir='ltr'><strong><em>έν</em></strong></span> <span class='ocrx_word' id='word_1_106' title='bbox 1740 1117 1876 1194; x_wconf 81' lang='grc' dir='ltr'><strong><em>ἡλίω</em></strong></span> 
     </span>
     <span class='ocr_line' id='line_1_13' title="bbox 202 1195 1962 1270; baseline 0.004 -20"><span class='ocrx_word' id='word_1_107' title='bbox 202 1216 260 1250; x_wconf 90' lang='grc' dir='ltr'><strong><em>τε</em></strong></span> <span class='ocrx_word' id='word_1_108' title='bbox 279 1199 369 1251; x_wconf 88' lang='grc' dir='ltr'><strong><em>και</em></strong></span> <span class='ocrx_word' id='word_1_109' title='bbox 391 1202 597 1267; x_wconf 78' lang='grc' dir='ltr'><strong><em>πνίγει;</em></strong></span> <span class='ocrx_word' id='word_1_110' title='bbox 620 1197 727 1266; x_wconf 76' lang='grc' dir='ltr'><strong><em>ἄρα</em></strong></span> <span class='ocrx_word' id='word_1_111' title='bbox 753 1219 815 1267; x_wconf 82' lang='grc' dir='ltr'><strong><em>γε</em></strong></span> <span class='ocrx_word' id='word_1_112' title='bbox 836 1195 904 1252; x_wconf 80' lang='grc' dir='ltr'><strong><em>οὐ</em></strong></span> <span class='ocrx_word' id='word_1_113' title='bbox 921 1199 1012 1253; x_wconf 85' lang='grc' dir='ltr'><strong><em>καὶ</em></strong></span> <span class='ocrx_word' id='word_1_114' title='bbox 1032 1201 1234 1263; x_wconf 83' lang='grc' dir='ltr'><strong><em>πλέους</em></strong></span> <span class='ocrx_word' id='word_1_115' title='bbox 1251 1198 1559 1270; x_wconf 80' lang='grc' dir='ltr'><strong><em>χειρώσαιτ’</em></strong></span> <span class='ocrx_word' id='word_1_116' title='bbox 1592 1197 1664 1256; x_wconf 78' lang='grc' dir='ltr'><strong><em>ὅίν</em></strong></span> <span class='ocrx_word' id='word_1_117' title='bbox 1691 1201 1876 1256; x_wconf 83' lang='grc' dir='ltr'><strong><em>τοιού·</em></strong></span> <span class='ocrx_word' id='word_1_118' title='bbox 1937 1220 1962 1228; x_wconf 72' lang='grc'><strong><em>”</em></strong></span> 
     </span>
    </p>
   </div>
   <div class='ocr_carea' id='block_1_5' title="bbox 202 1274 1878 1515">
    <p class='ocr_par' dir='ltr' id='par_1_5' title="bbox 202 1274 1878 1515">
     <span class='ocr_line' id='line_1_14' title="bbox 202 1274 1878 1352; baseline 0.003 -20"><span class='ocrx_word' id='word_1_119' title='bbox 202 1299 331 1342; x_wconf 93' lang='grc' dir='ltr'><strong><em>τους</em></strong></span> <span class='ocrx_word' id='word_1_120' title='bbox 351 1274 380 1332; x_wconf 89' lang='grc' dir='ltr'>ὁ</span> <span class='ocrx_word' id='word_1_121' title='bbox 400 1285 674 1343; x_wconf 82' lang='grc' dir='ltr'><strong><em>τοιοῦτος;</em></strong></span> <span class='ocrx_word' id='word_1_122' title='bbox 703 1277 926 1349; x_wconf 82' lang='grc' dir='ltr'><strong><em>Ἀμέλει,</em></strong></span> <span class='ocrx_word' id='word_1_123' title='bbox 958 1284 1080 1350; x_wconf 83' lang='grc' dir='ltr'><strong><em>ἔφη,</em></strong></span> <span class='ocrx_word' id='word_1_124' title='bbox 1112 1278 1280 1336; x_wconf 79' lang='grc' dir='ltr'><strong><em>οὐδὲν</em></strong></span> <span class='ocrx_word' id='word_1_125' title='bbox 1309 1277 1381 1335; x_wconf 69' lang='grc' dir='ltr'><strong><em>ἂν</em></strong></span> <span class='ocrx_word' id='word_1_126' title='bbox 1409 1284 1623 1351; x_wconf 82' lang='grc' dir='ltr'><strong><em>γένοιτο</em></strong></span> <span class='ocrx_word' id='word_1_127' title='bbox 1653 1290 1878 1352; x_wconf 91' lang='grc' dir='ltr'><strong><em>θαυμα-</em></strong></span> 
     </span>
     <span class='ocr_line' id='line_1_15' title="bbox 204 1357 1877 1433; baseline 0.002 -20"><span class='ocrx_word' id='word_1_128' title='bbox 204 1359 353 1413; x_wconf 89' lang='grc' dir='ltr'><strong><em>στόν.</em></strong></span> <span class='ocrx_word' id='word_1_129' title='bbox 389 1357 532 1414; x_wconf 87' lang='grc' dir='ltr'><strong><em>Ἀλλ’</em></strong></span> <span class='ocrx_word' id='word_1_130' title='bbox 554 1358 658 1414; x_wconf 85' lang='grc' dir='ltr'><strong><em>οὐκ</em></strong></span> <span class='ocrx_word' id='word_1_131' title='bbox 680 1367 781 1415; x_wconf 90' lang='grc' dir='ltr'><strong><em>οἴει</em></strong></span> <span class='ocrx_word' id='word_1_132' title='bbox 803 1367 1069 1432; x_wconf 82' lang='grc' dir='ltr'><strong><em>πυκτικῆς</em></strong></span> <span class='ocrx_word' id='word_1_133' title='bbox 1089 1368 1257 1417; x_wconf 84' lang='grc' dir='ltr'><strong><em>πλέον</em></strong></span> <span class='ocrx_word' id='word_1_134' title='bbox 1276 1367 1516 1433; x_wconf 85' lang='grc' dir='ltr'><strong><em>μετέχειν</em></strong></span> <span class='ocrx_word' id='word_1_135' title='bbox 1545 1361 1675 1428; x_wconf 76' lang='grc' dir='ltr'><strong><em>τοὺς</em></strong></span> <span class='ocrx_word' id='word_1_136' title='bbox 1703 1371 1877 1432; x_wconf 45' lang='grc' dir='ltr'><strong><em>πλου-,</em></strong></span> 
     </span>
     <span class='ocr_line' id='line_1_16' title="bbox 202 1438 1874 1515; baseline 0.004 -23"><span class='ocrx_word' id='word_1_137' title='bbox 202 1445 355 1503; x_wconf 91' lang='grc' dir='ltr'><strong><em>σίους</em></strong></span> <span class='ocrx_word' id='word_1_138' title='bbox 374 1438 638 1512; x_wconf 82' lang='grc' dir='ltr'><strong><em>ἐπιστήμῃ</em></strong></span> <span class='ocrx_word' id='word_1_139' title='bbox 657 1462 714 1495; x_wconf 92' lang='grc' dir='ltr'><strong><em>τε</em></strong></span> <span class='ocrx_word' id='word_1_140' title='bbox 734 1442 823 1495; x_wconf 85' lang='grc' dir='ltr'><strong><em>καὶ</em></strong></span> <span class='ocrx_word' id='word_1_141' title='bbox 844 1440 1140 1514; x_wconf 77' lang='grc' dir='ltr'><strong><em>εμπειρίαή</em></strong></span> <span class='ocrx_word' id='word_1_142' title='bbox 1161 1449 1483 1514; x_wconf 83' lang='grc' dir='ltr'><strong><em>πολεμικῆς;</em></strong></span> <span class='ocrx_word' id='word_1_143' title='bbox 1506 1442 1709 1513; x_wconf 78' lang='lat' dir='ltr'><strong><em>&#39;&#39;Eymy&#39;</em></strong></span> <span class='ocrx_word' id='word_1_144' title='bbox 1714 1486 1729 1515; x_wconf 82' lang='lat'><strong>,</strong></span> <span class='ocrx_word' id='word_1_145' title='bbox 1751 1449 1874 1514; x_wconf 81' lang='grc' dir='ltr'><strong><em>ἔφη.</em></strong></span> 
     </span>
    </p>
   </div>
   <div class='ocr_carea' id='block_1_6' title="bbox 141 1518 1962 2185">
    <p class='ocr_par' dir='ltr' id='par_1_6' title="bbox 141 1518 1962 2185">
     <span class='ocr_line' id='line_1_17' title="bbox 192 1518 1951 1592; baseline 0.004 -18.052"><span class='ocrx_word' id='word_1_146' title='bbox 192 1518 457 1592; x_wconf 70' lang='lat' dir='ltr'><strong><em>‘ch6t&#39;co9&#39;</em></strong></span> <span class='ocrx_word' id='word_1_147' title='bbox 431 1520 541 1590; x_wconf 81' lang='grc' dir='ltr'><strong><em>α’ρα</em></strong></span> <span class='ocrx_word' id='word_1_148' title='bbox 559 1518 691 1592; x_wconf 85' lang='grc' dir='ltr'><strong><em>ἡμῖν</em></strong></span> <span class='ocrx_word' id='word_1_149' title='bbox 710 1526 767 1578; x_wconf 92' lang='grc' dir='ltr'><strong><em>οι</em></strong></span> <span class='ocrx_word' id='word_1_150' title='bbox 783 1521 1018 1592; x_wconf 82' lang='grc' dir='ltr'><strong><em>ἀθληταὶ</em></strong></span> <span class='ocrx_word' id='word_1_151' title='bbox 1038 1525 1098 1578; x_wconf 83' lang='grc' dir='ltr'><strong><em>ἐκ</em></strong></span> <span class='ocrx_word' id='word_1_152' title='bbox 1120 1529 1232 1578; x_wconf 79' lang='grc' dir='ltr'><strong><em>τῶν</em></strong></span> <span class='ocrx_word' id='word_1_153' title='bbox 1253 1525 1483 1580; x_wconf 85' lang='grc' dir='ltr'><strong><em>εἰκότων</em></strong></span> <span class='ocrx_word' id='word_1_154' title='bbox 1497 1529 1798 1589; x_wconf 77' lang='grc' dir='ltr'><strong><em>διπλασίοις</em></strong></span> <span class='ocrx_word' id='word_1_155' title='bbox 1817 1547 1875 1580; x_wconf 88' lang='grc' dir='ltr'><strong><em>τε</em></strong></span> <span class='ocrx_word' id='word_1_156' title='bbox 1948 1528 1951 1529; x_wconf 53' lang='grc'>’</span> 
     </span>
     <span class='ocr_line' id='line_1_18' title="bbox 200 1601 1955 1678; baseline 0.004 -23"><span class='ocrx_word' id='word_1_157' title='bbox 200 1602 291 1656; x_wconf 86' lang='grc' dir='ltr'><strong><em>καὶ</em></strong></span> <span class='ocrx_word' id='word_1_158' title='bbox 326 1607 666 1669; x_wconf 83' lang='grc' dir='ltr'><strong><em>τριπλασίοις</em></strong></span> <span class='ocrx_word' id='word_1_159' title='bbox 701 1601 888 1658; x_wconf 79' lang='grc' dir='ltr'><strong><em>αὐτῶν</em></strong></span> <span class='ocrx_word' id='word_1_160' title='bbox 916 1611 1232 1674; x_wconf 85' lang='grc' dir='ltr'><strong><em>μαχοῦνται.</em></strong></span> <span class='ocrx_word' id='word_1_161' title='bbox 1293 1607 1741 1678; x_wconf 78' lang='grc' dir='ltr'><strong><em>Συγχωρήσομαί</em></strong></span> <span class='ocrx_word' id='word_1_162' title='bbox 1772 1624 1875 1676; x_wconf 90' lang='grc' dir='ltr'><strong><em>σοι,</em></strong></span> <span class='ocrx_word' id='word_1_163' title='bbox 1945 1633 1955 1651; x_wconf 61' lang='lat'><em>2</em></span> 
     </span>
     <span class='ocr_line' id='line_1_19' title="bbox 141 1683 1951 1759; baseline 0.004 -23"><span class='ocrx_word' id='word_1_164' title='bbox 141 1695 176 1735; x_wconf 94' lang='lat' dir='ltr'><strong>D</strong></span> <span class='ocrx_word' id='word_1_165' title='bbox 209 1686 342 1753; x_wconf 85' lang='grc' dir='ltr'><strong><em>ἔφη·</em></strong></span> <span class='ocrx_word' id='word_1_166' title='bbox 375 1687 552 1749; x_wconf 80' lang='grc' dir='ltr'><strong><em>δοκεῖς</em></strong></span> <span class='ocrx_word' id='word_1_167' title='bbox 577 1705 685 1755; x_wconf 75' lang='grc' dir='ltr'><strong><em>γαρ</em></strong></span> <span class='ocrx_word' id='word_1_168' title='bbox 706 1707 799 1755; x_wconf 94' lang='grc' dir='ltr'><strong><em>μοι</em></strong></span> <span class='ocrx_word' id='word_1_169' title='bbox 824 1683 1010 1756; x_wconf 81' lang='grc' dir='ltr'><strong><em>ὀρθῶς</em></strong></span> <span class='ocrx_word' id='word_1_170' title='bbox 1041 1689 1233 1756; x_wconf 79' lang='grc' dir='ltr'><strong><em>λέγειν.</em></strong></span> <span class='ocrx_word' id='word_1_171' title='bbox 1288 1693 1356 1742; x_wconf 92' lang='grc' dir='ltr'><strong><em>Τί</em></strong></span> <span class='ocrx_word' id='word_1_172' title='bbox 1381 1687 1450 1759; x_wconf 83' lang='lat'><strong><em>6&#39;,</em></strong></span> <span class='ocrx_word' id='word_1_173' title='bbox 1485 1710 1556 1742; x_wconf 93' lang='grc' dir='ltr'><strong><em>αν</em></strong></span> <span class='ocrx_word' id='word_1_174' title='bbox 1580 1694 1875 1759; x_wconf 86' lang='grc' dir='ltr'><strong><em>πρεσβείαν</em></strong></span> <span class='ocrx_word' id='word_1_175' title='bbox 1948 1707 1951 1710; x_wconf 73' lang='grc'>’</span> 
     </span>
     <span class='ocr_line' id='line_1_20' title="bbox 201 1768 1946 1843; baseline 0.002 -21"><span class='ocrx_word' id='word_1_176' title='bbox 201 1772 513 1838; x_wconf 82' lang='grc' dir='ltr'><strong><em>πέμψαντες</em></strong></span> <span class='ocrx_word' id='word_1_177' title='bbox 555 1774 630 1834; x_wconf 83' lang='grc' dir='ltr'><strong><em>εἰς</em></strong></span> <span class='ocrx_word' id='word_1_178' title='bbox 664 1768 767 1840; x_wconf 84' lang='grc' dir='ltr'><strong><em>τὴν</em></strong></span> <span class='ocrx_word' id='word_1_179' title='bbox 814 1771 1004 1839; x_wconf 84' lang='grc' dir='ltr'><strong><em>ἑτέραν</em></strong></span> <span class='ocrx_word' id='word_1_180' title='bbox 1051 1769 1213 1826; x_wconf 91' lang='grc' dir='ltr'><strong><em>πόλιν</em></strong></span> <span class='ocrx_word' id='word_1_181' title='bbox 1247 1770 1465 1843; x_wconf 78' lang='grc' dir='ltr'><strong><em>τάληθῆ</em></strong></span> <span class='ocrx_word' id='word_1_182' title='bbox 1511 1780 1752 1842; x_wconf 91' lang='grc' dir='ltr'><strong><em>εἴπωσιν,</em></strong></span> <span class='ocrx_word' id='word_1_183' title='bbox 1794 1770 1877 1826; x_wconf 82' lang='grc' dir='ltr'><strong><em>ὅτι</em></strong></span> <span class='ocrx_word' id='word_1_184' title='bbox 1944 1814 1946 1816; x_wconf 64' lang='lat'>.</span> 
     </span>
     <span class='ocr_line' id='line_1_21' title="bbox 199 1848 1940 1926; baseline 0.002 -22"><span class='ocrx_word' id='word_1_185' title='bbox 199 1848 354 1920; x_wconf 80' lang='grc' dir='ltr'><strong><em>ἡμεῖς</em></strong></span> <span class='ocrx_word' id='word_1_186' title='bbox 372 1850 472 1920; x_wconf 76' lang='grc' dir='ltr'><strong><em>μὲν</em></strong></span> <span class='ocrx_word' id='word_1_187' title='bbox 485 1850 651 1907; x_wconf 77' lang='grc' dir='ltr'><strong><em>οὐδὲν</em></strong></span> <span class='ocrx_word' id='word_1_188' title='bbox 661 1857 868 1924; x_wconf 77' lang='grc' dir='ltr'><strong><em>χρυσίῳ</em></strong></span> <span class='ocrx_word' id='word_1_189' title='bbox 888 1849 1011 1906; x_wconf 76' lang='grc' dir='ltr'><strong><em>οὐδ’</em></strong></span> <span class='ocrx_word' id='word_1_190' title='bbox 1038 1850 1282 1925; x_wconf 78' lang='grc' dir='ltr'><strong><em>ἀργυρίῳ</em></strong></span> <span class='ocrx_word' id='word_1_191' title='bbox 1302 1854 1581 1923; x_wconf 76' lang='grc' dir='ltr'><strong><em>χρώμεθα,</em></strong></span> <span class='ocrx_word' id='word_1_192' title='bbox 1608 1851 1725 1908; x_wconf 79' lang='grc' dir='ltr'><strong><em>οὐδ’</em></strong></span> <span class='ocrx_word' id='word_1_193' title='bbox 1744 1852 1877 1926; x_wconf 87' lang='grc' dir='ltr'><strong><em>ἡμῖν</em></strong></span> <span class='ocrx_word' id='word_1_194' title='bbox 1937 1864 1940 1866; x_wconf 74' lang='grc'>’</span> 
     </span>
     <span class='ocr_line' id='line_1_22' title="bbox 200 1930 1962 2011; baseline 0 -22"><span class='ocrx_word' id='word_1_195' title='bbox 200 1938 378 2005; x_wconf 88' lang='grc' dir='ltr'><strong><em>θέμις,</em></strong></span> <span class='ocrx_word' id='word_1_196' title='bbox 398 1933 530 2006; x_wconf 82' lang='grc' dir='ltr'><strong><em>ὑμῖν</em></strong></span> <span class='ocrx_word' id='word_1_197' title='bbox 550 1939 631 1992; x_wconf 80' lang='grc' dir='ltr'><strong><em>δέ·</em></strong></span> <span class='ocrx_word' id='word_1_198' title='bbox 666 1935 1176 2007; x_wconf 80' lang='grc' dir='ltr'><strong><em>ξυμπολεμήσαντες</em></strong></span> <span class='ocrx_word' id='word_1_199' title='bbox 1195 1930 1301 1991; x_wconf 80' lang='grc' dir='ltr'><strong><em>οὗν</em></strong></span> <span class='ocrx_word' id='word_1_200' title='bbox 1321 1935 1451 2007; x_wconf 81' lang='grc' dir='ltr'><strong><em>μεθ’</em></strong></span> <span class='ocrx_word' id='word_1_201' title='bbox 1478 1934 1634 2006; x_wconf 76' lang='grc' dir='ltr'><strong><em>ἡμῶν</em></strong></span> <span class='ocrx_word' id='word_1_202' title='bbox 1654 1941 1795 2006; x_wconf 83' lang='grc' dir='ltr'><strong><em>ἔχετε</em></strong></span> <span class='ocrx_word' id='word_1_203' title='bbox 1810 1935 1875 1990; x_wconf 78' lang='grc' dir='ltr'><strong><em>τὰ</em></strong></span> <span class='ocrx_word' id='word_1_204' title='bbox 1950 1996 1962 2011; x_wconf 21' lang='grc' dir='ltr'><strong>ᾗ</strong></span> 
     </span>
     <span class='ocr_line' id='line_1_23' title="bbox 201 2015 1962 2088; baseline 0.001 -16"><span class='ocrx_word' id='word_1_205' title='bbox 201 2023 314 2072; x_wconf 80' lang='grc' dir='ltr'><strong><em>τῶν</em></strong></span> <span class='ocrx_word' id='word_1_206' title='bbox 350 2019 578 2088; x_wconf 59' lang='grc' dir='ltr'><strong><em>ἑτέρων</em></strong></span> <span class='ocrx_word' id='word_1_207' title='bbox 627 2025 730 2073; x_wconf 86' lang='grc' dir='ltr'><strong><em>οἴει</em></strong></span> <span class='ocrx_word' id='word_1_208' title='bbox 764 2017 917 2081; x_wconf 79' lang='grc' dir='ltr'><strong><em>τινας</em></strong></span> <span class='ocrx_word' id='word_1_209' title='bbox 956 2015 1302 2081; x_wconf 79' lang='grc' dir='ltr'><strong><em>ἀκούσαντας</em></strong></span> <span class='ocrx_word' id='word_1_210' title='bbox 1336 2025 1507 2071; x_wconf 86' lang='grc' dir='ltr'><strong><em>ταῦτα</em></strong></span> <span class='ocrx_word' id='word_1_211' title='bbox 1545 2016 1874 2086; x_wconf 80' lang='grc' dir='ltr'><strong><em>αἱρήσεσθαι</em></strong></span> <span class='ocrx_word' id='word_1_212' title='bbox 1942 2019 1962 2074; x_wconf 67' lang='grc' dir='ltr'><strong><em>’ὲ</em></strong></span> 
     </span>
     <span class='ocr_line' id='line_1_24' title="bbox 197 2093 1962 2185; baseline 0 -33"><span class='ocrx_word' id='word_1_213' title='bbox 197 2099 324 2152; x_wconf 87' lang='grc' dir='ltr'><strong><em>κυσὶ</em></strong></span> <span class='ocrx_word' id='word_1_214' title='bbox 346 2105 605 2168; x_wconf 79' lang='grc' dir='ltr'><strong><em>πολεμεῖν</em></strong></span> <span class='ocrx_word' id='word_1_215' title='bbox 625 2111 863 2167; x_wconf 91' lang='grc' dir='ltr'><strong><em>στερεοῖς</em></strong></span> <span class='ocrx_word' id='word_1_216' title='bbox 881 2119 939 2152; x_wconf 91' lang='grc' dir='ltr'><strong><em>τε</em></strong></span> <span class='ocrx_word' id='word_1_217' title='bbox 959 2100 1273 2167; x_wconf 79' lang='grc' dir='ltr'><strong><em>καὶ·ι’σχνοῖς</em></strong></span> <span class='ocrx_word' id='word_1_218' title='bbox 1300 2104 1510 2167; x_wconf 80' lang='grc' dir='ltr'><strong><em>μᾶλλον</em></strong></span> <span class='ocrx_word' id='word_1_219' title='bbox 1538 2093 1574 2167; x_wconf 77' lang='grc' dir='ltr'><strong><em>ἦ</em></strong></span> <span class='ocrx_word' id='word_1_220' title='bbox 1604 2096 1736 2167; x_wconf 77' lang='grc' dir='ltr'><strong><em>μετὰ</em></strong></span> <span class='ocrx_word' id='word_1_221' title='bbox 1767 2119 1872 2152; x_wconf 91' lang='grc' dir='ltr'><strong><em>κυ-</em></strong></span> <span class='ocrx_word' id='word_1_222' title='bbox 1946 2101 1962 2185; x_wconf 50' lang='grc' dir='ltr'>ᾗ</span> 
     </span>
    </p>
   </div>
   <div class='ocr_carea' id='block_1_7' title="bbox 197 2175 1870 2249">
    <p class='ocr_par' dir='ltr' id='par_1_7' title="bbox 197 2175 1870 2249">
     <span class='ocr_line' id='line_1_25' title="bbox 197 2175 1870 2249; baseline 0 -17"><span class='ocrx_word' id='word_1_223' title='bbox 197 2183 315 2232; x_wconf 80' lang='grc' dir='ltr'><strong><em>νῶν</em></strong></span> <span class='ocrx_word' id='word_1_224' title='bbox 335 2179 632 2249; x_wconf 76' lang='grc' dir='ltr'><strong><em>προβάτοις</em></strong></span> <span class='ocrx_word' id='word_1_225' title='bbox 650 2184 805 2234; x_wconf 89' lang='grc' dir='ltr'><strong><em>πίοσί</em></strong></span> <span class='ocrx_word' id='word_1_226' title='bbox 817 2200 875 2233; x_wconf 88' lang='grc' dir='ltr'><strong><em>τε</em></strong></span> <span class='ocrx_word' id='word_1_227' title='bbox 895 2180 983 2233; x_wconf 86' lang='grc' dir='ltr'><strong><em>καὶ</em></strong></span> <span class='ocrx_word' id='word_1_228' title='bbox 1002 2175 1257 2245; x_wconf 76' lang='grc' dir='ltr'><strong><em>ἁπαλοῖς;</em></strong></span> <span class='ocrx_word' id='word_1_229' title='bbox 1302 2177 1390 2232; x_wconf 82' lang='grc' dir='ltr'><strong><em>Οὔ</em></strong></span> <span class='ocrx_word' id='word_1_230' title='bbox 1418 2201 1510 2248; x_wconf 92' lang='grc' dir='ltr'><strong><em>μοι</em></strong></span> <span class='ocrx_word' id='word_1_231' title='bbox 1544 2182 1707 2232; x_wconf 83' lang='grc' dir='ltr'><strong><em>δοκεῖ.</em></strong></span> <span class='ocrx_word' id='word_1_232' title='bbox 1744 2175 1870 2232; x_wconf 75' lang='grc' dir='ltr'><strong><em>ἀλλ’</em></strong></span> 
     </span>
    </p>
   </div>
   <div class='ocr_carea' id='block_1_8' title="bbox 131 2257 1872 2412">
    <p class='ocr_par' dir='ltr' id='par_1_8' title="bbox 131 2249 1962 2423">
     <span class='ocr_line' id='line_1_26' title="bbox 198 2257 1872 2330; baseline -0.002 -15"><span class='ocrx_word' id='word_1_233' title='bbox 198 2258 298 2315; x_wconf 75' lang='grc' dir='ltr'><strong><em>ἐὰν</em></strong></span> <span class='ocrx_word' id='word_1_234' title='bbox 317 2263 392 2322; x_wconf 84' lang='grc' dir='ltr'><strong><em>εἰς</em></strong></span> <span class='ocrx_word' id='word_1_235' title='bbox 411 2264 559 2330; x_wconf 90' lang='grc' dir='ltr'><strong><em>μίαν,</em></strong></span> <span class='ocrx_word' id='word_1_236' title='bbox 582 2265 704 2330; x_wconf 85' lang='grc' dir='ltr'><strong><em>ἔφη,</em></strong></span> <span class='ocrx_word' id='word_1_237' title='bbox 726 2260 888 2315; x_wconf 87' lang='grc' dir='ltr'><strong><em>πόλιν</em></strong></span> <span class='ocrx_word' id='word_1_238' title='bbox 909 2264 1294 2329; x_wconf 82' lang='grc' dir='ltr'><strong><em>ξυναθροισθῇ</em></strong></span> <span class='ocrx_word' id='word_1_239' title='bbox 1314 2258 1379 2313; x_wconf 79' lang='grc' dir='ltr'><strong><em>τὰ</em></strong></span> <span class='ocrx_word' id='word_1_240' title='bbox 1399 2265 1512 2312; x_wconf 76' lang='grc' dir='ltr'><strong><em>τῶν</em></strong></span> <span class='ocrx_word' id='word_1_241' title='bbox 1533 2259 1717 2313; x_wconf 82' lang='grc' dir='ltr'><strong><em>ἄλλων</em></strong></span> <span class='ocrx_word' id='word_1_242' title='bbox 1737 2257 1872 2328; x_wconf 88' lang='grc' dir='ltr'><strong><em>χρή-</em></strong></span> 
     </span>
     <span class='ocr_line' id='line_1_27' title="bbox 131 2338 1872 2412; baseline -0.001 -18"><span class='ocrx_word' id='word_1_243' title='bbox 131 2364 165 2404; x_wconf 78' lang='grc' dir='ltr'>Ε</span> <span class='ocrx_word' id='word_1_244' title='bbox 195 2361 354 2410; x_wconf 88' lang='grc' dir='ltr'><strong><em>ματα,</em></strong></span> <span class='ocrx_word' id='word_1_245' title='bbox 388 2338 493 2408; x_wconf 80' lang='grc' dir='ltr'><strong><em>ὅρα</em></strong></span> <span class='ocrx_word' id='word_1_246' title='bbox 523 2338 595 2409; x_wconf 82' lang='grc' dir='ltr'><strong><em>μὴ</em></strong></span> <span class='ocrx_word' id='word_1_247' title='bbox 628 2344 895 2394; x_wconf 85' lang='grc' dir='ltr'><strong><em>κίνδυνον</em></strong></span> <span class='ocrx_word' id='word_1_248' title='bbox 925 2343 1067 2411; x_wconf 82' lang='grc' dir='ltr'><strong><em>φέρῃ</em></strong></span> <span class='ocrx_word' id='word_1_249' title='bbox 1095 2348 1163 2412; x_wconf 80' lang='grc' dir='ltr'><strong><em>τῇ</em></strong></span> <span class='ocrx_word' id='word_1_250' title='bbox 1190 2340 1260 2410; x_wconf 87' lang='grc' dir='ltr'><strong><em>μὴ</em></strong></span> <span class='ocrx_word' id='word_1_251' title='bbox 1292 2341 1624 2411; x_wconf 83' lang='grc' dir='ltr'><strong><em>πλουτούσῃ.</em></strong></span> <span class='ocrx_word' id='word_1_252' title='bbox 1663 2338 1872 2394; x_wconf 78' lang='grc' dir='ltr'><strong><em>Εὐδαί-</em></strong></span> 
     </span>
    </p>
   </div>
   <div class='ocr_carea' id='block_1_9' title="bbox 196 2415 1958 2491">
    <p class='ocr_par' dir='ltr' id='par_1_9' title="bbox 196 2415 1958 2491">
     <span class='ocr_line' id='line_1_28' title="bbox 366 2415 1957 2475; baseline -0.002 -36"><span class='ocrx_word' id='word_1_253' title='bbox 366 2419 386 2475; x_wconf 72' lang='grc' dir='ltr'><strong><em>ἶ</em></strong></span> <span class='ocrx_word' id='word_1_254' title='bbox 443 2415 464 2439; x_wconf 79' lang='lat'><strong><em>5&#39;</em></strong></span> <span class='ocrx_word' id='word_1_255' title='bbox 521 2419 571 2474; x_wconf 66' lang='grc' dir='ltr'><strong><em>δ’</em></strong></span> <span class='ocrx_word' id='word_1_256' title='bbox 612 2425 624 2441; x_wconf 69' lang='grc'>,</span> <span class='ocrx_word' id='word_1_257' title='bbox 692 2422 703 2436; x_wconf 78' lang='lat' dir='ltr'><em>r</em></span> <span class='ocrx_word' id='word_1_258' title='bbox 761 2420 787 2437; x_wconf 72' lang='lat' dir='ltr'><strong><em>et</em></strong></span> <span class='ocrx_word' id='word_1_259' title='bbox 918 2431 928 2445; x_wconf 51' lang='lat' dir='ltr'><em>s</em></span> <span class='ocrx_word' id='word_1_260' title='bbox 1010 2422 1035 2439; x_wconf 72' lang='lat' dir='ltr'><strong><em>&gt;t</em></strong></span> <span class='ocrx_word' id='word_1_261' title='bbox 1212 2421 1231 2443; x_wconf 61' lang='lat' dir='ltr'><strong><em>‘v‘</em></strong></span> <span class='ocrx_word' id='word_1_262' title='bbox 1362 2421 1385 2438; x_wconf 79' lang='lat' dir='ltr'><em>n</em></span> <span class='ocrx_word' id='word_1_263' title='bbox 1653 2419 1664 2436; x_wconf 63' lang='lat' dir='ltr'>x</span> <span class='ocrx_word' id='word_1_264' title='bbox 1840 2453 1871 2460; x_wconf 71' lang='grc'>-</span> <span class='ocrx_word' id='word_1_265' title='bbox 1935 2430 1957 2451; x_wconf 63' lang='grc'><strong><em>,</em></strong></span> 
     </span>
     <span class='ocr_line' id='line_1_29' title="bbox 196 2427 1958 2491; baseline -0.002 -16"><span class='ocrx_word' id='word_1_266' title='bbox 196 2442 317 2491; x_wconf 90' lang='grc' dir='ltr'><strong><em>μων</em></strong></span> <span class='ocrx_word' id='word_1_267' title='bbox 337 2442 362 2475; x_wconf 87' lang='grc' dir='ltr'><strong><em>ε</em></strong></span> <span class='ocrx_word' id='word_1_268' title='bbox 387 2463 401 2489; x_wconf 91' lang='grc'><strong><em>,</em></strong></span> <span class='ocrx_word' id='word_1_269' title='bbox 428 2443 501 2490; x_wconf 83' lang='grc' dir='ltr'><strong><em>ην</em></strong></span> <span class='ocrx_word' id='word_1_270' title='bbox 597 2443 721 2491; x_wconf 77' lang='grc' dir='ltr'><strong><em>εγω,</em></strong></span> <span class='ocrx_word' id='word_1_271' title='bbox 755 2444 838 2475; x_wconf 93' lang='grc' dir='ltr'><strong><em>οτι</em></strong></span> <span class='ocrx_word' id='word_1_272' title='bbox 869 2430 969 2477; x_wconf 80' lang='grc' dir='ltr'><strong><em>οἴει</em></strong></span> <span class='ocrx_word' id='word_1_273' title='bbox 1000 2427 1155 2487; x_wconf 84' lang='grc' dir='ltr'><strong><em>αξιον</em></strong></span> <span class='ocrx_word' id='word_1_274' title='bbox 1183 2444 1322 2477; x_wconf 90' lang='grc' dir='ltr'><strong><em>ειναι</em></strong></span> <span class='ocrx_word' id='word_1_275' title='bbox 1350 2428 1524 2491; x_wconf 88' lang='grc' dir='ltr'><strong><em>αλλην</em></strong></span> <span class='ocrx_word' id='word_1_276' title='bbox 1550 2442 1671 2475; x_wconf 90' lang='grc' dir='ltr'><strong><em>τινα</em></strong></span> <span class='ocrx_word' id='word_1_277' title='bbox 1704 2440 1839 2486; x_wconf 90' lang='grc' dir='ltr'><strong><em>προς</em></strong></span> <span class='ocrx_word' id='word_1_278' title='bbox 1946 2458 1958 2471; x_wconf 29' lang='grc' dir='ltr'><strong><em>,ν</em></strong></span> 
     </span>
    </p>
   </div>
   <div class='ocr_carea' id='block_1_10' title="bbox 196 2498 1865 2574">
    <p class='ocr_par' dir='ltr' id='par_1_10' title="bbox 196 2498 1865 2574">
     <span class='ocr_line' id='line_1_30' title="bbox 196 2498 1865 2574; baseline -0.001 -18"><span class='ocrx_word' id='word_1_279' title='bbox 196 2513 369 2557; x_wconf 90' lang='grc' dir='ltr'><strong><em>ειπεῑν</em></strong></span> <span class='ocrx_word' id='word_1_280' title='bbox 388 2501 552 2557; x_wconf 91' lang='grc' dir='ltr'><strong><em>πόλιν</em></strong></span> <span class='ocrx_word' id='word_1_281' title='bbox 570 2498 606 2572; x_wconf 74' lang='grc' dir='ltr'><em>ἢ</em></span> <span class='ocrx_word' id='word_1_282' title='bbox 630 2501 734 2572; x_wconf 80' lang='grc' dir='ltr'><strong><em>τὴν</em></strong></span> <span class='ocrx_word' id='word_1_283' title='bbox 763 2504 1025 2574; x_wconf 87' lang='grc' dir='ltr'><strong><em>τοιαύτην</em></strong></span> <span class='ocrx_word' id='word_1_284' title='bbox 1055 2506 1177 2558; x_wconf 80' lang='grc' dir='ltr'><strong><em>οἵαν</em></strong></span> <span class='ocrx_word' id='word_1_285' title='bbox 1204 2501 1355 2573; x_wconf 84' lang='grc' dir='ltr'><strong><em>ἡμεῖς</em></strong></span> <span class='ocrx_word' id='word_1_286' title='bbox 1385 2502 1865 2571; x_wconf 79' lang='grc' dir='ltr'><strong><em>κατεσκευάζομεν.</em></strong></span> 
     </span>
    </p>
   </div>
   <div class='ocr_carea' id='block_1_11' title="bbox 191 2578 1962 2814">
    <p class='ocr_par' dir='ltr' id='par_1_11' title="bbox 191 2571 1962 2814">
     <span class='ocr_line' id='line_1_31' title="bbox 191 2578 1962 2655; baseline 0.001 -18"><span class='ocrx_word' id='word_1_287' title='bbox 191 2580 350 2637; x_wconf 74' lang='grc' dir='ltr'><strong><em>Ἀλλὰ</em></strong></span> <span class='ocrx_word' id='word_1_288' title='bbox 371 2589 428 2638; x_wconf 92' lang='grc' dir='ltr'><strong><em>τί</em></strong></span> <span class='ocrx_word' id='word_1_289' title='bbox 443 2584 583 2654; x_wconf 83' lang='grc' dir='ltr'><strong><em>μήν;</em></strong></span> <span class='ocrx_word' id='word_1_290' title='bbox 623 2589 742 2654; x_wconf 80' lang='grc' dir='ltr'><strong><em>ἔφη.</em></strong></span> <span class='ocrx_word' id='word_1_291' title='bbox 819 2585 1120 2650; x_wconf 80' lang='grc' dir='ltr'><strong><em>Μειζόνως,</em></strong></span> <span class='ocrx_word' id='word_1_292' title='bbox 1140 2578 1211 2655; x_wconf 81' lang='grc' dir='ltr'><strong><em>ἦν</em></strong></span> <span class='ocrx_word' id='word_1_293' title='bbox 1232 2588 1263 2639; x_wconf 87' lang='lat'>6</span> <span class='ocrx_word' id='word_1_294' title='bbox 1272 2583 1284 2600; x_wconf 89' lang='lat'>’</span> <span class='ocrx_word' id='word_1_295' title='bbox 1305 2583 1430 2653; x_wconf 78' lang='grc' dir='ltr'><strong><em>ἐγώ,</em></strong></span> <span class='ocrx_word' id='word_1_296' title='bbox 1461 2581 1561 2652; x_wconf 81' lang='grc' dir='ltr'><strong><em>χρὴ</em></strong></span> <span class='ocrx_word' id='word_1_297' title='bbox 1591 2599 1868 2651; x_wconf 83' lang='grc' dir='ltr'><strong><em>προσαγο-</em></strong></span> <span class='ocrx_word' id='word_1_298' title='bbox 1949 2582 1962 2600; x_wconf 74' lang='grc'><em>’</em></span> 
     </span>
     <span class='ocr_line' id='line_1_32' title="bbox 195 2663 1962 2739; baseline -0.001 -23"><span class='ocrx_word' id='word_1_299' title='bbox 195 2664 383 2731; x_wconf 88' lang='grc' dir='ltr'><strong><em>ρεύειν</em></strong></span> <span class='ocrx_word' id='word_1_300' title='bbox 400 2663 496 2729; x_wconf 77' lang='grc' dir='ltr'><strong><em>τὰς</em></strong></span> <span class='ocrx_word' id='word_1_301' title='bbox 517 2664 706 2730; x_wconf 70' lang='grc' dir='ltr'><strong><em>ἄλλας·</em></strong></span> <span class='ocrx_word' id='word_1_302' title='bbox 739 2666 939 2736; x_wconf 84' lang='grc' dir='ltr'><strong><em>ἕκαστη</em></strong></span> <span class='ocrx_word' id='word_1_303' title='bbox 959 2666 1063 2735; x_wconf 76' lang='grc' dir='ltr'><strong><em>γὰρ</em></strong></span> <span class='ocrx_word' id='word_1_304' title='bbox 1083 2666 1269 2720; x_wconf 86' lang='grc' dir='ltr'><strong><em>αὐτων</em></strong></span> <span class='ocrx_word' id='word_1_305' title='bbox 1280 2665 1477 2728; x_wconf 86' lang='grc' dir='ltr'><strong><em>πόλεις</em></strong></span> <span class='ocrx_word' id='word_1_306' title='bbox 1498 2666 1597 2718; x_wconf 82' lang='grc' dir='ltr'><strong><em>εἰσὶ</em></strong></span> <span class='ocrx_word' id='word_1_307' title='bbox 1614 2664 1867 2732; x_wconf 86' lang='grc' dir='ltr'><strong><em>παμπολ-</em></strong></span> <span class='ocrx_word' id='word_1_308' title='bbox 1947 2711 1962 2739; x_wconf 36' lang='grc' dir='ltr'>ξ</span> 
     </span>
     <span class='ocr_line' id='line_1_33' title="bbox 194 2743 1864 2814; baseline -0.001 -17"><span class='ocrx_word' id='word_1_309' title='bbox 194 2749 299 2814; x_wconf 88' lang='grc' dir='ltr'><strong><em>λαι,</em></strong></span> <span class='ocrx_word' id='word_1_310' title='bbox 341 2743 463 2799; x_wconf 80' lang='grc' dir='ltr'><strong><em>ἀλλ’</em></strong></span> <span class='ocrx_word' id='word_1_311' title='bbox 507 2745 576 2800; x_wconf 84' lang='grc' dir='ltr'><strong><em>οὐ</em></strong></span> <span class='ocrx_word' id='word_1_312' title='bbox 613 2747 788 2812; x_wconf 86' lang='grc' dir='ltr'><strong><em>πόλις,</em></strong></span> <span class='ocrx_word' id='word_1_313' title='bbox 831 2746 891 2801; x_wconf 84' lang='grc' dir='ltr'><strong><em>τὸ</em></strong></span> <span class='ocrx_word' id='word_1_314' title='bbox 935 2770 1048 2802; x_wconf 92' lang='grc' dir='ltr'><strong><em>των</em></strong></span> <span class='ocrx_word' id='word_1_315' title='bbox 1088 2749 1408 2812; x_wconf 83' lang='grc' dir='ltr'><strong><em>παιζόντων.</em></strong></span> <span class='ocrx_word' id='word_1_316' title='bbox 1465 2744 1566 2798; x_wconf 80' lang='grc' dir='ltr'><strong><em>δύο</em></strong></span> <span class='ocrx_word' id='word_1_317' title='bbox 1602 2745 1719 2813; x_wconf 88' lang='grc' dir='ltr'><strong><em>μέν,</em></strong></span> <span class='ocrx_word' id='word_1_318' title='bbox 1759 2765 1864 2797; x_wconf 90' lang='grc' dir='ltr'><strong><em>καν</em></strong></span> 
     </span>
    </p>
   </div>
   <div class='ocr_carea' id='block_1_12' title="bbox 194 2819 1835 2898">
    <p class='ocr_par' dir='ltr' id='par_1_12' title="bbox 194 2819 1835 2898">
     <span class='ocr_line' id='line_1_34' title="bbox 194 2819 1835 2898; baseline 0.001 -21"><span class='ocrx_word' id='word_1_319' title='bbox 194 2819 382 2878; x_wconf 86' lang='grc' dir='ltr'><strong><em>οτιοῦν</em></strong></span> <span class='ocrx_word' id='word_1_320' title='bbox 401 2819 452 2896; x_wconf 80' lang='grc' dir='ltr'><strong><em>ἦ,</em></strong></span> <span class='ocrx_word' id='word_1_321' title='bbox 477 2834 707 2897; x_wconf 88' lang='grc' dir='ltr'><strong><em>πολεμία</em></strong></span> <span class='ocrx_word' id='word_1_322' title='bbox 738 2826 1012 2898; x_wconf 80' lang='grc' dir='ltr'><strong><em>ἀλλήλαις,</em></strong></span> <span class='ocrx_word' id='word_1_323' title='bbox 1043 2826 1076 2898; x_wconf 81' lang='grc' dir='ltr'>ἡ</span> <span class='ocrx_word' id='word_1_324' title='bbox 1108 2849 1209 2897; x_wconf 91' lang='grc' dir='ltr'><strong><em>μεν</em></strong></span> <span class='ocrx_word' id='word_1_325' title='bbox 1239 2827 1507 2895; x_wconf 92' lang='grc' dir='ltr'><strong><em>πενήτων,</em></strong></span> <span class='ocrx_word' id='word_1_326' title='bbox 1541 2824 1573 2895; x_wconf 83' lang='grc' dir='ltr'><em>ἡ</em></span> <span class='ocrx_word' id='word_1_327' title='bbox 1605 2825 1663 2880; x_wconf 79' lang='grc' dir='ltr'><strong><em>δε</em></strong></span> <span class='ocrx_word' id='word_1_328' title='bbox 1692 2832 1835 2879; x_wconf 87' lang='grc' dir='ltr'><strong><em>πλου</em></strong></span> 
     </span>
    </p>
   </div>
   <div class='ocr_carea' id='block_1_13' title="bbox 1938 2469 1962 2835">
    <p class='ocr_par' dir='ltr' id='par_1_13' title="bbox 1941 2469 1962 2828">
     <span class='ocr_line' id='line_1_35' title="bbox 1941 2469 1962 2547; baseline 0 0"><span class='ocrx_word' id='word_1_329' title='bbox 1941 2469 1962 2547; x_wconf 57' lang='grc' dir='ltr'>Ξ</span> 
     </span>
     <span class='ocr_line' id='line_1_36' title="bbox 1946 2603 1962 2661; baseline 0 0"><span class='ocrx_word' id='word_1_330' title='bbox 1946 2603 1962 2661; x_wconf 71' lang='grc' dir='ltr'><em>ἓ</em></span> 
     </span>
     <span class='ocr_line' id='line_1_37' title="bbox 1946 2662 1962 2718; baseline 0 0"><span class='ocrx_word' id='word_1_331' title='bbox 1946 2662 1962 2718; x_wconf 65' lang='lat'><strong><em>&#39;3</em></strong></span> 
     </span>
     <span class='ocr_line' id='line_1_38' title="bbox 1938 2741 1962 2772; baseline 0 0"><span class='ocrx_word' id='word_1_332' title='bbox 1938 2741 1962 2772; x_wconf 66' lang='lat'>2</span> 
     </span>
     <span class='ocr_line' id='line_1_39' title="bbox 1943 2796 1962 2835; baseline 0 -12"><span class='ocrx_word' id='word_1_333' title='bbox 1943 2796 1962 2835; x_wconf 57' lang='grc' dir='ltr'>ι</span> 
     </span>
    </p>
   </div>
   <div class='ocr_carea' id='block_1_14' title="bbox 1937 2906 1962 3016">
    <p class='ocr_par' dir='ltr' id='par_1_14' title="bbox 1937 2906 1962 3016">
     <span class='ocr_line' id='line_1_40' title="bbox 1937 2906 1962 2960; baseline 0 -43"><span class='ocrx_word' id='word_1_334' title='bbox 1937 2906 1962 2960; x_wconf 60' lang='lat'><strong><em>³}</em></strong></span> 
     </span>
     <span class='ocr_line' id='line_1_41' title="bbox 1942 2961 1962 3016; baseline 0 0"><span class='ocrx_word' id='word_1_335' title='bbox 1942 2961 1962 3016; x_wconf 69' lang='grc' dir='ltr'><em>ἓ</em></span> 
     </span>
    </p>
   </div>
   <div class='ocr_carea' id='block_1_15' title="bbox 1933 3029 1962 3083">
    <p class='ocr_par' dir='ltr' id='par_1_15' title="bbox 1933 3029 1962 3083">
     <span class='ocr_line' id='line_1_42' title="bbox 1933 3029 1954 3051; baseline 0 0"><span class='ocrx_word' id='word_1_336' title='bbox 1933 3029 1945 3043; x_wconf 47' lang='grc' dir='ltr'>ἵ</span> <span class='ocrx_word' id='word_1_337' title='bbox 1951 3047 1954 3051; x_wconf 56' lang='grc'><strong><em>,</em></strong></span> 
     </span>
     <span class='ocr_line' id='line_1_43' title="bbox 1944 3057 1962 3072; baseline 0 0"><span class='ocrx_word' id='word_1_338' title='bbox 1944 3057 1962 3072; x_wconf 62' lang='lat'><strong><em>&#39;⁴-</em></strong></span> 
     </span>
     <span class='ocr_line' id='line_1_44' title="bbox 1950 3073 1962 3083; baseline 0 0"><span class='ocrx_word' id='word_1_339' title='bbox 1950 3073 1962 3083; x_wconf 65' lang='grc' dir='ltr'><strong>η</strong></span> 
     </span>
    </p>
   </div>
  </div>
 </body>
</html>
