1962 3236
88 147 168 192 133
295 103 330 138 ⁸
754 137 1057 187 ΜΙΝΩΣ.
1663 134 1761 188 451

80 274 248 346 ὀλίγῳ
269 273 486 330 τούτων
503 277 707 328 πλείω..
728 268 867 328 ἀλλὰ
887 272 1105 327 τούτων
1131 274 1246 325 τῶν
1272 273 1524 341 νομίμων
1544 268 1609 325 τὰ
1642 275 1774 343 βέλ-

78 374 234 412 τιστα
252 354 436 412 πόθεν
461 353 613 426 ἥκει;
638 350 833 414 οἶσθας
1800 358 1835 398 D

219 443 333 495 ET.
371 442 520 492 Φασί
544 433 601 506 γ’
623 437 683 489 ἐκ
702 434 937 505 Κρήτης.

221 523 348 574 ΣΩ.
385 516 616 573 Οὐκοῦν
664 508 819 570 οὗτοι
857 512 1246 578 παλαιοτάτοις
1296 512 1490 584 νόμοις
1534 520 1772 585 χρῶνται

77 607 193 656 τών
213 598 526 671 Ἐλλήνων;

220 689 333 737 ΕΤ.
371 686 497 736 Ναί.

219 767 327 817 XII.
366 767 491 818 252.
533 759 718 817 Οἶσθα
739 753 862 828 οὖν,
884 763 1029 823 τίνες
1047 757 1266 814 τούτων
1296 757 1503 829 ἀγαθοὶ
1532 764 1774 830 βασιλεῖς

75 838 247 915 ἧσανς
283 849 482 908 Μίνως
500 865 556 899 τε
580 844 671 898 καὶ
698 840 1100 912 Ῥαδάμανθυς,
1134 845 1188 896 οἱ
1206 841 1345 905 Διὸς
1374 842 1466 896 καὶ
1493 838 1773 912 Εὐρώπης

76 930 285 996 παῖδες,
305 919 385 982 ὦν
405 930 517 982 οἵδε
538 927 676 981 εἰσὶν
705 927 762 979 οἱ
787 924 964 994 νόμοι.
1154 999 1174 1007 -

221 1014 335 1064 ΕΤ.
369 1006 763 1079 Ῥαδάμανθυν
798 1010 864 1076 γε’
899 1023 1090 1077 φασιν,
1128 1008 1171 1060 ώ
1204 1005 1519 1078 Σώκρατες,
1555 1009 1772 1063 δίκαιον

79 1091 278 1161 ἄνδρα,
299 1089 403 1146 τὸν
422 1092 479 1148 δὲ
492 1098 699 1148 Μίνων
719 1088 919 1160 ἄγριόν
930 1111 1053 1144 τινα
1073 1090 1164 1144 καὶ
1182 1087 1427 1159 χαλεπὸν
1445 1092 1537 1145 καὶ
1556 1089 1770 1146 ἄδικον.

218 1179 345 1228 ΣΩ.
381 1173 646 1241 Ἀττικόν,
687 1167 733 1228 ώ
765 1173 1028 1243 βέλτιστε,
1069 1174 1244 1240 λέγεις
1281 1177 1473 1241 μῦθον
1510 1173 1603 1229 καὶ
1638 1194 1774 1244 τρα-
1802 1185 1838 1227 E

75 1254 253 1325 γικόν.

219 1341 331 1391 ΕΤ.
377 1341 447 1390 Τί
472 1339 588 1398 δαί;
619 1334 688 1390 οὐ
707 1340 880 1389 ταῦτα
910 1336 1124 1404 λέγεται
1143 1337 1269 1404 περὶ
1287 1339 1484 1402 Μίνως

222 1423 347 1473 ΣΩ.
387 1416 618 1472 Οὔκουν
646 1414 759 1472 ὑπό
786 1438 847 1487 γε
870 1414 1116 1487 Ὁμήρου
1145 1418 1236 1473 καὶ
1269 1415 1553 1473 Ἡσιόδου·
1594 1423 1774 1475 καίτοι

75 1522 139 1571 γε
172 1498 556 1568 πιθανώτεροί
581 1503 714 1559 εἰσιν
761 1495 784 1515 ”
813 1498 1129 1569 σύμπαντες
1158 1502 1216 1554 οἰ
1235 1504 1658 1575 τραγῳδοποιοί,
1691 1492 1774 1556 ών

0 1594 1 1609 ’
78 1581 150 1638 σύ
171 1579 399 1637 ἀκούων
419 1588 591 1636 ταῦτα
619 1583 807 1652 λέγεις.

219 1670 333 1720 ΕΤ.
367 1662 526 1720 Ἀλλὰ
547 1669 603 1719 τί
615 1665 728 1735 μὴν
748 1657 904 1719 οὗτοι
927 1665 1051 1733 περὶ
1071 1668 1240 1719 Μίνω
1261 1667 1548 1734 λέγουσινς

221 1751 346 1802 ΣΩ.
381 1743 517 1815 Ἐγώ
537 1746 605 1817 δή
627 1764 715 1801 σοι
734 1748 860 1816 ἐρῶ,
890 1749 982 1801 ἵνα
1013 1744 1086 1816 μὴ
1121 1746 1213 1801 καὶ
1246 1747 1318 1800 σύ
1344 1744 1531 1815 ὥσπερ
1552 1749 1609 1802 οἱ
1633 1754 1772 1804 πολ-

77 1831 162 1885 λοὶ
192 1827 410 1900 άσεβῇς.
450 1825 519 1883 οὐ
547 1825 655 1898 γάρ
687 1826 816 1883 ἔσθ’
851 1826 884 1883 ὅ
914 1850 965 1882 τι
993 1827 1199 1883 τούτου
1226 1826 1594 1900 ἀσεβέστερόν
1623 1831 1772 1886 ἐστιν

77 1907 204 1966 οὐδ’
235 1910 269 1966 6'
298 1933 351 1966 τι
388 1908 490 1982 χρὴ
530 1917 745 1981 μᾶλλον
784 1907 1160 1982 εὐλαβεῖσθαι,
1192 1909 1340 1981 πλὴν
1373 1914 1449 1975 εἰς
1478 1908 1653 1976 θεοὺς
1679 1913 1772 1967 καὶ

77 1992 225 2066 λόγῳ
245 1995 336 2048 καὶ
356 1998 498 2066 ἔργῳ
518 1994 930 2064 ἐξαμαρτάνειν,
958 1993 1223 2063 δεύτερον
1253 1993 1312 2049 δὲ
1331 1998 1407 2059 εἰς
1423 1992 1558 2059 τούς
1577 1999 1773 2060 θείους

75 2074 442 2145 ἀνθρώπους·
486 2074 627 2131 α’λλά
658 2076 812 2131 πάνυ
841 2074 1054 2148 πολλὴν
1083 2075 1185 2148 χρὴ
1214 2076 1567 2147 προμήθειαν
1594 2088 1773 2134 ποιεῖ-

80 2165 217 2212 σθαι
237 2156 340 2227 ἀεί,
372 2156 509 2213 ὅταν
537 2161 736 2230 μέλλῃς
771 2157 951 2226 ἄνδρα
978 2159 1162 2224 ψέξειν
1191 2155 1228 2229 ἢ
1258 2160 1670 2230 ἐπαινέσεσθαι,
1695 2159 1771 2233 μὴ
1799 2168 1888 2215 319

77 2237 182 2295 οὐκ
203 2235 394 2307 ὀρθῶς
413 2247 580 2312 εἴπῃς.
616 2240 822 2296 τούτου
850 2243 942 2296 καὶ
974 2241 1137 2296 ἕνεκα
1166 2239 1268 2312 χρὴ
1298 2242 1615 2312 μανθάνειν
1647 2246 1771 2299 δια-

75 2318 410 2389 γιγνώσκειν
439 2319 706 2391 χρηστούς
733 2324 823 2378 καὶ
848 2322 1132 2394 πονηρούς
1161 2322 1386 2396 ἄνδρας.
1423 2331 1632 2399 νεμεσᾷ
1661 2325 1771 2396 γὰρ

78 2398 108 2456 6
144 2401 298 2470 θεός,
338 2400 476 2456 ὅταν
508 2425 588 2468 τις
624 2405 766 2475 ψέγῃ
801 2402 903 2459 τὸν
931 2405 1111 2478 ἑαυτῷ
1142 2403 1339 2476 ὅμοιον
1369 2402 1405 2476 ἢ
1443 2407 1642 2480 ἐπαινῇ
1670 2405 1772 2463 τόν

77 2484 256 2556 ἑαυτῷ
278 2485 541 2548 ἐναντίως
560 2489 782 2555 ἔχοντα·
820 2489 934 2541 ἔστι
954 2485 1008 2541 δ’
1029 2480 1193 2552 οὗτος
1222 2484 1251 2543 6
1284 2486 1515 2558 ἀγαθός.
1555 2487 1629 2560 μὴ
1658 2488 1770 2560 γάρ

75 2586 160 2619 τοι
181 2572 307 2621 οἷον
326 2570 525 2632 λίθους
549 2566 651 2637 μὲν
684 2566 824 2622 εἶναι
850 2567 1037 2639 ἰερούς
1069 2571 1160 2624 καὶ
1192 2569 1329 2636 ξύλα
1359 2572 1450 2626 καὶ
1479 2569 1649 2640 ὄρνεα
1678 2571 1771 2628 καὶ

75 2647 249 2718 ὄφεις,
288 2647 634 2720 ἀνθρώπους
673 2650 731 2707 δὲ
770 2651 871 2723 μή·
923 2649 1060 2707 ἀλλὰ
1092 2650 1319 2709 πάντων
1355 2651 1571 2710 τούτων
1605 2652 1771 2727 ἱερώ-

72 2731 244 2787 τατόν
274 2734 424 2787 ἐστιν
453 2732 756 2801 ἅνθρωπος
787 2731 816 2787 6
849 2731 1080 2805 ἀγαθός,
1110 2736 1199 2790 καὶ
1229 2733 1579 2807 μιαρώτατον
1607 2732 1637 2792 6
1663 2757 1771 2794 πο-

75 2814 259 2882 ’'node-

1322 2894 1419 2947 29*
