1962 3236
663 170 1148 219 ΠοΛΙΤΕιΑΣ
1174 161 1231 217 δ’.
1690 164 1789 218 117
1838 146 1846 151 ’

114 306 200 359 καὶ
225 309 336 358 τῶν
352 303 668 372 ἐλευθέρων
684 305 1000 373 λεγομένων
1017 303 1078 357 ἐν
1087 312 1200 366 τοῖς
1211 307 1434 366 πολλοῖς
1451 322 1509 356 τε
1530 303 1622 356 καὶ
1643 301 1793 371 φαύ-

113 393 244 449 λοις.
284 387 447 440 Πα’νυ
468 384 571 455 μὲν
589 377 709 439 οὖν.
757 382 867 448 Τὰς
888 385 953 439 δέ
965 404 1031 455 γε
1056 379 1233 448 ἁπλοῖς
1260 404 1318 439 τε
1348 384 1440 438 καὶ
1466 387 1704 454 μετρίας,
1736 387 1796 438 αἳ

114 466 182 535 δὴ
202 464 335 536 μετὰ
358 473 461 521 νοῦ
480 486 538 520 τε
558 465 650 519 καὶ
669 463 830 534 δόξης
849 461 1025 534 ὀρθῆς
1042 470 1284 540 λογισμῷ
1312 463 1560 535 ἄγονται,
1595 466 1655 519 ἐν
1674 461 1793 520 du-

113 569 231 616 γοις
250 568 306 603 τε
326 546 590 611 ἐπιτεύξει
620 546 711 600 καὶ
743 556 855 609 τοῖς
878 546 1130 615 βέλτιστα
1150 546 1251 617 μὲν
1272 551 1428 617 φῦσι,
1457 547 1710 617 βέλτιστα
1733 543 1792 600 δὲ

112 632 509 683 παιδευθεῖσιν.
583 623 807 696 Ἀληθῆ,
852 630 974 697 ἔφη.
1041 625 1270 682 Οὐκοῦν
1307 629 1399 683 καὶ
1441 633 1613 683 ταῦτα
1658 624 1794 699 ὁρᾷς

112 710 308 765 ἐνόντα
326 723 414 763 σοι
432 710 492 762 ἐν
511 712 577 778 τῇ
598 706 775 777 πόλει,
799 708 890 762 καὶ
908 710 1287 778 κρατουμένας
1314 706 1519 764 αὐτόθι
1545 706 1644 772 τάς
1673 710 1793 763 ἐπι-

110 795 316 860 θυμίας
333 787 429 854 τάς
441 791 625 853 ἐντοῖς
643 795 868 854 πολλοῖς
889 809 946 843 τε
968 789 1058 844 καὶ
1083 787 1318 858 φαύλοις
1336 787 1448 844 ὑπό
1466 811 1523 845 τε
1542 795 1655 844 τῶν
1675 790 1795 844 ἐπι-
1843 796 1873 835 D

108 877 336 942 θυμιῶν
347 873 438 926 καὶ
455 877 551 941 τῆς
570 870 895 942 φρονήσεως
910 877 1006 941 τῆς
1022 873 1083 926 ἐν
1101 881 1213 935 τοῖς
1225 868 1476 926 ἐλάττοσί
1489 891 1547 925 τε
1565 871 1655 925 καὶ
1675 872 1793 924 ἐπι-

111 955 461 1023 εικεστέροις;
483 949 705 1021 ”Εγωγ’,
727 955 847 1021 ἔφη.

237 1038 316 1088 lx.
357 1039 428 1089 Εἰ
462 1033 570 1101 ἄρα
608 1036 695 1087 δεῖ
725 1030 849 1087 τινὰ
886 1033 1049 1088 πόλιν
1086 1033 1527 1104 προσαγορεύειν
1564 1035 1792 1100 κρείττω

110 1115 333 1188 ἡδονῶν
364 1136 421 1170 τε
441 1117 531 1170 καὶ
566 1117 879 1185 ἐπιθυμιῶν
908 1116 999 1170 καὶ
1030 1111 1206 1186 αὐτὴν
1238 1113 1425 1186 αὐτῆς,
1461 1115 1553 1169 καὶ
1581 1111 1792 1184 ταύτην

114 1200 470 1267 προσρητέον.
511 1196 840 1251 Παντάπασι
871 1196 973 1266 μὲν
997 1191 1120 1264 οὖν,
1150 1202 1270 1267 ἔφη.
1319 1191 1436 1264 Ἆρ’
1468 1189 1574 1251 οὖν
1603 1192 1672 1250 οὐ
1701 1195 1793 1250 καὶ

111 1278 380 1348 σώφρονα
407 1277 546 1334 κατὰ
578 1278 758 1333 πάντα
787 1285 982 1340 ταύτας
1033 1280 1142 1333 Καὶ
1172 1278 1336 1349 μάλα,
1366 1281 1486 1348 ἔφη.
1545 1279 1653 1332 Καὶ
1681 1275 1793 1348 μὴν

114 1368 266 1429 εἴπερ
287 1354 359 1416 αὖ
380 1362 442 1415 ἐν
461 1359 602 1431 ἄλλῃ
622 1360 780 1416 πόλει
799 1360 832 1431 ἡ
856 1358 991 1431 αὐτὴ
1014 1361 1146 1426 δόξα
1166 1364 1342 1415 ἔνεστι
1353 1371 1465 1424 τοῖς
1483 1381 1541 1414 τε
1561 1359 1793 1430 ἄρχουσι

112 1443 203 1497 καὶ
221 1439 543 1512 ἀρχομένοις
565 1444 689 1512 περὶ
708 1449 810 1498 τοῦ
829 1442 1088 1508 οὕστινας
1109 1446 1196 1498 δεῖ
1207 1442 1412 1513 ἄρχειν,
1433 1443 1524 1497 καὶ
1540 1443 1599 1496 ἐν
1618 1439 1790 1512 ταύτῃ
1819 1456 1852 1496 Ε

113 1518 186 1576 ἀν
206 1529 290 1592 εἴη
309 1529 472 1578 τοῦτο
493 1523 648 1578 ἐνόν·
670 1522 708 1594 ἦ
737 1523 806 1579 ού
835 1527 1012 1590 δοκεῖς
1062 1525 1171 1579 Καὶ
1201 1525 1366 1594 μάλα,
1397 1527 1521 1594 ἔφη,
1554 1520 1789 1593 σφόδρα.

108 1601 197 1660 Ἐν
216 1606 465 1673 ποτέροις
487 1599 595 1660 οὖν
618 1604 812 1677 φήσεις
831 1611 943 1660 τῶν
962 1611 1203 1660 πολιτῶν
1231 1604 1291 1659 τό
1314 1615 1630 1675 σωφρονεῖν
1653 1606 1794 1659 ἐνεῖ-

115 1708 224 1754 ναι,
245 1683 382 1741 ὅταν
403 1684 580 1751 οὕτως
598 1691 813 1757 ἔχωσιν,
835 1689 894 1742 ἐν
913 1699 1024 1752 τοῖς
1043 1685 1310 1757 ἄρχουσιν
1327 1685 1362 1757 ἢ
1393 1689 1454 1742 ἐν
1483 1698 1596 1750 τοῖς
1624 1682 1794 1757 ἀρχο-

113 1770 325 1837 μένοις;
360 1765 448 1822 Ἐν
465 1765 796 1838 ἀμφοτέροις
818 1789 946 1838 που,
968 1772 1091 1838 ἔφη.
1130 1765 1293 1840 Ὁρᾷς
1314 1761 1436 1835 οὖν,
1475 1761 1548 1838 ἦν
1578 1765 1630 1822 δ’
1665 1764 1793 1835 ἐγώ,

115 1846 200 1903 ὅτι
220 1851 470 1914 ἐπιεικῶς
498 1849 913 1921 ἐμαντευόμεθα
937 1848 1077 1919 ἄρτι,
1108 1847 1181 1914 ῶς
1213 1847 1451 1920 ἁρμονίᾳ
1481 1849 1588 1903 τινὶ
1615 1844 1648 1919 ἡ
1683 1862 1798 1902 σω-

116 1931 375 2002 φροσύνη
398 1930 699 2002 ὡμοίωταις
741 1938 807 1988 Τί
824 1931 922 2004 δή;
947 1931 1064 1988 ’Ότι
1083 1929 1183 2002 οὐχ
1202 1930 1386 2000 ὥσπερ
1406 1928 1439 2001 ἡ
1460 1930 1687 1999 ἀνδρεία
1705 1932 1796 1986 καὶ

117 2013 339 2084 ἡσοφία
357 2017 419 2068 ἐν
436 2016 589 2084 μέρει
615 2015 722 2069 τινὶ
754 2014 979 2082 ἑκατέρα
1010 2016 1214 2068 ἐνοῦσα
1242 2010 1275 2083 ἡ
1307 2014 1409 2083 μὲν
1440 2012 1639 2084 σοφήν,
1671 2012 1703 2084 ἡ
1737 2015 1798 2069 δὲ
1823 2024 1911 2070 432

115 2091 382 2164 ἀνδρείαν
399 2094 502 2166 τὴν
521 2094 686 2151 πόλιν
705 2100 1010 2166 παρείχετο,
1031 2091 1131 2164 οὐχ
1154 2093 1302 2149 οὕτω
1322 2092 1633 2166 ποιεῖαῦτη,
1655 2091 1795 2150 ἀλλὰ

15 2182 22 2187 ”
117 2174 193 2231 δι’
214 2175 347 2246 ὅλης
375 2173 613 2247 ἀτεχνῶς
641 2179 873 2247 τέταται,
906 2175 994 2232 διὰ
1026 2183 1221 2232 πασῶν
1250 2177 1596 2248 παρεχομένη
1624 2176 1797 2249 ξυνᾴ-

119 2260 317 2323 δοντας
343 2259 473 2324 τούς
500 2281 557 2315 τε
590 2258 1033 2323 ἀσθενεστάτους
1058 2256 1265 2314 ταύτὸν
1296 2260 1387 2314 καὶ
1410 2257 1542 2323 τοὺς
1572 2262 1796 2329 ἰσχυρο-

119 2338 318 2403 τάτους
343 2342 434 2394 καὶ
468 2338 598 2405 τούς
629 2343 849 2412 μέσους,
887 2346 937 2397 εἰ
969 2342 1071 2412 μὲν
1095 2338 1303 2412 βούλει,
1341 2339 1628 2411 φρονήσει,
1665 2345 1716 2395 εί
1739 2341 1799 2396 δὲ

119 2419 326 2489 βούλει,
348 2421 509 2490 ἰσχύϊ,
532 2426 583 2478 εἰ
598 2426 673 2492 δέ,
695 2425 787 2479 καὶ
806 2423 1008 2494 πλήθει
1028 2419 1062 2493 ἢ
1073 2417 1392 2493 χρήμασινῆ
1410 2420 1558 2494 ἄλλῳ
1579 2418 1797 2495 ὁτῳοῦν

119 2508 231 2556 τῶν
265 2502 557 2558 τοιούτων·
610 2504 745 2559 ὥστε
787 2502 1054 2573 ὀρθότατ’
1093 2499 1166 2557 ἂν
1207 2515 1410 2574 φαῖμεν
1453 2502 1659 2573 ταύτην
1695 2501 1798 2573 τὴν

119 2582 387 2652 ὁμόνοιαν
416 2587 791 2656 σωφροσύνην
826 2584 980 2653 εἶναι,
1022 2584 1270 2655 χείρονός
1297 2605 1356 2639 τε
1385 2586 1476 2639 καὶ
1504 2581 1797 2654 ἀμείνονος

120 2662 257 2718 κατὰ
281 2663 454 2733 φύσιν
474 2669 815 2735 ξυμφωνίαν,
837 2664 1107 2736 ὁπότερον
1127 2669 1213 2720 δεῖ
1226 2663 1414 2735 ἄρχειν
1440 2665 1532 2719 καὶ
1560 2666 1621 2720 ἐν
1639 2662 1797 2720 πόλει

119 2745 209 2798 καὶ
229 2745 290 2799 ἐν
317 2745 395 2798 ἑνὶ
416 2745 640 2819 ἑκάστῳ.
680 2749 845 2802 Πάνυ
866 2768 974 2816 μοι,
997 2751 1118 2817 ἔφη,
1140 2749 1407 2812 ξυνδοκεῖ.
1456 2742 1605 2814 Εἶεν,
1639 2738 1711 2816 ἦν
1739 2745 1793 2801 δ’
1829 2763 1858 2804 Β

120 2826 254 2893 ἐγώ·
300 2825 365 2879 τὰ
386 2829 486 2896 μὲν
506 2833 626 2896 τρία
659 2826 784 2899 ἡμῖν
815 2830 874 2884 ἐν
903 2835 966 2900 τῇ
999 2828 1152 2883 πόλει
1183 2833 1478 2897 κατῶπται,
1502 2825 1576 2891 ῶς
1603 2848 1666 2898 γε
1697 2824 1799 2883 οὑ-

0 3158 39 3236 ἦν’
