1962 3236
248 169 362 222 218
872 172 1345 220 ΠΛΑΤῼΝΟΣ

265 311 424 376 τίμως
457 301 596 359 αύτά
617 308 742 373 ἔχει,
762 301 1017 366 ἀσθενῶς
1047 307 1274 373 ζητεῖται
1295 302 1502 374 χαλεπὰ
1534 303 1685 375 ὄντα,
1712 293 1962 363 §mord-3

262 408 361 442 του
379 407 438 441 τε
460 388 677 440 δέονται
699 386 756 438 οἰ
771 388 1073 455 ζητοῦντες,
1101 383 1239 439 ἄνευ
1261 377 1331 440 οὗ
1351 381 1453 440 οὐκ
1485 380 1556 439 ἂν
1586 384 1828 453 εὕροιεν·
1867 384 1934 441 ὸν
1950 395 1962 453 ’,ζ

258 474 478 538 πρῶτον
498 469 599 537 μὲν
617 466 882 535 γενέσθαι
898 465 1154 535 χαλεπόν,
1176 469 1359 521 ἔπειτα
1386 467 1477 521 καὶ
1507 468 1828 536 γενομένου,
1863 466 1962 532 ω’ςὲ

259 554 367 603 νῦν
392 552 514 618 ἔχει,
534 544 638 602 οὐκ
658 541 728 601 ἀν
751 551 1033 601 πείθοιντο
1055 550 1108 602 οἱ
1126 548 1249 620 περὶ
1275 554 1447 602 ταῦτα
1469 550 1735 618 ζητητικοὶ
1766 569 1937 617 μεγα-

196 643 229 685 C
259 628 718 700 λοφρονούμενοι.
777 631 827 683 εἰ
859 627 918 683 δὲ
954 628 1112 693 πόλις
1155 627 1254 699 ὅλη
1294 631 1679 693 ξυνεπιστατοῖ
1711 623 1962 712 ἐντίμωςξ

261 708 474 780 ἄγουσα
494 706 653 777 αὐτά,
677 702 836 764 οὗτοί
850 730 907 764 τε
928 707 998 765 ἀν
1020 715 1304 765 πείθοιντο
1325 710 1416 765 καὶ
1429 713 1665 780 ξυνεχῶς
1683 731 1739 764 τε
1753 706 1825 765 ἂν
1845 712 1962 787 noel}

259 791 495 856 ἐντόνως
516 790 818 861 ζητούμενα
838 793 1049 861 ἐκφανῆ
1067 793 1279 860 γένοιτο
1299 789 1408 862 ὅπῃ
1433 796 1561 860 ἔχει·
1586 792 1698 845 ἐπεὶ
1718 792 1809 846 καὶ
1827 792 1962 879 νῦν]

258 870 368 928 ὑπὸ
400 879 514 928 τῶν
543 879 764 928 πολλῶν
794 870 1157 943 ἀτιμαζόμενα
1198 875 1289 927 καὶ
1323 872 1683 942 κολουόμενα,
1728 870 1834 926 ὑπὸ
1878 876 1962 928 δὲέ

256 959 368 1008 τῶν
406 955 734 1025 ζητούντων,
766 952 934 1022 λόγον
971 951 1075 1009 οὐκ
1106 951 1344 1022 ἐχόντων
1372 950 1513 1008 καθ’
1539 950 1569 1007 ὅ
1601 974 1651 1006 τι
1679 952 1934 1023 χρήσιμα,

258 1033 404 1105 ὅμως
423 1036 562 1105 πρὸς
591 1033 807 1089 ἅπαντα
834 1039 1004 1089 ταῦτα
1024 1039 1116 1106 βία
1138 1033 1247 1089 ὑπὸ
1268 1034 1485 1104 χάριτος
1506 1033 1813 1102 αὐξάνεται,
1845 1037 1954 1089 καὶ·

187 1131 222 1171 D
259 1113 424 1172 οὐδὲν
447 1114 779 1186 θαυμαστὸν
799 1114 938 1171 αὐτοὶ
959 1122 1215 1186 φανῆναι.
1255 1117 1363 1170 Καὶ
1382 1115 1483 1185 μὲν
1509 1114 1593 1185 δή,
1626 1120 1750 1185 ἔφη,
1780 1115 1842 1169 τό
1872 1082 1962 1184 2¹⁸¹·

257 1200 469 1268 ἐπίχαρι
490 1200 579 1252 καὶ
599 1197 972 1268 διαφερόντως
998 1202 1118 1267 ἔχει.
1158 1195 1297 1252 ἀλλά
1328 1219 1421 1267 μοι
1451 1201 1791 1268 σαφέστερον
1821 1196 1934 1250 εἰπὲ
1951 1194 1962 1290 j

256 1277 292 1333 ὁὶ
314 1286 423 1334 νῦν
441 1279 506 1349 δὴ
530 1284 722 1348 ἔλεγες.
759 1277 862 1349 τὴν
890 1278 991 1348 μὲν
1008 1278 1114 1348 γάρ
1139 1298 1250 1333 που
1266 1283 1366 1332 τοῦ
1392 1279 1651 1332 ἐπιπέδου
1680 1297 1934 1347 πραγμα-
1950 1286 1960 1334 -ξ

254 1365 405 1415 τείαν
423 1368 760 1431 γεωμετρίαν
779 1362 979 1430 ἐτίθης.
1017 1364 1146 1428 Ναί,
1185 1353 1256 1429 ἦν
1286 1357 1337 1413 δ’
1382 1358 1503 1428 ἐγώ.
1542 1358 1677 1414 Εἶτά
1711 1357 1786 1428 γ’,
1807 1337 1962 1428 ἔφηᾸ

255 1439 315 1496 τὸ
338 1444 438 1512 μὲν
455 1447 677 1512 πρῶτον
697 1440 1067 1511 ἀστρονομίαν
1086 1439 1220 1511 μετὰ
1236 1441 1458 1511 ταύτην,
1472 1438 1709 1508 ὕστερον
1729 1437 1781 1494 δ’
1804 1430 1962 1495 ἀνε-

257 1521 520 1593 χώρησας.
561 1521 839 1576 Σπεύδων
874 1522 1001 1593 γάρ,
1042 1527 1200 1592 ἔφην,
1241 1519 1376 1591 ταχυ
1415 1520 1594 1576 πάντα
1633 1523 1932 1586 διεξελθεῖν
1955 1515 1962 1546 ‘¹

255 1610 469 1673 μᾶλλον
505 1602 796 1674 βραδύνω·
853 1604 971 1672 ἑξῆς
1006 1601 1112 1672 γὰρ
1149 1596 1325 1657 οὖσαν
1363 1599 1466 1673 τὴν
1506 1601 1723 1672 βάθους
1766 1594 1962 1680 αὔξης,

257 1688 518 1755 μέθοδον,
541 1683 624 1739 ὅτι
641 1691 708 1756 τῇ
734 1684 946 1755 ζητήσει
964 1689 1190 1755 γελοίως
1202 1687 1324 1755 ἔχει,
1339 1681 1584 1754 ὑπερβὰς
1605 1680 1779 1752 αὐτὴν
1798 1681 1930 1752 μετὰ

199 1791 231 1830 E
259 1771 595 1837 γεωμετρίαν
622 1764 994 1837 ἀστρονομίαν
1026 1771 1232 1837 ἔλεγον,
1271 1763 1456 1835 φορὰν
1485 1759 1663 1820 οὖσαν
1698 1764 1926 1835 βάθους.

251 1845 477 1918 Ὀρθῶς,
499 1851 621 1918 ἔφη,
644 1849 830 1917 λέγεις.
876 1851 1150 1917 Τέταρτον
1176 1853 1384 1916 τοίνυν,
1415 1840 1486 1918 ἦν
1515 1844 1567 1901 δ’
1602 1847 1726 1916 ἐγώ,
1759 1851 1931 1900 τιθῶ-

255 1951 358 1998 μεν
377 1929 612 1999 μάθημα
631 1927 1017 2000 ἀστρονομίαν,
1046 1927 1118 1994 ῶς
1141 1927 1495 1999 ὑπαρχούσης
1513 1935 1606 1998 τῆς
1624 1934 1731 1981 νῦν
1751 1946 1930 1994 παρα-
1950 1909 1962 2014 ξ

257 2013 598 2080 λειπομένης,
637 2009 737 2065 ἐὰν
773 2009 950 2081 αὐτὴν
979 2010 1136 2074 πόλις
1162 2015 1330 2081 μετίῃ.
1371 2008 1555 2078 Εἰκός,
1582 2001 1619 2076 ἦ
1643 2004 1694 2060 δ’
1730 2005 1814 2069 ὅς·
1841 2007 1926 2059 καὶ
1954 2013 1962 2069 ἶ

255 2090 366 2161 ὅγε
389 2098 496 2145 νῦν
527 2091 594 2159 δή
623 2113 732 2160 μοι,
763 2085 807 2144 ῶ
835 2090 1147 2158 Σώκρατες,
1184 2093 1482 2159 ἐπέπληξας
1507 2089 1631 2159 περὶ
1662 2078 1962 2157 dameam-‘⁴'

255 2176 380 2242 μίας
402 2168 475 2236 ὡς
494 2177 772 2240 φορτικῶς
789 2172 1122 2239 ἐπαινοῦντι,
1142 2177 1251 2225 νῦν
1278 2165 1313 2240 ᾗ
1343 2168 1414 2224 σύ
1434 2171 1676 2239 μετέρχει
1705 2171 1927 2223 ἐπαινῶ.

135 2275 224 2317 52³]
257 2255 419 2307 παντὶ
446 2252 551 2321 γάρ
572 2273 665 2321 μοι
685 2256 839 2307 δοκεῖ
854 2253 1040 2323 δῆλον,
1064 2252 1147 2307 ὅτι
1167 2251 1306 2322 αὕτη
1335 2274 1397 2322 γε
1430 2250 1719 2320 ἀναγκάζει
1748 2247 1945 2319 ψυχὴν

257 2338 333 2398 εἰς
351 2331 411 2388 τὸ
431 2333 548 2388 ἄνω
574 2331 715 2405 ὁρᾷν
733 2335 822 2389 καὶ
853 2332 960 2389 ἀπὸ
981 2341 1094 2389 τῶν
1119 2335 1350 2389 ἐνθένδε
1379 2336 1549 2387 ἐκεῖσε
1578 2331 1711 2401 ἄγει.
1757 2331 1941 2399 Ἴσως,

254 2408 329 2484 ἦν
351 2413 405 2469 δ’
420 2414 544 2484 ἐγώ,
565 2416 726 2469 παντὶ
747 2418 916 2484 δῆλον
936 2413 1080 2484 πλὴν
1100 2418 1241 2484 ἐμοί·
1282 2416 1399 2484 ἐμοὶ
1416 2411 1523 2483 γὰρ
1553 2412 1621 2468 οὐ
1652 2416 1807 2467 δοκεῖ
1831 2410 1931 2466 οὕ-

256 2517 376 2560 τως.
409 2493 572 2551 Ἀλλά
591 2502 731 2561 πῶς;
753 2500 874 2566 ἔφη.
904 2494 998 2560 Ὡς
1020 2498 1120 2566 μὲν
1139 2501 1247 2551 νῦν
1267 2492 1444 2564 αὐτὴν
1473 2497 1927 2564 μεταχειρίζονται

257 2578 313 2631 οἱ
328 2581 404 2641 είς
423 2582 762 2648 φιλοσοφίαν
782 2577 1098 2648 ἀνάγοντες,
1131 2577 1282 2631 πάνυ
1310 2587 1488 2631 ποιεῖν
1515 2575 1660 2631 κάτω
1689 2577 1939 2645 βλέπειν..

252 2662 400 2729 Πῶς,
423 2663 545 2729 ἔφη,
567 2661 761 2728 λέγεις;
786 2657 906 2713 Οὐκ
932 2658 1177 2728 ἀγεννῶς
1195 2680 1287 2728 μοι
1308 2661 1499 2726 δοκεῖς,
1519 2650 1590 2724 ἦν
1609 2653 1660 2709 δ’
1683 2653 1808 2724 ἐγώ,
1830 2654 1930 2724 τὴν

254 2738 459 2807 περὶτὰ
481 2739 595 2794 ἄνω
616 2740 864 2810 μάθησιν
885 2739 1185 2811 λαμβάνειν
1203 2737 1351 2810 παρὰ
1377 2742 1559 2805 σαυτῷ
1581 2733 1616 2804 ἥ
1636 2736 1745 2790 ἐστι
1760 2755 1772 2767 ·
1811 2758 1928 2795 κιν-

189 2840 219 2879 53
257 2820 504 2884 δυνεύεις
535 2821 655 2891 γάρ,
679 2823 769 2876 καὶ
803 2829 857 2877 εἴ
877 2843 956 2885 τις
985 2823 1043 2876 ἐν
1073 2817 1257 2891 ὀροφῇ
1285 2822 1610 2887 ποικίλματα
1646 2814 1928 2889 θεώμενος
