<?xml version="1.0" encoding="UTF-8"?>
<!DOCTYPE html PUBLIC "-//W3C//DTD XHTML 1.0 Transitional//EN"
    "http://www.w3.org/TR/xhtml1/DTD/xhtml1-transitional.dtd">
<html xmlns="http://www.w3.org/1999/xhtml" xml:lang="en" lang="en">
 <head>
  <title>
</title>
<meta http-equiv="Content-Type" content="text/html;charset=utf-8" />
  <meta name='ocr-system' content='tesseract 3.04.00' />
  <meta name='ocr-capabilities' content='ocr_page ocr_carea ocr_par ocr_line ocrx_word'/>
</head>
<body>
  <div class='ocr_page' id='page_1' title='image "./dialogisecumdumt04platuoft_0349.png"; bbox 0 0 1962 3236; ppageno 0'>
   <div class='ocr_carea' id='block_1_1' title="bbox 5 278 26 316">
    <p class='ocr_par' dir='ltr' id='par_1_1' title="bbox 5 278 26 316">
     <span class='ocr_line' id='line_1_1' title="bbox 5 278 26 316; baseline 0 0"><span class='ocrx_word' id='word_1_1' title='bbox 5 278 26 316; x_wconf 71' lang='grc' dir='ltr'>Ξ</span> 
     </span>
    </p>
   </div>
   <div class='ocr_carea' id='block_1_2' title="bbox 0 325 29 387">
    <p class='ocr_par' dir='ltr' id='par_1_2' title="bbox 0 325 29 387">
     <span class='ocr_line' id='line_1_2' title="bbox 0 325 29 387; baseline 0 0"><span class='ocrx_word' id='word_1_2' title='bbox 0 325 29 387; x_wconf 62' lang='grc' dir='ltr'><strong>ἰ</strong></span> 
     </span>
    </p>
   </div>
   <div class='ocr_carea' id='block_1_3' title="bbox 0 642 10 678">
    <p class='ocr_par' dir='ltr' id='par_1_3' title="bbox 0 642 10 678">
     <span class='ocr_line' id='line_1_3' title="bbox 0 642 10 678; baseline 0 0"><span class='ocrx_word' id='word_1_3' title='bbox 0 642 10 678; x_wconf 77' lang='grc' dir='ltr'>Ξ</span> 
     </span>
    </p>
   </div>
   <div class='ocr_carea' id='block_1_4' title="bbox 123 0 988 50">
    <p class='ocr_par' dir='ltr' id='par_1_4' title="bbox 123 0 988 50">
     <span class='ocr_line' id='line_1_4' title="bbox 123 0 988 33; baseline 0.003 -8"><span class='ocrx_word' id='word_1_4' title='bbox 123 13 126 17; x_wconf 87' lang='lat'><em>-</em></span> <span class='ocrx_word' id='word_1_5' title='bbox 175 0 291 33; x_wconf 52' lang='lat' dir='ltr'><strong><em>:qa-*v</em></strong></span> <span class='ocrx_word' id='word_1_6' title='bbox 309 0 730 32; x_wconf 43' lang='grc' dir='ltr'><strong><em>«ν’,ττῑ-νζῖῑθ·</em></strong></span> <span class='ocrx_word' id='word_1_7' title='bbox 751 0 787 21; x_wconf 55' lang='lat' dir='ltr'><strong><em>*x</em></strong></span> <span class='ocrx_word' id='word_1_8' title='bbox 804 0 825 23; x_wconf 66' lang='grc' dir='ltr'><strong><em>ι·</em></strong></span> <span class='ocrx_word' id='word_1_9' title='bbox 884 3 893 10; x_wconf 54' lang='lat'>1</span> <span class='ocrx_word' id='word_1_10' title='bbox 979 4 988 12; x_wconf 79' lang='grc'><em>·</em></span> 
     </span>
     <span class='ocr_line' id='line_1_5' title="bbox 205 28 635 50; baseline 0.012 0"><span class='ocrx_word' id='word_1_11' title='bbox 205 47 210 50; x_wconf 90' lang='grc'>.</span> <span class='ocrx_word' id='word_1_12' title='bbox 236 28 283 40; x_wconf 56' lang='lat'><strong><em>‘⁶‘</em></strong></span> <span class='ocrx_word' id='word_1_13' title='bbox 570 30 583 38; x_wconf 53' lang='grc'><strong><em>’</em></strong></span> <span class='ocrx_word' id='word_1_14' title='bbox 612 30 635 39; x_wconf 53' lang='lat'><strong><em>⁸⁴</em></strong></span> 
     </span>
    </p>
   </div>
   <div class='ocr_carea' id='block_1_5' title="bbox 298 42 342 51">
    <p class='ocr_par' dir='ltr' id='par_1_5' title="bbox 298 42 342 51">
     <span class='ocr_line' id='line_1_6' title="bbox 298 42 342 51; baseline -0.023 0"><span class='ocrx_word' id='word_1_15' title='bbox 298 46 303 51; x_wconf 74' lang='grc'><strong>.</strong></span> <span class='ocrx_word' id='word_1_16' title='bbox 318 42 342 50; x_wconf 57' lang='lat' dir='ltr'><strong>v</strong></span> 
     </span>
    </p>
   </div>
   <div class='ocr_carea' id='block_1_6' title="bbox 649 151 1834 217">
    <p class='ocr_par' dir='ltr' id='par_1_6' title="bbox 649 151 1834 217">
     <span class='ocr_line' id='line_1_7' title="bbox 649 151 1834 217; baseline 0.004 -5"><span class='ocrx_word' id='word_1_17' title='bbox 649 151 1139 214; x_wconf 67' lang='grc' dir='ltr'><em>ΠΟΛΙΤΕΙΑΣ</em></span> <span class='ocrx_word' id='word_1_18' title='bbox 1174 155 1233 212; x_wconf 73' lang='grc' dir='ltr'><strong><em>ι’.</em></strong></span> <span class='ocrx_word' id='word_1_19' title='bbox 1667 163 1775 216; x_wconf 83' lang='lat'><strong><em>313</em></strong></span> <span class='ocrx_word' id='word_1_20' title='bbox 1831 214 1834 217; x_wconf 86' lang='grc'><strong><em>,</em></strong></span> 
     </span>
    </p>
   </div>
   <div class='ocr_carea' id='block_1_7' title="bbox 77 294 1837 696">
    <p class='ocr_par' dir='ltr' id='par_1_7' title="bbox 77 294 1837 696">
     <span class='ocr_line' id='line_1_8' title="bbox 77 294 1773 372; baseline -0.001 -17"><span class='ocrx_word' id='word_1_21' title='bbox 77 300 460 372; x_wconf 74' lang='grc' dir='ltr'><strong><em>ἐξεγλυμμένῳ</em></strong></span> <span class='ocrx_word' id='word_1_22' title='bbox 481 295 773 368; x_wconf 72' lang='grc' dir='ltr'><strong><em>διαμπερὲς</em></strong></span> <span class='ocrx_word' id='word_1_23' title='bbox 790 296 956 362; x_wconf 78' lang='grc' dir='ltr'><strong><em>ἄλλος</em></strong></span> <span class='ocrx_word' id='word_1_24' title='bbox 981 302 1230 361; x_wconf 82' lang='grc' dir='ltr'><strong><em>τοιοῦτος</em></strong></span> <span class='ocrx_word' id='word_1_25' title='bbox 1262 294 1501 354; x_wconf 78' lang='grc' dir='ltr'><strong><em>ἐλάττων</em></strong></span> <span class='ocrx_word' id='word_1_26' title='bbox 1529 297 1773 367; x_wconf 77' lang='grc' dir='ltr'><strong><em>ἐγκέοιτο</em></strong></span> 
     </span>
     <span class='ocr_line' id='line_1_9' title="bbox 79 372 1770 451; baseline 0.001 -18"><span class='ocrx_word' id='word_1_27' title='bbox 79 377 387 451; x_wconf 79' lang='grc' dir='ltr'><strong><em>ἁρμόττων,</em></strong></span> <span class='ocrx_word' id='word_1_28' title='bbox 408 377 665 446; x_wconf 84' lang='grc' dir='ltr'><strong><em>καθάπερ</em></strong></span> <span class='ocrx_word' id='word_1_29' title='bbox 678 381 737 432; x_wconf 79' lang='grc' dir='ltr'><strong><em>οἱ</em></strong></span> <span class='ocrx_word' id='word_1_30' title='bbox 750 376 911 432; x_wconf 87' lang='grc' dir='ltr'><strong><em>κάδοι</em></strong></span> <span class='ocrx_word' id='word_1_31' title='bbox 930 379 986 432; x_wconf 82' lang='grc' dir='ltr'><strong><em>οἱ</em></strong></span> <span class='ocrx_word' id='word_1_32' title='bbox 1004 381 1080 441; x_wconf 81' lang='grc' dir='ltr'><strong><em>εἰς</em></strong></span> <span class='ocrx_word' id='word_1_33' title='bbox 1097 372 1370 448; x_wconf 79' lang='grc' dir='ltr'><strong><em>ἀλλήλους</em></strong></span> <span class='ocrx_word' id='word_1_34' title='bbox 1389 373 1770 448; x_wconf 80' lang='grc' dir='ltr'><strong><em>ἁρμόττοντες·</em></strong></span> 
     </span>
     <span class='ocr_line' id='line_1_10' title="bbox 80 456 1771 532; baseline 0.001 -17"><span class='ocrx_word' id='word_1_35' title='bbox 80 462 170 515; x_wconf 88' lang='grc' dir='ltr'><strong><em>καὶ</em></strong></span> <span class='ocrx_word' id='word_1_36' title='bbox 191 460 340 516; x_wconf 83' lang='grc' dir='ltr'><strong><em>οὕτω</em></strong></span> <span class='ocrx_word' id='word_1_37' title='bbox 361 459 427 532; x_wconf 85' lang='grc' dir='ltr'><strong><em>δὴ</em></strong></span> <span class='ocrx_word' id='word_1_38' title='bbox 455 464 644 531; x_wconf 87' lang='grc' dir='ltr'><strong><em>τρίτον</em></strong></span> <span class='ocrx_word' id='word_1_39' title='bbox 661 457 832 514; x_wconf 77' lang='grc' dir='ltr'><strong><em>ἄλλον</em></strong></span> <span class='ocrx_word' id='word_1_40' title='bbox 859 459 951 514; x_wconf 88' lang='grc' dir='ltr'><strong><em>καὶ</em></strong></span> <span class='ocrx_word' id='word_1_41' title='bbox 968 459 1230 528; x_wconf 84' lang='grc' dir='ltr'><strong><em>τέταρτον</em></strong></span> <span class='ocrx_word' id='word_1_42' title='bbox 1248 458 1339 514; x_wconf 87' lang='grc' dir='ltr'><strong><em>καὶ</em></strong></span> <span class='ocrx_word' id='word_1_43' title='bbox 1358 456 1564 525; x_wconf 75' lang='grc' dir='ltr'><strong><em>ἄλλους</em></strong></span> <span class='ocrx_word' id='word_1_44' title='bbox 1582 461 1771 516; x_wconf 86' lang='grc' dir='ltr'><strong><em>τέττα-</em></strong></span> 
     </span>
     <span class='ocr_line' id='line_1_11' title="bbox 78 540 1771 614; baseline 0.001 -16"><span class='ocrx_word' id='word_1_45' title='bbox 78 565 194 613; x_wconf 89' lang='grc' dir='ltr'><strong><em>ρας.</em></strong></span> <span class='ocrx_word' id='word_1_46' title='bbox 235 542 378 599; x_wconf 78' lang='grc' dir='ltr'><strong><em>ὀκτῶ</em></strong></span> <span class='ocrx_word' id='word_1_47' title='bbox 398 541 508 614; x_wconf 81' lang='grc' dir='ltr'><strong><em>γὰρ</em></strong></span> <span class='ocrx_word' id='word_1_48' title='bbox 537 542 677 598; x_wconf 83' lang='grc' dir='ltr'><strong><em>εἶναι</em></strong></span> <span class='ocrx_word' id='word_1_49' title='bbox 704 540 834 605; x_wconf 78' lang='grc' dir='ltr'><strong><em>τοὺς</em></strong></span> <span class='ocrx_word' id='word_1_50' title='bbox 853 540 1171 611; x_wconf 83' lang='grc' dir='ltr'><strong><em>ξύμπαντας</em></strong></span> <span class='ocrx_word' id='word_1_51' title='bbox 1190 541 1564 613; x_wconf 80' lang='grc' dir='ltr'><strong><em>σφονδύλους,</em></strong></span> <span class='ocrx_word' id='word_1_52' title='bbox 1586 544 1646 599; x_wconf 85' lang='grc' dir='ltr'><strong><em>ἐν</em></strong></span> <span class='ocrx_word' id='word_1_53' title='bbox 1670 542 1771 599; x_wconf 83' lang='grc' dir='ltr'><strong><em>άλ-</em></strong></span> 
     </span>
     <span class='ocr_line' id='line_1_12' title="bbox 77 621 1837 696; baseline 0.001 -16"><span class='ocrx_word' id='word_1_54' title='bbox 77 625 264 696; x_wconf 86' lang='grc' dir='ltr'><strong><em>λήλοις</em></strong></span> <span class='ocrx_word' id='word_1_55' title='bbox 282 627 646 695; x_wconf 82' lang='grc' dir='ltr'><strong><em>ἐγκειμένους,</em></strong></span> <span class='ocrx_word' id='word_1_56' title='bbox 674 621 919 687; x_wconf 82' lang='grc' dir='ltr'><strong><em>κύκλους</em></strong></span> <span class='ocrx_word' id='word_1_57' title='bbox 937 621 1163 678; x_wconf 80' lang='grc' dir='ltr'><strong><em>ἄνωθεν</em></strong></span> <span class='ocrx_word' id='word_1_58' title='bbox 1181 622 1249 678; x_wconf 77' lang='grc' dir='ltr'><strong><em>τὰ</em></strong></span> <span class='ocrx_word' id='word_1_59' title='bbox 1277 628 1426 696; x_wconf 87' lang='grc' dir='ltr'><strong><em>χείλη</em></strong></span> <span class='ocrx_word' id='word_1_60' title='bbox 1447 630 1770 696; x_wconf 82' lang='grc' dir='ltr'><strong><em>φαίνοντας,</em></strong></span> <span class='ocrx_word' id='word_1_61' title='bbox 1799 642 1837 683; x_wconf 74' lang='lat' dir='ltr'><strong><em>Et</em></strong></span> 
     </span>
    </p>
   </div>
   <div class='ocr_carea' id='block_1_8' title="bbox 0 701 1770 779">
    <p class='ocr_par' dir='ltr' id='par_1_8' title="bbox 0 701 1770 779">
     <span class='ocr_line' id='line_1_13' title="bbox 0 701 1770 779; baseline 0.003 -21"><span class='ocrx_word' id='word_1_62' title='bbox 0 703 6 758; x_wconf 72' lang='lat' dir='ltr'>s</span> <span class='ocrx_word' id='word_1_63' title='bbox 80 714 260 762; x_wconf 87' lang='grc' dir='ltr'><strong><em>νῶτον</em></strong></span> <span class='ocrx_word' id='word_1_64' title='bbox 280 706 504 776; x_wconf 81' lang='grc' dir='ltr'><strong><em>συνεχὲς</em></strong></span> <span class='ocrx_word' id='word_1_65' title='bbox 524 703 650 769; x_wconf 84' lang='grc' dir='ltr'><strong><em>ἑνὸς</em></strong></span> <span class='ocrx_word' id='word_1_66' title='bbox 669 704 996 775; x_wconf 80' lang='grc' dir='ltr'><strong><em>σφονδύλου</em></strong></span> <span class='ocrx_word' id='word_1_67' title='bbox 1024 701 1504 776; x_wconf 75' lang='grc' dir='ltr'><strong><em>ἀπεργαζομένους</em></strong></span> <span class='ocrx_word' id='word_1_68' title='bbox 1521 709 1646 778; x_wconf 82' lang='grc' dir='ltr'><strong><em>περὶ</em></strong></span> <span class='ocrx_word' id='word_1_69' title='bbox 1666 707 1770 779; x_wconf 86' lang='grc' dir='ltr'><strong><em>τὴν</em></strong></span> 
     </span>
    </p>
   </div>
   <div class='ocr_carea' id='block_1_9' title="bbox 71 784 1888 2898">
    <p class='ocr_par' dir='ltr' id='par_1_9' title="bbox 76 784 1773 1346">
     <span class='ocr_line' id='line_1_14' title="bbox 78 784 1770 860; baseline 0.001 -17"><span class='ocrx_word' id='word_1_70' title='bbox 78 787 384 860; x_wconf 77' lang='grc' dir='ltr'><strong><em>ἠλακάτην·</em></strong></span> <span class='ocrx_word' id='word_1_71' title='bbox 425 790 643 857; x_wconf 80' lang='grc' dir='ltr'><strong><em>ἐκείνην</em></strong></span> <span class='ocrx_word' id='word_1_72' title='bbox 678 786 736 842; x_wconf 76' lang='grc' dir='ltr'><strong><em>δὲ</em></strong></span> <span class='ocrx_word' id='word_1_73' title='bbox 769 784 859 841; x_wconf 81' lang='grc' dir='ltr'><strong><em>διὰ</em></strong></span> <span class='ocrx_word' id='word_1_74' title='bbox 896 787 1069 856; x_wconf 90' lang='grc' dir='ltr'><strong><em>μέσου</em></strong></span> <span class='ocrx_word' id='word_1_75' title='bbox 1105 793 1207 841; x_wconf 84' lang='grc' dir='ltr'><strong><em>τοῦ</em></strong></span> <span class='ocrx_word' id='word_1_76' title='bbox 1231 784 1439 857; x_wconf 79' lang='grc' dir='ltr'><strong><em>ὀγδόου</em></strong></span> <span class='ocrx_word' id='word_1_77' title='bbox 1475 792 1770 860; x_wconf 80' lang='grc' dir='ltr'><strong><em>διαμπερὲς</em></strong></span> 
     </span>
     <span class='ocr_line' id='line_1_15' title="bbox 78 862 1768 941; baseline 0 -16"><span class='ocrx_word' id='word_1_78' title='bbox 78 870 396 941; x_wconf 80' lang='grc' dir='ltr'><strong><em>ἐληλάσθαι.</em></strong></span> <span class='ocrx_word' id='word_1_79' title='bbox 436 866 535 924; x_wconf 85' lang='grc' dir='ltr'><strong><em>τὸν</em></strong></span> <span class='ocrx_word' id='word_1_80' title='bbox 556 871 659 939; x_wconf 82' lang='grc' dir='ltr'><strong><em>μὲν</em></strong></span> <span class='ocrx_word' id='word_1_81' title='bbox 683 862 789 923; x_wconf 78' lang='grc' dir='ltr'><strong><em>οὖν</em></strong></span> <span class='ocrx_word' id='word_1_82' title='bbox 809 868 1035 939; x_wconf 84' lang='grc' dir='ltr'><strong><em>πρῶτόν</em></strong></span> <span class='ocrx_word' id='word_1_83' title='bbox 1053 889 1110 923; x_wconf 89' lang='grc' dir='ltr'><strong><em>τε</em></strong></span> <span class='ocrx_word' id='word_1_84' title='bbox 1133 871 1224 923; x_wconf 81' lang='grc' dir='ltr'><strong><em>καὶ</em></strong></span> <span class='ocrx_word' id='word_1_85' title='bbox 1243 869 1492 935; x_wconf 80' lang='grc' dir='ltr'><strong><em>ἐξωτάτω</em></strong></span> <span class='ocrx_word' id='word_1_86' title='bbox 1513 870 1768 940; x_wconf 88' lang='grc' dir='ltr'><strong><em>σφόνδυ-</em></strong></span> 
     </span>
     <span class='ocr_line' id='line_1_16' title="bbox 78 948 1771 1020; baseline 0 -15"><span class='ocrx_word' id='word_1_87' title='bbox 78 957 179 1006; x_wconf 86' lang='grc' dir='ltr'><strong><em>λον</em></strong></span> <span class='ocrx_word' id='word_1_88' title='bbox 193 950 540 1006; x_wconf 82' lang='grc' dir='ltr'><strong><em>πλατύτατον</em></strong></span> <span class='ocrx_word' id='word_1_89' title='bbox 558 948 658 1005; x_wconf 87' lang='grc' dir='ltr'><strong><em>τὸν</em></strong></span> <span class='ocrx_word' id='word_1_90' title='bbox 677 955 778 1004; x_wconf 88' lang='grc' dir='ltr'><strong><em>τοῦ</em></strong></span> <span class='ocrx_word' id='word_1_91' title='bbox 795 954 1011 1019; x_wconf 82' lang='grc' dir='ltr'><strong><em>χείλους</em></strong></span> <span class='ocrx_word' id='word_1_92' title='bbox 1037 949 1249 1006; x_wconf 86' lang='grc' dir='ltr'><strong><em>κύκλον</em></strong></span> <span class='ocrx_word' id='word_1_93' title='bbox 1274 954 1434 1020; x_wconf 84' lang='grc' dir='ltr'><strong><em>ἔχειν,</em></strong></span> <span class='ocrx_word' id='word_1_94' title='bbox 1455 948 1556 1006; x_wconf 83' lang='grc' dir='ltr'><strong><em>τὸν</em></strong></span> <span class='ocrx_word' id='word_1_95' title='bbox 1582 953 1642 1006; x_wconf 79' lang='grc' dir='ltr'><strong><em>δὲ</em></strong></span> <span class='ocrx_word' id='word_1_96' title='bbox 1668 957 1771 1007; x_wconf 84' lang='grc' dir='ltr'><strong><em>τοῦ</em></strong></span> 
     </span>
     <span class='ocr_line' id='line_1_17' title="bbox 77 1031 1773 1104; baseline 0.001 -17"><span class='ocrx_word' id='word_1_97' title='bbox 77 1033 243 1087; x_wconf 83' lang='grc' dir='ltr'><strong><em>ἕκτου</em></strong></span> <span class='ocrx_word' id='word_1_98' title='bbox 263 1032 554 1102; x_wconf 88' lang='grc' dir='ltr'><strong><em>δεύτερον,</em></strong></span> <span class='ocrx_word' id='word_1_99' title='bbox 593 1037 779 1102; x_wconf 89' lang='grc' dir='ltr'><strong><em>τρίτον</em></strong></span> <span class='ocrx_word' id='word_1_100' title='bbox 809 1032 867 1087; x_wconf 82' lang='grc' dir='ltr'><strong><em>δὲ</em></strong></span> <span class='ocrx_word' id='word_1_101' title='bbox 888 1031 986 1087; x_wconf 84' lang='grc' dir='ltr'><strong><em>τὸν</em></strong></span> <span class='ocrx_word' id='word_1_102' title='bbox 1004 1037 1107 1087; x_wconf 83' lang='grc' dir='ltr'><strong><em>τοῦ</em></strong></span> <span class='ocrx_word' id='word_1_103' title='bbox 1126 1031 1411 1104; x_wconf 88' lang='grc' dir='ltr'><strong><em>τετάρτου,</em></strong></span> <span class='ocrx_word' id='word_1_104' title='bbox 1431 1034 1692 1103; x_wconf 88' lang='grc' dir='ltr'><strong><em>τέταρτον</em></strong></span> <span class='ocrx_word' id='word_1_105' title='bbox 1713 1033 1773 1088; x_wconf 77' lang='grc' dir='ltr'><strong><em>δὲ</em></strong></span> 
     </span>
     <span class='ocr_line' id='line_1_18' title="bbox 79 1110 1773 1184; baseline 0 -16"><span class='ocrx_word' id='word_1_106' title='bbox 79 1113 181 1168; x_wconf 84' lang='grc' dir='ltr'><strong><em>τὸν</em></strong></span> <span class='ocrx_word' id='word_1_107' title='bbox 199 1118 303 1167; x_wconf 88' lang='grc' dir='ltr'><strong><em>τοῦ</em></strong></span> <span class='ocrx_word' id='word_1_108' title='bbox 324 1111 552 1182; x_wconf 86' lang='grc' dir='ltr'><strong><em>ὀγδόου,</em></strong></span> <span class='ocrx_word' id='word_1_109' title='bbox 586 1115 835 1182; x_wconf 88' lang='grc' dir='ltr'><strong><em>πέμπτον</em></strong></span> <span class='ocrx_word' id='word_1_110' title='bbox 866 1113 927 1168; x_wconf 79' lang='grc' dir='ltr'><strong><em>δὲ</em></strong></span> <span class='ocrx_word' id='word_1_111' title='bbox 963 1110 1063 1168; x_wconf 82' lang='grc' dir='ltr'><strong><em>τὸν</em></strong></span> <span class='ocrx_word' id='word_1_112' title='bbox 1094 1118 1197 1168; x_wconf 84' lang='grc' dir='ltr'><strong><em>τοῦ</em></strong></span> <span class='ocrx_word' id='word_1_113' title='bbox 1225 1112 1487 1184; x_wconf 82' lang='grc' dir='ltr'><strong><em>ἑβδόμου,</em></strong></span> <span class='ocrx_word' id='word_1_114' title='bbox 1517 1115 1678 1168; x_wconf 79' lang='grc' dir='ltr'><strong><em>ἕκτον</em></strong></span> <span class='ocrx_word' id='word_1_115' title='bbox 1713 1115 1773 1169; x_wconf 80' lang='grc' dir='ltr'><strong><em>δὲ</em></strong></span> 
     </span>
     <span class='ocr_line' id='line_1_19' title="bbox 77 1192 1772 1265; baseline 0.002 -16"><span class='ocrx_word' id='word_1_116' title='bbox 77 1192 176 1249; x_wconf 85' lang='grc' dir='ltr'><strong><em>τὸν</em></strong></span> <span class='ocrx_word' id='word_1_117' title='bbox 194 1198 298 1248; x_wconf 86' lang='grc' dir='ltr'><strong><em>τοῦ</em></strong></span> <span class='ocrx_word' id='word_1_118' title='bbox 327 1195 597 1263; x_wconf 85' lang='grc' dir='ltr'><strong><em>πέμπτου,</em></strong></span> <span class='ocrx_word' id='word_1_119' title='bbox 627 1193 870 1263; x_wconf 83' lang='grc' dir='ltr'><strong><em>ἕβδομον</em></strong></span> <span class='ocrx_word' id='word_1_120' title='bbox 892 1194 951 1249; x_wconf 78' lang='grc' dir='ltr'><strong><em>δὲ</em></strong></span> <span class='ocrx_word' id='word_1_121' title='bbox 980 1194 1079 1249; x_wconf 88' lang='grc' dir='ltr'><strong><em>τὸν</em></strong></span> <span class='ocrx_word' id='word_1_122' title='bbox 1102 1202 1204 1250; x_wconf 83' lang='grc' dir='ltr'><strong><em>τοῦ</em></strong></span> <span class='ocrx_word' id='word_1_123' title='bbox 1232 1200 1439 1265; x_wconf 90' lang='grc' dir='ltr'><strong><em>τρίτου,</em></strong></span> <span class='ocrx_word' id='word_1_124' title='bbox 1478 1194 1684 1265; x_wconf 77' lang='grc' dir='ltr'><strong><em>ὄγδοον</em></strong></span> <span class='ocrx_word' id='word_1_125' title='bbox 1713 1195 1772 1252; x_wconf 76' lang='grc' dir='ltr'><strong><em>δὲ</em></strong></span> 
     </span>
     <span class='ocr_line' id='line_1_20' title="bbox 76 1272 1772 1346; baseline 0.001 -15"><span class='ocrx_word' id='word_1_126' title='bbox 76 1275 176 1331; x_wconf 84' lang='grc' dir='ltr'><strong><em>τὸν</em></strong></span> <span class='ocrx_word' id='word_1_127' title='bbox 195 1280 299 1330; x_wconf 86' lang='grc' dir='ltr'><strong><em>τοῦ</em></strong></span> <span class='ocrx_word' id='word_1_128' title='bbox 321 1275 601 1345; x_wconf 81' lang='grc' dir='ltr'><strong><em>δευτέρου.</em></strong></span> <span class='ocrx_word' id='word_1_129' title='bbox 623 1272 834 1329; x_wconf 84' lang='grc' dir='ltr'><strong><em>καὶτὸν</em></strong></span> <span class='ocrx_word' id='word_1_130' title='bbox 851 1274 952 1345; x_wconf 76' lang='grc' dir='ltr'><strong><em>μὲν</em></strong></span> <span class='ocrx_word' id='word_1_131' title='bbox 973 1281 1076 1330; x_wconf 86' lang='grc' dir='ltr'><strong><em>τοῦ</em></strong></span> <span class='ocrx_word' id='word_1_132' title='bbox 1095 1282 1357 1346; x_wconf 90' lang='grc' dir='ltr'><strong><em>μεγίστου</em></strong></span> <span class='ocrx_word' id='word_1_133' title='bbox 1377 1282 1649 1346; x_wconf 85' lang='grc' dir='ltr'><strong><em>ποικίλον,</em></strong></span> <span class='ocrx_word' id='word_1_134' title='bbox 1670 1276 1772 1332; x_wconf 81' lang='grc' dir='ltr'><strong><em>τὸν</em></strong></span> 
     </span>
    </p>

    <p class='ocr_par' dir='ltr' id='par_1_10' title="bbox 71 1355 1888 2898">
     <span class='ocr_line' id='line_1_21' title="bbox 81 1355 1771 1428; baseline 0.001 -17"><span class='ocrx_word' id='word_1_135' title='bbox 81 1356 140 1412; x_wconf 72' lang='grc' dir='ltr'><strong><em>δὲ</em></strong></span> <span class='ocrx_word' id='word_1_136' title='bbox 157 1363 260 1410; x_wconf 88' lang='grc' dir='ltr'><strong><em>τοῦ</em></strong></span> <span class='ocrx_word' id='word_1_137' title='bbox 279 1355 520 1427; x_wconf 80' lang='grc' dir='ltr'><strong><em>ἑβδόμου</em></strong></span> <span class='ocrx_word' id='word_1_138' title='bbox 540 1355 947 1427; x_wconf 88' lang='grc' dir='ltr'><strong><em>λαμπρότατον,</em></strong></span> <span class='ocrx_word' id='word_1_139' title='bbox 962 1355 1063 1412; x_wconf 83' lang='grc' dir='ltr'><strong><em>τὸν</em></strong></span> <span class='ocrx_word' id='word_1_140' title='bbox 1082 1358 1140 1413; x_wconf 79' lang='grc' dir='ltr'><strong><em>δὲ</em></strong></span> <span class='ocrx_word' id='word_1_141' title='bbox 1152 1362 1254 1412; x_wconf 84' lang='grc' dir='ltr'><strong><em>τοῦ</em></strong></span> <span class='ocrx_word' id='word_1_142' title='bbox 1269 1356 1477 1427; x_wconf 88' lang='grc' dir='ltr'><strong><em>ὀγδόου</em></strong></span> <span class='ocrx_word' id='word_1_143' title='bbox 1496 1356 1557 1413; x_wconf 88' lang='grc' dir='ltr'><strong><em>τὸ</em></strong></span> <span class='ocrx_word' id='word_1_144' title='bbox 1579 1365 1771 1428; x_wconf 90' lang='grc' dir='ltr'><strong><em>χρῶμα</em></strong></span> 
     </span>
     <span class='ocr_line' id='line_1_22' title="bbox 78 1436 1888 1510; baseline 0.003 -17"><span class='ocrx_word' id='word_1_145' title='bbox 78 1437 186 1499; x_wconf 80' lang='grc' dir='ltr'><strong><em>ἀπὸ</em></strong></span> <span class='ocrx_word' id='word_1_146' title='bbox 221 1444 320 1492; x_wconf 91' lang='grc' dir='ltr'><strong><em>τοῦ</em></strong></span> <span class='ocrx_word' id='word_1_147' title='bbox 351 1436 592 1509; x_wconf 81' lang='grc' dir='ltr'><strong><em>ἑβδόμου</em></strong></span> <span class='ocrx_word' id='word_1_148' title='bbox 622 1442 763 1507; x_wconf 85' lang='grc' dir='ltr'><strong><em>ἔχειν</em></strong></span> <span class='ocrx_word' id='word_1_149' title='bbox 795 1439 1275 1510; x_wconf 74' lang='grc' dir='ltr'><strong><em>προσλάμποντος,</em></strong></span> <span class='ocrx_word' id='word_1_150' title='bbox 1301 1438 1402 1495; x_wconf 83' lang='grc' dir='ltr'><strong><em>τὸν</em></strong></span> <span class='ocrx_word' id='word_1_151' title='bbox 1422 1440 1481 1496; x_wconf 76' lang='grc' dir='ltr'><strong><em>δὲ</em></strong></span> <span class='ocrx_word' id='word_1_152' title='bbox 1508 1446 1613 1494; x_wconf 83' lang='grc' dir='ltr'><strong><em>τοῦ</em></strong></span> <span class='ocrx_word' id='word_1_153' title='bbox 1642 1443 1772 1494; x_wconf 87' lang='grc' dir='ltr'><strong><em>δευ-</em></strong></span> <span class='ocrx_word' id='word_1_154' title='bbox 1799 1452 1888 1499; x_wconf 82' lang='grc'><strong><em>617</em></strong></span> 
     </span>
     <span class='ocr_line' id='line_1_23' title="bbox 77 1519 1770 1593; baseline 0.001 -19"><span class='ocrx_word' id='word_1_155' title='bbox 77 1524 241 1587; x_wconf 83' lang='grc' dir='ltr'><strong><em>τέρου</em></strong></span> <span class='ocrx_word' id='word_1_156' title='bbox 262 1522 349 1575; x_wconf 82' lang='grc' dir='ltr'><strong><em>καὶ</em></strong></span> <span class='ocrx_word' id='word_1_157' title='bbox 374 1522 625 1591; x_wconf 85' lang='grc' dir='ltr'><strong><em>πέμπτου</em></strong></span> <span class='ocrx_word' id='word_1_158' title='bbox 645 1519 999 1590; x_wconf 89' lang='grc' dir='ltr'><strong><em>παραπλήσια</em></strong></span> <span class='ocrx_word' id='word_1_159' title='bbox 1012 1520 1284 1593; x_wconf 72' lang='grc' dir='ltr'><strong><em>ἀλλήλοις,</em></strong></span> <span class='ocrx_word' id='word_1_160' title='bbox 1299 1521 1610 1592; x_wconf 82' lang='grc' dir='ltr'><strong><em>ξανθότερα</em></strong></span> <span class='ocrx_word' id='word_1_161' title='bbox 1629 1524 1770 1576; x_wconf 82' lang='grc' dir='ltr'><strong><em>ἐκεί-</em></strong></span> 
     </span>
     <span class='ocr_line' id='line_1_24' title="bbox 80 1601 1771 1675; baseline 0.002 -20"><span class='ocrx_word' id='word_1_162' title='bbox 80 1623 214 1669; x_wconf 90' lang='grc' dir='ltr'><strong><em>νων,</em></strong></span> <span class='ocrx_word' id='word_1_163' title='bbox 235 1606 422 1669; x_wconf 90' lang='grc' dir='ltr'><strong><em>τρίτον</em></strong></span> <span class='ocrx_word' id='word_1_164' title='bbox 443 1602 502 1656; x_wconf 78' lang='grc' dir='ltr'><strong><em>δὲ</em></strong></span> <span class='ocrx_word' id='word_1_165' title='bbox 520 1601 859 1656; x_wconf 86' lang='grc' dir='ltr'><strong><em>λευκότατον</em></strong></span> <span class='ocrx_word' id='word_1_166' title='bbox 877 1606 1068 1673; x_wconf 88' lang='grc' dir='ltr'><strong><em>χρῶμα</em></strong></span> <span class='ocrx_word' id='word_1_167' title='bbox 1089 1607 1247 1673; x_wconf 80' lang='grc' dir='ltr'><strong><em>ἔχειν,</em></strong></span> <span class='ocrx_word' id='word_1_168' title='bbox 1272 1606 1532 1675; x_wconf 88' lang='grc' dir='ltr'><strong><em>τέταρτον</em></strong></span> <span class='ocrx_word' id='word_1_169' title='bbox 1554 1601 1614 1657; x_wconf 79' lang='grc' dir='ltr'><strong><em>δὲ</em></strong></span> <span class='ocrx_word' id='word_1_170' title='bbox 1631 1601 1771 1658; x_wconf 84' lang='grc' dir='ltr'><strong><em>ὑπέ-</em></strong></span> 
     </span>
     <span class='ocr_line' id='line_1_25' title="bbox 79 1680 1770 1753; baseline 0.002 -17"><span class='ocrx_word' id='word_1_171' title='bbox 79 1690 318 1750; x_wconf 83' lang='grc' dir='ltr'><strong><em>ρυθρον,</em></strong></span> <span class='ocrx_word' id='word_1_172' title='bbox 341 1680 604 1751; x_wconf 84' lang='grc' dir='ltr'><strong><em>δεύτερον</em></strong></span> <span class='ocrx_word' id='word_1_173' title='bbox 625 1683 685 1737; x_wconf 78' lang='grc' dir='ltr'><strong><em>δὲ</em></strong></span> <span class='ocrx_word' id='word_1_174' title='bbox 701 1682 989 1753; x_wconf 88' lang='grc' dir='ltr'><strong><em>λευκότητι</em></strong></span> <span class='ocrx_word' id='word_1_175' title='bbox 1007 1683 1311 1740; x_wconf 71' lang='grc' dir='ltr'><strong><em>τόνὲκτον.</em></strong></span> <span class='ocrx_word' id='word_1_176' title='bbox 1352 1691 1682 1740; x_wconf 80' lang='grc' dir='ltr'><strong><em>κυκλεῖσθαι</em></strong></span> <span class='ocrx_word' id='word_1_177' title='bbox 1710 1684 1770 1739; x_wconf 75' lang='grc' dir='ltr'><strong><em>δὲ</em></strong></span> 
     </span>
     <span class='ocr_line' id='line_1_26' title="bbox 81 1762 1767 1837; baseline 0.001 -19"><span class='ocrx_word' id='word_1_178' title='bbox 81 1762 146 1833; x_wconf 85' lang='grc' dir='ltr'><strong><em>δὴ</em></strong></span> <span class='ocrx_word' id='word_1_179' title='bbox 171 1764 555 1834; x_wconf 83' lang='grc' dir='ltr'><strong><em>στρεφόμενον</em></strong></span> <span class='ocrx_word' id='word_1_180' title='bbox 572 1762 675 1819; x_wconf 84' lang='grc' dir='ltr'><strong><em>τὸν</em></strong></span> <span class='ocrx_word' id='word_1_181' title='bbox 695 1763 970 1834; x_wconf 80' lang='grc' dir='ltr'><strong><em>ἄτρακτον</em></strong></span> <span class='ocrx_word' id='word_1_182' title='bbox 990 1763 1126 1820; x_wconf 82' lang='grc' dir='ltr'><strong><em>ὅλον</em></strong></span> <span class='ocrx_word' id='word_1_183' title='bbox 1138 1765 1239 1835; x_wconf 75' lang='grc' dir='ltr'><strong><em>μὲν</em></strong></span> <span class='ocrx_word' id='word_1_184' title='bbox 1250 1763 1353 1837; x_wconf 83' lang='grc' dir='ltr'><strong><em>τὴν</em></strong></span> <span class='ocrx_word' id='word_1_185' title='bbox 1367 1763 1542 1836; x_wconf 77' lang='grc' dir='ltr'><strong><em>αὐτὴν</em></strong></span> <span class='ocrx_word' id='word_1_186' title='bbox 1563 1765 1767 1835; x_wconf 90' lang='grc' dir='ltr'><strong><em>φοράν,</em></strong></span> 
     </span>
     <span class='ocr_line' id='line_1_27' title="bbox 77 1844 1771 1920; baseline 0.001 -21"><span class='ocrx_word' id='word_1_187' title='bbox 77 1847 138 1899; x_wconf 87' lang='grc' dir='ltr'><strong><em>έν</em></strong></span> <span class='ocrx_word' id='word_1_188' title='bbox 165 1846 222 1900; x_wconf 77' lang='grc' dir='ltr'><strong><em>δὲ</em></strong></span> <span class='ocrx_word' id='word_1_189' title='bbox 243 1852 319 1918; x_wconf 77' lang='grc' dir='ltr'><strong><em>τῷ</em></strong></span> <span class='ocrx_word' id='word_1_190' title='bbox 345 1844 457 1919; x_wconf 83' lang='grc' dir='ltr'><strong><em>ὅλῳ</em></strong></span> <span class='ocrx_word' id='word_1_191' title='bbox 481 1848 895 1920; x_wconf 76' lang='grc' dir='ltr'><strong><em>περιφερομένῳ</em></strong></span> <span class='ocrx_word' id='word_1_192' title='bbox 928 1845 1058 1911; x_wconf 82' lang='grc' dir='ltr'><strong><em>τούς</em></strong></span> <span class='ocrx_word' id='word_1_193' title='bbox 1076 1846 1178 1917; x_wconf 77' lang='grc' dir='ltr'><strong><em>μὲν</em></strong></span> <span class='ocrx_word' id='word_1_194' title='bbox 1198 1845 1353 1911; x_wconf 84' lang='grc' dir='ltr'><strong><em>ἐντὸς</em></strong></span> <span class='ocrx_word' id='word_1_195' title='bbox 1372 1845 1505 1901; x_wconf 80' lang='grc' dir='ltr'><strong><em>ἑπτὰ</em></strong></span> <span class='ocrx_word' id='word_1_196' title='bbox 1527 1845 1771 1911; x_wconf 86' lang='grc' dir='ltr'><strong><em>κύκλους</em></strong></span> 
     </span>
     <span class='ocr_line' id='line_1_28' title="bbox 79 1925 1770 2000; baseline 0.002 -20"><span class='ocrx_word' id='word_1_197' title='bbox 79 1925 179 1997; x_wconf 77' lang='grc' dir='ltr'><strong><em>τὴν</em></strong></span> <span class='ocrx_word' id='word_1_198' title='bbox 198 1929 455 1981; x_wconf 81' lang='grc' dir='ltr'><strong><em>ἐναντίαν</em></strong></span> <span class='ocrx_word' id='word_1_199' title='bbox 475 1935 552 2000; x_wconf 79' lang='grc' dir='ltr'><strong><em>τῷ</em></strong></span> <span class='ocrx_word' id='word_1_200' title='bbox 569 1926 680 2000; x_wconf 84' lang='grc' dir='ltr'><strong><em>ὅλῳ</em></strong></span> <span class='ocrx_word' id='word_1_201' title='bbox 702 1926 876 1998; x_wconf 81' lang='grc' dir='ltr'><strong><em>ἡρέμα</em></strong></span> <span class='ocrx_word' id='word_1_202' title='bbox 896 1932 1315 2000; x_wconf 81' lang='grc' dir='ltr'><strong><em>περιφέρεσθαι,</em></strong></span> <span class='ocrx_word' id='word_1_203' title='bbox 1336 1925 1524 1983; x_wconf 83' lang='grc' dir='ltr'><strong><em>αὐτῶν</em></strong></span> <span class='ocrx_word' id='word_1_204' title='bbox 1554 1930 1611 1984; x_wconf 77' lang='grc' dir='ltr'><strong><em>δὲ</em></strong></span> <span class='ocrx_word' id='word_1_205' title='bbox 1633 1929 1770 1983; x_wconf 86' lang='grc' dir='ltr'><strong><em>τού-</em></strong></span> 
     </span>
     <span class='ocr_line' id='line_1_29' title="bbox 77 2007 1832 2082; baseline 0.003 -22"><span class='ocrx_word' id='word_1_206' title='bbox 77 2030 189 2063; x_wconf 85' lang='grc' dir='ltr'><strong><em>των</em></strong></span> <span class='ocrx_word' id='word_1_207' title='bbox 208 2008 430 2077; x_wconf 81' lang='grc' dir='ltr'><strong><em>τάχιστα</em></strong></span> <span class='ocrx_word' id='word_1_208' title='bbox 448 2008 548 2077; x_wconf 79' lang='grc' dir='ltr'><strong><em>μὲν</em></strong></span> <span class='ocrx_word' id='word_1_209' title='bbox 571 2009 710 2063; x_wconf 87' lang='grc' dir='ltr'><strong><em>ἰέναι</em></strong></span> <span class='ocrx_word' id='word_1_210' title='bbox 740 2007 842 2063; x_wconf 85' lang='grc' dir='ltr'><strong><em>τὸν</em></strong></span> <span class='ocrx_word' id='word_1_211' title='bbox 869 2009 1092 2081; x_wconf 82' lang='grc' dir='ltr'><strong><em>ὄγδοον,</em></strong></span> <span class='ocrx_word' id='word_1_212' title='bbox 1127 2014 1420 2081; x_wconf 85' lang='grc' dir='ltr'><strong><em>δευτέρους</em></strong></span> <span class='ocrx_word' id='word_1_213' title='bbox 1451 2014 1510 2066; x_wconf 78' lang='grc' dir='ltr'><strong><em>δὲ</em></strong></span> <span class='ocrx_word' id='word_1_214' title='bbox 1537 2014 1628 2067; x_wconf 85' lang='grc' dir='ltr'><strong><em>καὶ</em></strong></span> <span class='ocrx_word' id='word_1_215' title='bbox 1658 2009 1770 2082; x_wconf 78' lang='grc' dir='ltr'><strong><em>ἅμα</em></strong></span> <span class='ocrx_word' id='word_1_216' title='bbox 1800 2024 1832 2066; x_wconf 88' lang='grc' dir='ltr'>Β</span> 
     </span>
     <span class='ocr_line' id='line_1_30' title="bbox 77 2085 1770 2165; baseline 0.004 -22"><span class='ocrx_word' id='word_1_217' title='bbox 77 2085 336 2160; x_wconf 79' lang='grc' dir='ltr'><strong><em>ἀλλήλοις</em></strong></span> <span class='ocrx_word' id='word_1_218' title='bbox 353 2089 454 2144; x_wconf 90' lang='grc' dir='ltr'><strong><em>τόν</em></strong></span> <span class='ocrx_word' id='word_1_219' title='bbox 474 2110 532 2144; x_wconf 89' lang='grc' dir='ltr'><strong><em>τε</em></strong></span> <span class='ocrx_word' id='word_1_220' title='bbox 554 2090 795 2160; x_wconf 83' lang='grc' dir='ltr'><strong><em>ἕβδομον</em></strong></span> <span class='ocrx_word' id='word_1_221' title='bbox 814 2092 905 2145; x_wconf 82' lang='grc' dir='ltr'><strong><em>καὶ</em></strong></span> <span class='ocrx_word' id='word_1_222' title='bbox 925 2092 1089 2147; x_wconf 83' lang='grc' dir='ltr'><strong><em>ἕκτον</em></strong></span> <span class='ocrx_word' id='word_1_223' title='bbox 1109 2094 1199 2147; x_wconf 81' lang='grc' dir='ltr'><strong><em>καὶ</em></strong></span> <span class='ocrx_word' id='word_1_224' title='bbox 1219 2098 1492 2164; x_wconf 87' lang='grc' dir='ltr'><strong><em>πέμπτον·</em></strong></span> <span class='ocrx_word' id='word_1_225' title='bbox 1526 2091 1625 2149; x_wconf 85' lang='grc' dir='ltr'><strong><em>τὸν</em></strong></span> <span class='ocrx_word' id='word_1_226' title='bbox 1650 2098 1770 2165; x_wconf 88' lang='grc' dir='ltr'><strong><em>τρί-</em></strong></span> 
     </span>
     <span class='ocr_line' id='line_1_31' title="bbox 76 2168 1770 2245; baseline 0.002 -20"><span class='ocrx_word' id='word_1_227' title='bbox 76 2191 174 2225; x_wconf 89' lang='grc' dir='ltr'><strong><em>τον</em></strong></span> <span class='ocrx_word' id='word_1_228' title='bbox 195 2172 253 2226; x_wconf 77' lang='grc' dir='ltr'><strong><em>δὲ</em></strong></span> <span class='ocrx_word' id='word_1_229' title='bbox 282 2178 432 2242; x_wconf 78' lang='grc' dir='ltr'><strong><em>φορᾷ</em></strong></span> <span class='ocrx_word' id='word_1_230' title='bbox 453 2174 611 2241; x_wconf 78' lang='grc' dir='ltr'><strong><em>ἰέναι,</em></strong></span> <span class='ocrx_word' id='word_1_231' title='bbox 644 2168 719 2236; x_wconf 81' lang='grc' dir='ltr'><strong><em>ὡς</em></strong></span> <span class='ocrx_word' id='word_1_232' title='bbox 744 2178 900 2243; x_wconf 88' lang='grc' dir='ltr'><strong><em>σφίσι</em></strong></span> <span class='ocrx_word' id='word_1_233' title='bbox 925 2180 1244 2245; x_wconf 84' lang='grc' dir='ltr'><strong><em>φαίνεσθαι,</em></strong></span> <span class='ocrx_word' id='word_1_234' title='bbox 1277 2173 1770 2245; x_wconf 83' lang='grc' dir='ltr'><strong><em>ἐπανακυκλούμε-</em></strong></span> 
     </span>
     <span class='ocr_line' id='line_1_32' title="bbox 77 2249 1768 2327; baseline 0.005 -23"><span class='ocrx_word' id='word_1_235' title='bbox 77 2271 180 2304; x_wconf 87' lang='grc' dir='ltr'><strong><em>νον</em></strong></span> <span class='ocrx_word' id='word_1_236' title='bbox 210 2249 308 2305; x_wconf 86' lang='grc' dir='ltr'><strong><em>τόν</em></strong></span> <span class='ocrx_word' id='word_1_237' title='bbox 337 2255 624 2322; x_wconf 86' lang='grc' dir='ltr'><strong><em>τέταρτον·</em></strong></span> <span class='ocrx_word' id='word_1_238' title='bbox 659 2258 919 2322; x_wconf 81' lang='grc' dir='ltr'><strong><em>τέταρτον</em></strong></span> <span class='ocrx_word' id='word_1_239' title='bbox 950 2258 1009 2311; x_wconf 82' lang='grc' dir='ltr'><strong><em>δὲ</em></strong></span> <span class='ocrx_word' id='word_1_240' title='bbox 1036 2256 1137 2312; x_wconf 86' lang='grc' dir='ltr'><strong><em>τὸν</em></strong></span> <span class='ocrx_word' id='word_1_241' title='bbox 1174 2261 1360 2325; x_wconf 86' lang='grc' dir='ltr'><strong><em>τρίτον</em></strong></span> <span class='ocrx_word' id='word_1_242' title='bbox 1398 2259 1490 2312; x_wconf 87' lang='grc' dir='ltr'><strong><em>καὶ</em></strong></span> <span class='ocrx_word' id='word_1_243' title='bbox 1519 2259 1768 2327; x_wconf 88' lang='grc' dir='ltr'><strong><em>πέμπτον</em></strong></span> 
     </span>
     <span class='ocr_line' id='line_1_33' title="bbox 77 2330 1768 2409; baseline 0.005 -24"><span class='ocrx_word' id='word_1_244' title='bbox 77 2330 177 2386; x_wconf 87' lang='grc' dir='ltr'><strong><em>τὸν</em></strong></span> <span class='ocrx_word' id='word_1_245' title='bbox 197 2331 476 2402; x_wconf 83' lang='grc' dir='ltr'><strong><em>δεύτερον.</em></strong></span> <span class='ocrx_word' id='word_1_246' title='bbox 518 2337 859 2404; x_wconf 84' lang='grc' dir='ltr'><strong><em>στρέφεσθαι</em></strong></span> <span class='ocrx_word' id='word_1_247' title='bbox 884 2337 944 2393; x_wconf 75' lang='grc' dir='ltr'><strong><em>δὲ</em></strong></span> <span class='ocrx_word' id='word_1_248' title='bbox 965 2337 1141 2393; x_wconf 82' lang='grc' dir='ltr'><strong><em>αὐτὸν</em></strong></span> <span class='ocrx_word' id='word_1_249' title='bbox 1159 2341 1218 2394; x_wconf 87' lang='grc' dir='ltr'><strong><em>έν</em></strong></span> <span class='ocrx_word' id='word_1_250' title='bbox 1246 2349 1359 2403; x_wconf 84' lang='grc' dir='ltr'><strong><em>τοῖς</em></strong></span> <span class='ocrx_word' id='word_1_251' title='bbox 1377 2345 1473 2409; x_wconf 89' lang='grc' dir='ltr'><strong><em>τῆς</em></strong></span> <span class='ocrx_word' id='word_1_252' title='bbox 1500 2335 1768 2408; x_wconf 83' lang='grc' dir='ltr'><strong><em>Ἀνάγκης</em></strong></span> 
     </span>
     <span class='ocr_line' id='line_1_34' title="bbox 75 2412 1768 2488; baseline 0.004 -22"><span class='ocrx_word' id='word_1_253' title='bbox 75 2412 321 2481; x_wconf 89' lang='grc' dir='ltr'><strong><em>γόνασιν.</em></strong></span> <span class='ocrx_word' id='word_1_254' title='bbox 364 2415 451 2469; x_wconf 82' lang='grc' dir='ltr'><strong><em>ἐπὶ</em></strong></span> <span class='ocrx_word' id='word_1_255' title='bbox 472 2416 530 2469; x_wconf 76' lang='grc' dir='ltr'><strong><em>δὲ</em></strong></span> <span class='ocrx_word' id='word_1_256' title='bbox 550 2421 663 2469; x_wconf 87' lang='grc' dir='ltr'><strong><em>τῶν</em></strong></span> <span class='ocrx_word' id='word_1_257' title='bbox 694 2416 919 2471; x_wconf 88' lang='grc' dir='ltr'><strong><em>κύκλων</em></strong></span> <span class='ocrx_word' id='word_1_258' title='bbox 944 2416 1120 2473; x_wconf 84' lang='grc' dir='ltr'><strong><em>αὐτοῦ</em></strong></span> <span class='ocrx_word' id='word_1_259' title='bbox 1150 2418 1379 2475; x_wconf 79' lang='grc' dir='ltr'><strong><em>ἄνωθεν</em></strong></span> <span class='ocrx_word' id='word_1_260' title='bbox 1408 2416 1499 2488; x_wconf 85' lang='grc' dir='ltr'><strong><em>ἐφ’</em></strong></span> <span class='ocrx_word' id='word_1_261' title='bbox 1533 2418 1768 2474; x_wconf 87' lang='grc' dir='ltr'><strong><em>ἑκάστου</em></strong></span> 
     </span>
     <span class='ocr_line' id='line_1_35' title="bbox 75 2498 1766 2573; baseline 0.004 -24"><span class='ocrx_word' id='word_1_262' title='bbox 75 2498 367 2566; x_wconf 86' lang='grc' dir='ltr'><strong><em>βεβηκέναι</em></strong></span> <span class='ocrx_word' id='word_1_263' title='bbox 397 2502 642 2567; x_wconf 85' lang='grc' dir='ltr'><strong><em>Σειρῆνα</em></strong></span> <span class='ocrx_word' id='word_1_264' title='bbox 665 2502 1243 2573; x_wconf 86' lang='grc' dir='ltr'><strong><em>συμπεριφερομένην,</em></strong></span> <span class='ocrx_word' id='word_1_265' title='bbox 1276 2499 1476 2571; x_wconf 80' lang='grc' dir='ltr'><strong><em>φωνὴν</em></strong></span> <span class='ocrx_word' id='word_1_266' title='bbox 1506 2506 1639 2571; x_wconf 89' lang='grc' dir='ltr'><strong><em>μίαν</em></strong></span> <span class='ocrx_word' id='word_1_267' title='bbox 1667 2505 1766 2556; x_wconf 84' lang='grc' dir='ltr'><strong><em>ίεῐ-</em></strong></span> 
     </span>
     <span class='ocr_line' id='line_1_36' title="bbox 75 2576 1767 2653; baseline 0.004 -22"><span class='ocrx_word' id='word_1_268' title='bbox 75 2593 180 2631; x_wconf 90' lang='grc' dir='ltr'><strong><em>σαν</em></strong></span> <span class='ocrx_word' id='word_1_269' title='bbox 205 2576 311 2632; x_wconf 67' lang='lat' dir='ltr'><strong><em>dvo}</em></strong></span> <span class='ocrx_word' id='word_1_270' title='bbox 334 2578 500 2633; x_wconf 88' lang='grc' dir='ltr'><strong><em>τόνον</em></strong></span> <span class='ocrx_word' id='word_1_271' title='bbox 516 2599 526 2610; x_wconf 91' lang='grc'>·</span> <span class='ocrx_word' id='word_1_272' title='bbox 566 2581 627 2634; x_wconf 80' lang='grc' dir='ltr'><strong><em>ἐκ</em></strong></span> <span class='ocrx_word' id='word_1_273' title='bbox 648 2585 846 2633; x_wconf 87' lang='grc' dir='ltr'><strong><em>πασῶν</em></strong></span> <span class='ocrx_word' id='word_1_274' title='bbox 866 2580 922 2635; x_wconf 75' lang='grc' dir='ltr'><strong><em>δὲ</em></strong></span> <span class='ocrx_word' id='word_1_275' title='bbox 944 2581 1087 2636; x_wconf 79' lang='grc' dir='ltr'><strong><em>ὀκτώ</em></strong></span> <span class='ocrx_word' id='word_1_276' title='bbox 1118 2580 1306 2637; x_wconf 82' lang='grc' dir='ltr'><strong><em>οὐσῶν</em></strong></span> <span class='ocrx_word' id='word_1_277' title='bbox 1332 2588 1464 2652; x_wconf 89' lang='grc' dir='ltr'><strong><em>μίαν</em></strong></span> <span class='ocrx_word' id='word_1_278' title='bbox 1493 2580 1767 2653; x_wconf 85' lang='grc' dir='ltr'><strong><em>ἁρμονίαν</em></strong></span> 
     </span>
     <span class='ocr_line' id='line_1_37' title="bbox 72 2659 1767 2734; baseline 0.004 -21"><span class='ocrx_word' id='word_1_279' title='bbox 72 2664 407 2730; x_wconf 79' lang='grc' dir='ltr'><strong><em>ξυμφωνεῑν.</em></strong></span> <span class='ocrx_word' id='word_1_280' title='bbox 451 2659 621 2724; x_wconf 75' lang='grc' dir='ltr'><strong><em>ἄλλας</em></strong></span> <span class='ocrx_word' id='word_1_281' title='bbox 643 2662 701 2715; x_wconf 76' lang='grc' dir='ltr'><strong><em>δὲ</em></strong></span> <span class='ocrx_word' id='word_1_282' title='bbox 732 2665 1051 2731; x_wconf 72' lang='grc' dir='ltr'><strong><em>καθημένας</em></strong></span> <span class='ocrx_word' id='word_1_283' title='bbox 1070 2666 1221 2733; x_wconf 84' lang='grc' dir='ltr'><strong><em>πέριξ</em></strong></span> <span class='ocrx_word' id='word_1_284' title='bbox 1253 2662 1328 2718; x_wconf 87' lang='grc' dir='ltr'><strong><em>δι’</em></strong></span> <span class='ocrx_word' id='word_1_285' title='bbox 1361 2670 1487 2719; x_wconf 75' lang='grc' dir='ltr'><strong><em>ἴσου</em></strong></span> <span class='ocrx_word' id='word_1_286' title='bbox 1513 2674 1673 2734; x_wconf 78' lang='grc' dir='ltr'><strong><em>τρεῖς,</em></strong></span> <span class='ocrx_word' id='word_1_287' title='bbox 1706 2666 1767 2719; x_wconf 82' lang='grc' dir='ltr'><strong><em>ἐν</em></strong></span> 
     </span>
     <span class='ocr_line' id='line_1_38' title="bbox 71 2741 1826 2817; baseline 0.001 -21"><span class='ocrx_word' id='word_1_288' title='bbox 71 2742 267 2815; x_wconf 80' lang='grc' dir='ltr'><strong><em>θρόνῳ</em></strong></span> <span class='ocrx_word' id='word_1_289' title='bbox 288 2741 540 2813; x_wconf 84' lang='grc' dir='ltr'><strong><em>ἑκάστην,</em></strong></span> <span class='ocrx_word' id='word_1_290' title='bbox 556 2745 869 2812; x_wconf 77' lang='grc' dir='ltr'><strong><em>θυγατέρας</em></strong></span> <span class='ocrx_word' id='word_1_291' title='bbox 899 2750 994 2814; x_wconf 87' lang='grc' dir='ltr'><strong><em>τῆς</em></strong></span> <span class='ocrx_word' id='word_1_292' title='bbox 1018 2742 1282 2815; x_wconf 78' lang='grc' dir='ltr'><strong><em>Ἀνάγκης</em></strong></span> <span class='ocrx_word' id='word_1_293' title='bbox 1302 2749 1523 2815; x_wconf 83' lang='grc' dir='ltr'><strong><em>Μοίρας</em></strong></span> <span class='ocrx_word' id='word_1_294' title='bbox 1552 2752 1763 2817; x_wconf 80' lang='grc' dir='ltr'><strong><em>λευχει-</em></strong></span> <span class='ocrx_word' id='word_1_295' title='bbox 1792 2753 1826 2798; x_wconf 79' lang='lat' dir='ltr'><strong>c</strong></span> 
     </span>
     <span class='ocr_line' id='line_1_39' title="bbox 73 2823 1764 2898; baseline 0.004 -22"><span class='ocrx_word' id='word_1_296' title='bbox 73 2823 372 2894; x_wconf 86' lang='grc' dir='ltr'><strong><em>μονούσας,</em></strong></span> <span class='ocrx_word' id='word_1_297' title='bbox 395 2826 671 2894; x_wconf 85' lang='grc' dir='ltr'><strong><em>στέμματα</em></strong></span> <span class='ocrx_word' id='word_1_298' title='bbox 700 2825 782 2879; x_wconf 82' lang='grc' dir='ltr'><strong><em>ἐπὶ</em></strong></span> <span class='ocrx_word' id='word_1_299' title='bbox 803 2831 914 2879; x_wconf 87' lang='grc' dir='ltr'><strong><em>τῶν</em></strong></span> <span class='ocrx_word' id='word_1_300' title='bbox 948 2833 1210 2897; x_wconf 75' lang='grc' dir='ltr'><strong><em>κεφαλῶν</em></strong></span> <span class='ocrx_word' id='word_1_301' title='bbox 1240 2826 1489 2897; x_wconf 80' lang='grc' dir='ltr'><strong><em>ἐχούσας,</em></strong></span> <span class='ocrx_word' id='word_1_302' title='bbox 1520 2825 1764 2898; x_wconf 84' lang='grc' dir='ltr'><strong><em>Λάχεσίν</em></strong></span> 
     </span>
    </p>
   </div>
  </div>
 </body>
</html>
