1962 3236
194 172 299 224 332
332 175 334 177 ’
787 174 1269 224 ΠΛΑΤῼΝΟΣ
1821 182 1878 226 14

197 314 510 381 μέλλοντας,
535 302 572 381 ἦ
590 311 821 379 γέγονεν
839 303 875 378 ἢ
893 309 984 362 καὶ
1007 305 1198 377 ἀγενές
1217 310 1382 378 ἐστιν,
1403 312 1452 363 εἰ
1467 307 1541 378 μὴ
1563 307 1879 364 παντάπασι

195 390 665 462 παραλλάττομεν,
700 387 916 458 ἀνάγκη
947 388 1120 452 θεούς
1146 409 1204 444 τε
1231 390 1323 444 καὶ
1350 386 1490 453 θεὰς
1518 392 1879 460 ἐπικαλουμέ-

193 495 328 537 νους
359 472 622 541 εὔχεσθαι
658 470 841 525 πάντα
878 467 1016 524 κατὰ
1053 475 1196 525 νοῦν
1233 473 1458 534 ἐκείνοις
1492 470 1594 540 μὲν
1624 470 1878 541 μάλιστα,

125 569 160 610 1)
196 554 473 623 ἑπομένως
491 549 550 606 δὲ
568 548 699 620 ἡμῖν
720 555 907 605 εἰπεῖν.
946 551 1038 605 καὶ
1056 550 1122 604 τά
1142 550 1244 620 μὲν
1263 552 1388 621 περὶ
1405 556 1558 606 θεῶν
1577 551 1751 623 ταύτῃ
1771 570 1879 606 πα-

197 632 587 703 ρακεκλήσθω·
631 630 691 686 τὸ
733 630 786 686 δ’
818 630 1085 701 ἡμέτερον
1119 635 1515 702 παρακλητέον,
1546 625 1585 704 ᾗ
1617 630 1773 704 ῥᾷστ’
1807 629 1880 686 ἄν

197 713 351 785 ὑμεῖς
368 716 470 784 μὲν
490 712 742 783 μάθοιτε,
773 711 877 782 ἐγώ
904 705 1017 783 δεῇ
1045 716 1374 784 διανοοῦμαι
1398 711 1621 784 μάλιστ’
1651 709 1724 768 ἀν
1755 715 1881 780 περὶ

195 803 308 851 τῶν
339 798 717 866 προκειμένων
755 798 1110 864 ἐνδειξαίμην.
1180 799 1328 850 ἔστιν
1357 789 1462 850 οὖν
1498 793 1564 866 δὴ
1594 793 1712 850 κατ’
1744 793 1903 865 ἐμὴν.

197 877 367 943 δόξαν
384 882 607 948 πρῶτον
639 878 942 946 διαιρετέον
970 875 1128 929 τάδε·
1167 880 1223 930 τί
1250 873 1311 930 τὸ
1343 871 1411 929 ὂν
1441 873 1541 944 ἀεί,
1575 876 1793 944 γένεσιν
1821 874 1881 930 δὲ

197 957 301 1013 οὐκ
322 963 464 1028 ἔχον,
485 959 577 1013 καὶ
594 963 649 1012 τί
663 955 723 1012 τό
745 955 1080 1026 γιγνόμενον
1098 959 1199 1025 μὲν
1219 954 1320 1026 ἀεί,
1343 951 1412 1010 ὂν
1430 955 1487 1011 δὲ
1508 955 1770 1011 οὐδέποτε
1787 978 1797 987 ·
1818 955 1880 1011 τὸ

115 1051 173 1095 28
203 1042 304 1109 μὲν
324 1039 390 1110 δὴ
411 1039 600 1109 νοήσει
620 1059 751 1109 μετσ
780 1038 953 1108 λόγου
966 1038 1319 1108 περιληπτόν,
1341 1036 1426 1092 ἀει
1446 1036 1582 1092 κατὰ
1603 1038 1774 1093 ταύτὰ
1795 1035 1881 1108 όν,

198 1119 258 1176 τὸ
282 1119 335 1176 δ’
358 1123 429 1174 αὐ
451 1119 583 1191 δόξῃ
602 1117 718 1190 μετ’
743 1118 1054 1217 αἰσθήσεως
1083 1118 1292 1188 ἀλόγου
1322 1118 1603 1187 δοξαστόν,
1623 1119 1882 1188 γιγνόμε-

199 1224 303 1258 νον
322 1203 415 1257 καὶ
443 1198 851 1271 ἀπολλύμενον,
883 1199 1057 1264 ὅντως
1078 1199 1138 1255 δὲ·
1166 1198 1479 1255 οὐδέποτε’
1459 1200 1541 1254 όν.
1582 1206 1695 1254 πᾶν
1721 1199 1780 1254 δε
1808 1203 1880 1254 αὐ

200 1283 260 1340 τὸ
301 1282 638 1353 γιγνόμενον
673 1280 772 1338 ὑπ’
811 1287 991 1337 αἰτίου
1026 1279 1177 1345 τινὸς
1212 1283 1265 1346 ἐξ
1291 1279 1533 1352 ἀνάγκης
1560 1285 1878 1350 γίγνεσθαι·

201 1366 366 1420 παντὶ
381 1362 490 1433 γὰρ
509 1361 794 1418 ἀδύνατον
811 1364 973 1434 χωρὶς
993 1366 1171 1417 αἰτίου
1189 1364 1408 1431 γένεσιν
1428 1373 1589 1431 σχεῖν.
1630 1359 1764 1417 ὅτου
1783 1364 1882 1432 μὲν

203 1439 309 1501 οὖν
330 1440 403 1499 ὅίν
433 1442 462 1499 ὁ
496 1442 832 1516 δημιουργὸς
860 1442 1000 1516 πρὸς
1027 1442 1089 1499 τὸ
1129 1442 1267 1498 κατὰ
1304 1440 1476 1497 ταύτὰ
1511 1447 1637 1512 ἔχον
1663 1445 1884 1513 βλέπων

204 1524 305 1596 ἀεί,
325 1524 558 1597 τοιούτῳ
578 1526 685 1579 τινὶ
707 1526 1134 1594 προσχρώμενος
1158 1526 1573 1593 παραδείγματι,
1595 1520 1698 1593 τὴν
1729 1526 1887 1578 ἰδέαν

204 1610 296 1664 καὶ
317 1608 558 1678 δύναμιν
577 1605 752 1663 αὐτοῦ
772 1605 1156 1677 ἀπεργάζηται,
1178 1605 1350 1661 καλὸν
1362 1607 1416 1670 ἐξ
1436 1603 1682 1675 ἀνάγκης
1708 1603 1885 1670 οὕτως

143 1701 176 1742 Β
208 1688 598 1745 ἀποτελεῖσθαι
618 1695 729 1743 πᾶν
744 1710 754 1719 ·
795 1681 865 1744 οὗ
884 1692 917 1743 δ
926 1686 939 1706 ’
957 1685 1029 1743 ἀν
1051 1693 1127 1752 εἰς
1145 1688 1205 1743 τὸ
1232 1686 1481 1757 γεγονός,
1510 1692 1758 1759 γεννητῷ
1777 1707 1887 1740 πα·-

205 1774 523 1841 ραδείγματι
557 1770 998 1840 προσχρώμενος,
1031 1769 1100 1824 οὐ
1127 1770 1314 1825 καλόν.
1355 1766 1383 1824 6
1412 1767 1478 1838 δὴ
1509 1774 1616 1832 πᾶς
1644 1765 1886 1837 οὐρανός

201 1846 326 1921 -ἢ
347 1850 553 1921 κόσμος
570 1846 605 1920 ἢ
624 1851 713 1905 καὶ
733 1848 867 1905 ἄλλο
889 1848 921 1905 ὅ
939 1856 995 1906 τί
1009 1870 1139 1905 ποτε
1160 1846 1563 1920 ὀνομαζόμενος
1581 1846 1790 1918 μάλιστ’
1812 1845 1885 1902 ἂν

204 1933 430 2002 δέχοιτο,
468 1928 632 1986 τοῦθ’
681 1929 814 2001 ἧμιν
852 1929 1194 2000 ὠνομάσθω·
1242 1932 1506 1985 σκεπτέον
1543 1927 1596 1984 δ’
1629 1924 1733 1984 οὖν
1761 1930 1886 1998 περὶ

205 2012 378 2067 αὐτοῦ
405 2018 646 2082 πρῶτον,
670 2011 805 2082 ὅπερ
825 2009 1110 2067 ὑπόκειται
1139 2012 1262 2081 περὶ
1280 2009 1484 2074 παντὸς
1508 2013 1569 2065 ἐν
1599 2008 1736 2079 ἀρχῇ
1768 2013 1886 2064 δεῖν

205 2104 448 2161 σκοπεῖν,
472 2091 709 2162 πότερον
728 2097 799 2162 ἠν
819 2091 919 2163 ἀεί,
941 2095 1206 2161 γενέσεως
1234 2089 1409 2160 ἀρχὴν
1428 2093 1567 2159 ἔχων
1599 2088 1883 2160 οὐδεμίαν,

204 2170 239 2243 ἢ
270 2177 517 2243 γέγονεν,
548 2171 644 2226 ἀπ’
677 2170 846 2243 ἀρχῆς
866 2171 1015 2236 τινὸς
1042 2170 1360 2241 ἀρξάμενος.
1395 2173 1652 2241 γέγονεν·
1692 2168 1887 2241 ὁρατὸς

204 2253 312 2324 γὰρ
334 2249 507 2317 ἁπτός
525 2255 588 2307 τέ
601 2254 714 2307 ἐστι
733 2254 823 2307 καὶ
843 2259 998 2323 σῶμα
1021 2258 1175 2322 ἔχων,
1196 2250 1374 2306 πάντα
1396 2253 1453 2305 δε
1471 2251 1536 2305 τά
1556 2256 1782 2306 τοιαῦτα
1802 2255 1888 2304 αἰ-

145 2344 175 2386 C
206 2333 407 2405 σθητά,
439 2333 506 2387 τὰ
537 2333 590 2387 δ’
623 2334 880 2404 αἰσθητά,
916 2333 1047 2405 δόξῃ
1075 2332 1378 2403 περιληπτά
1409 2330 1526 2402 μετ’
1559 2332 1888 2403 αἰσθήσεως,

204 2415 508 2486 γιγνόμενα
528 2416 619 2470 καὶ
637 2413 873 2485 γεννητά
894 2415 1100 2486 ἐφάνη·
1139 2420 1214 2486 τῷ
1237 2411 1284 2469 δ’
1312 2416 1385 2468 αὐ
1406 2416 1686 2487 γενομένῳ
1707 2415 1889 2483 φαμὲν

206 2496 306 2553 ὑπ’
346 2501 525 2552 αἰτίου
562 2494 712 2559 τινὸς
747 2495 1001 2568 ἀνάγκην
1032 2496 1171 2551 εἶναι
1198 2496 1477 2565 γενέσθαι.
1524 2493 1623 2550 τὸν
1653 2495 1754 2565 μεν
1785 2515 1892 2548 ουν

207 2578 443 2650 ποιητὴν
460 2580 553 2633 καὶ
572 2579 781 2649 πατέρα
801 2582 966 2633 τοῦδε
986 2584 1088 2633 τοῦ
1107 2575 1313 2641 παντὸς
1334 2574 1519 2643 εὑρεῖν
1539 2596 1596 2630 τε
1616 2579 1781 2644 ἔργον
1800 2575 1890 2627 καὶ

208 2658 446 2730 εὑρόντα
466 2664 543 2724 εἰς
571 2658 782 2723 πάντας
800 2657 1082 2714 ἀδύνατον
1101 2663 1308 2728 λέγειν·
1345 2658 1474 2712 τόδε
1502 2653 1554 2711 δ’
1590 2649 1695 2710 οὖν
1722 2653 1893 2707 πάλιν

208 2744 566 2798 ἐπισκεπτέον
586 2742 711 2812 περὶ
731 2739 924 2811 αὐτοῦ,
951 2740 1090 2813 πρὸς
1117 2743 1353 2811 πότερον
1372 2746 1487 2796 τῶν
1513 2737 1858 2807 παράδειγμά
1891 2777 1895 2782 .

129 2839 187 2886 29
216 2844 328 2878 των
348 2820 376 2877 ὁ
397 2822 814 2893 τεκταινόμενος
834 2821 1009 2879 αὐτὸν
1027 2821 1397 2893 ἀπειργάζετο,
1417 2820 1655 2890 πότερον
1672 2837 1810 2889 προς
1828 2837 1890 2873 το
1959 2862 1962 2903 ἓ
