1962 3236
213 136 317 189 224
827 106 1298 186 ΠΛΑΤῼΝΟΣ

213 273 358 327 ἕλκει
388 286 478 327 καῖ
512 269 706 339 ἀνάγει
745 268 891 339 ἅνω,
933 274 1253 338 συνερίθοις
1289 272 1381 326 καὶ
1421 285 1895 344 συμπεριαγωγοῖς

213 356 462 424 χρωμένη
482 347 566 416 αἶς
588 351 893 422 διήλθομεν
908 353 1140 419 τέχναις·
1167 349 1230 415 ἂς
1249 351 1542 451 ἐπιστήμας
1562 355 1662 424 μὲν
1684 355 1895 411 πολλά-

212 457 297 500 κις
317 438 687 504 προσείπομεν
705 431 793 485 διὰ
813 429 875 486 τὸ
897 434 1046 499 ἔθος,
1068 432 1286 486 δέονται
1315 432 1374 487 δε
1403 432 1672 504 ὀνόματος
1701 433 1892 504 ἄλλου,
1927 437 1940 482 5

213 519 611 586 ἐναργεστέρου
631 535 731 582 μεν
748 509 783 582 ἢ
805 512 980 583 δόξης,
1013 509 1396 582 ἀμυδροτέρου
1427 514 1541 570 δε“’
1513 538 1547 585 η
1580 516 1953 586 ἐπιστήμης.

213 596 466 652 διάνοιαν
485 595 544 650 δὲ
560 592 737 665 αὐτὴν
758 598 818 649 ἕν
842 615 905 663 γε
923 601 1002 668 τῷ
1022 593 1274 662 πρόσθεν
1293 614 1403 650 που
1423 594 1759 667 ωρισάμεθα
1782 600 1926 651 ἔστι

214 677 266 732 δ’
272 676 384 748 ,ὡς
405 679 523 747 ἐμοὶ
544 680 709 747 δοκεῖ,
731 672 801 730 οὐ
820 676 945 744 περὶ
965 673 1235 746 ὀνόματος
1251 673 1674 749 ἀμφισβήτησις,
1701 685 1780 742 οἱς
1798 699 1892 732 το-

152 769 184 808 Ε
216 758 434 814 σούτων
461 761 605 858 πέρι
615 759 802 824 σκέψις
832 755 985 812 ὅσων
1013 755 1145 827 ημῖν
1173 757 1472 827 πρόκειται.
1515 757 1599 813 Οὐ
1629 781 1736 828 γαρ
1770 752 1890 828 οὖν,
1918 772 1920 774 ’

210 845 340 911 ἔφη·
379 838 498 895 ἀλλ’
527 837 560 894 ὃ
579 835 651 894 ἀν
673 839 848 910 μόνον
868 844 1027 909 δηλοῖ
1041 837 1180 908 πρὸς
1198 859 1299 908 την
1319 842 1418 904 ἔξω
1435 841 1759 910 σαφήνειαν,
1780 838 1853 893 *α
1866 849 1891 877 *

210 926 355 992 λέγει
376 924 436 977 ἐν
457 919 886 993 ψυχῇ,”ῗάρκέσει
898 926 938 971 *.
957 917 1196 989 Ἀρέσκει
1215 926 1373 988 γοῦν,
1394 914 1467 989 ἧν
1481 918 1530 974 δ’
1556 921 1680 991 ἐγώ,
1704 920 1888 988 ὥσπερ
1930 959 1932 962 v

210 1003 271 1059 τὸ
294 1004 585 1076 πρότερον,
618 1002 721 1072 τὴν
745 1002 846 1072 μὲν
875 1002 1100 1071 πρώτην
1128 1011 1327 1071 μοῖραν
1357 1001 1656 1073 ἐπιστήμην
1686 1010 1891 1071 καλεῖν,

98 1097 184 1140 534
220 1089 483 1155 δευτέραν
503 1085 561 1140 δὲ
582 1084 848 1154 διάνοιαν,
867 1089 1055 1153 τρίτην
1070 1081 1129 1136 δὲ
1148 1091 1329 1138 πίστιν
1342 1085 1431 1138 καὶ
1444 1087 1690 1139 εἰκασίαν
1700 1084 1893 1154 τετάρ-
1932 1081 1934 1083 ’

211 1189 336 1237 την·
374 1167 466 1220 καὶ
485 1165 874 1235 ξυναμφότερα
899 1163 1000 1234 μὲν
1017 1170 1188 1218 ταῦτα
1210 1163 1393 1233 δόξαν,
1415 1165 1803 1235 ξυναμφότερα
1836 1162 1887 1219 δ’
1936 1168 1938 1170 ’

213 1252 394 1303 ἐκεῖνα
413 1247 609 1317 νόησιν
624 1268 634 1278 ·
656 1248 748 1300 καὶ
768 1245 935 1310 δόξαν
956 1245 1059 1314 μὲν
1081 1246 1202 1314 περὶ
1220 1247 1453 1317 γένεσιν,
1470 1247 1669 1317 νόησιν
1690 1249 1750 1301 δὲ
1768 1251 1891 1315 περὶ

214 1328 412 1384 οὐσίαν
428 1350 438 1361 ·
477 1331 569 1383 καὶ
589 1325 620 1382 ὅ
639 1350 689 1381 τι
709 1325 867 1381 οὐσία
888 1323 1027 1394 πρὸς
1045 1329 1279 1396 γένεσιν,
1314 1327 1510 1396 νόησιν
1537 1325 1675 1395 πρὸς
1705 1328 1895 1400 δόξανῆ

213 1412 303 1467 καὶ
339 1408 370 1464 ὅ
406 1432 456 1464 τι
487 1410 680 1480 νόησις
710 1406 847 1477 πρὸς
873 1408 1058 1476 δόξαν,
1090 1407 1392 1477 ἐπιστήμην
1419 1407 1558 1476 πρὸς
1589 1413 1772 1463 πίστιν
1802 1411 1892 1464 καὶ

215 1491 469 1546 διάνοιαν
487 1493 625 1561 πρὸς
646 1494 915 1545 εἰκασίαν·
952 1486 1054 1558 τὴν
1086 1485 1137 1542 δ’
1161 1485 1252 1557 ἐφ’
1283 1484 1363 1552 οἷς
1390 1494 1561 1543 ταῦτα
1591 1487 1893 1559 ἀναλογίαν
1920 1504 1941 1554 ἲ

215 1575 308 1629 καὶ
346 1577 613 1642 διαίρεσιν
650 1576 773 1642 διχῇ
811 1572 1088 1642 ἑκατέρου,
1136 1572 1405 1634 δοξαστοῦ
1445 1591 1503 1624 τε
1543 1574 1634 1625 καὶ
1669 1577 1891 1641 νοητοῦ,
1939 1573 1951 1616 .'

214 1659 406 1726 ἐῶμεν,
448 1648 492 1708 ὦ
511 1653 822 1758 Γλαύκων,
859 1657 950 1708 ἵνα
981 1651 1052 1723 μὴ
1084 1651 1225 1723 ἡμᾶς
1247 1658 1672 1707 πολλαπλασίων
1710 1653 1893 1722 λόγων
1933 1687 1946 1714 7.

151 1748 185 1789 B
216 1736 464 1807 ἐμπλήσῃ
499 1732 535 1806 ἦ
570 1734 722 1789 ὅσων
757 1738 813 1790 οἰ
846 1734 1308 1804 παρεληλυθότες.
1360 1733 1516 1789 Ἀλλα
1553 1755 1663 1803 μην
1700 1734 1871 1804 ἔ’μοιγ
1877 1777 1891 1803 ,
1936 1731 1950 1770 ῗ’

216 1823 339 1889 ἔφη,
359 1818 427 1874 τά
455 1839 518 1887 γε
542 1816 702 1887 ἄλλα,
731 1815 867 1871 καθ’
904 1815 1038 1872 ὅσον
1068 1816 1309 1886 δύναμαι
1342 1817 1590 1885 ε’πεσθαι,
1624 1818 1892 1881 ξυνδοκεῖ.
1935 1819 1949 1831 ’”

209 1895 278 1956 ’H
291 1902 382 1955 καὶ
408 1897 751 1955 διαλεκτικὸν
775 1906 957 1964 καλεῖς
977 1897 1077 1954 τὸν
1099 1899 1270 1968 λόγον
1289 1898 1522 1953 ἑκάστου
1542 1898 1894 1969 λαμβάνοντα

216 1988 312 2052 τῆς
333 1979 548 2046 οὐσίας·
536 2024 549 2048 ,
571 1982 662 2036 καὶ
680 1981 862 2051 τὸνμὴ
886 1985 1093 2051 ἔχοντα,
1115 1979 1251 2036 καθ’
1274 1978 1410 2034 ὅσον
1429 1975 1499 2034 ἄν
1518 1980 1591 2048 μὴ
1614 1983 1706 2049 ἔχῃ
1726 1979 1894 2046 λόγον

219 2063 372 2137 αὑτω
391 2085 449 2119 τε
469 2065 559 2118 καὶ
578 2062 726 2118 άλλω
748 2062 980 2131 διδόναι,
1014 2063 1152 2117 κατὰ
1172 2068 1440 2116 τοσοῦτον
1460 2065 1601 2115 νοῦν
1619 2062 1743 2129 περὶ
1761 2061 1892 2114 τού-

218 2166 319 2200 του
339 2143 407 2199 ού
428 2145 621 2214 φήσεις
640 2149 807 2214 ἐχειν;
843 2150 972 2208 Πως
990 2144 1097 2213 γάρ
1118 2142 1205 2212 άν,
1237 2135 1273 2213 ἦ
1302 2140 1352 2196 δ’
1390 2141 1469 2211 ὅς,
1503 2147 1699 2212 φαίην;
1743 2140 1892 2196 Οὐκ-

221 2233 324 2281 οῦν
351 2227 443 2280 καὶ
462 2227 586 2295 περὶ
613 2231 714 2279 τοῦ
744 2223 962 2294 ἀγαθοῦ
996 2222 1278 2287 ὡσαύτως·
1315 2221 1374 2287 ὃς
1405 2220 1476 2277 ἄν
1506 2222 1577 2294 μὴ
1603 2228 1695 2295 ἔχῃ
1720 2227 1894 2294 διορί-

222 2315 426 2362 σασθαι
446 2312 522 2379 τῷ
545 2306 690 2380 λόγῳ
714 2304 819 2361 ἀπὸ
842 2313 954 2361 τῶν
972 2305 1156 2362 ἄλλων
1176 2305 1399 2360 πάντων
1420 2302 1646 2375 ἀφελών
1674 2304 1776 2374 τὴν
1794 2325 1893 2359 του

170 2403 203 2456 G
226 2388 448 2459 ἀγαθοῦ
483 2392 650 2457 ἰδέαν,
682 2391 772 2443 καὶ
810 2388 991 2458 ὥσπερ
1029 2391 1089 2444 ἐν
1118 2389 1260 2460 μάχῃ
1293 2385 1382 2443 διὰ
1405 2387 1632 2442 πάντων
1664 2389 1894 2456 ἐλέγχων

223 2470 454 2540 διεξιών,
474 2471 548 2541 μὴ
570 2468 708 2525 κατὰ
728 2470 892 2535 δόξαν
912 2469 1052 2526 ἀλλὰ
1071 2469 1192 2525 κατ’
1219 2469 1415 2525 οὐσίαν
1433 2469 1896 2539 προθυμούμενος

221 2555 475 2623 ἐλέγχειν,
501 2556 560 2608 ἐν
581 2558 716 2607 πᾶσι
735 2552 946 2617 τούτοις
973 2553 1177 2608 ἀπτῶτι
1202 2559 1279 2626 τςὸ
1308 2553 1453 2625 λόγῳ
1486 2550 1892 2620 διαπορεύηται,

223 2633 350 2689 οὔτε
379 2631 513 2689 αὐτὸ
543 2633 603 2689 τὸ
635 2632 856 2703 ἀγαθὸν
894 2633 1086 2705 φήσεις
1124 2636 1325 2689 εἰδέναι
1364 2632 1462 2688 τὸν
1493 2632 1668 2695 οὕτως
1701 2635 1894 2699 ἔχοντα

223 2713 350 2769 οὔτε
370 2715 503 2771 ἄλλο
527 2712 743 2785 ἀγαθὸν
775 2714 956 2785 οὐδέν,
983 2714 1102 2771 ’ἀλλ’
1135 2723 1189 2771 εἴ
1213 2735 1289 2787 πῃ
1318 2713 1548 2770 εἰδώλου
1579 2710 1724 2774 τινὸς
1755 2714 1895 2780 ἐφα-

224 2817 425 2866 πτεται,
448 2797 594 2868 δόξῃ,
617 2797 719 2853 οὐκ
740 2797 1004 2869 ἐπιστήμῃ
1025 2798 1384 2868 ἐφάπτεσθαι,
1415 2796 1505 2850 καὶ
1523 2794 1620 2849 τὸν
1642 2799 1750 2847 νῦν
1770 2798 1892 2863 βίον

1941 2071 1962 2887 i

1918 3174 1962 3236 Ji
