1962 3236
224 188 323 242 128
831 193 1302 240 ΠΛΑΤΩΝΟΣ

221 324 501 395 ποιμένων
521 323 743 389 πόλεως.
782 329 981 387 Καλῶς
1000 324 1126 393 γάρ,
1147 318 1218 394 ἦν
1240 322 1296 378 δ’
1319 325 1443 393 ἐγώ,
1470 337 1615 391 νοεῖς
1636 323 1667 381 ὃ
1685 327 1897 398 βούλο-

166 423 198 463 Ε
226 410 322 477 μαι
358 407 552 475 λέγειν.
593 403 716 459 ἀλλ’
751 400 789 473 ἦ
825 401 963 472 πρὸς
998 403 1173 476 τούτῳ
1209 405 1299 459 καὶ
1340 406 1466 461 τόδε
1503 409 1760 478 ἐνθυμεῖ;
1815 403 1889 462 Τὸ

222 499 409 551 ποῖον;
430 486 548 542 Ὅτι
565 480 951 555 τούναντίονῆ
981 483 1178 555 ἀρτίως
1200 483 1331 556 ἡμῖν
1361 492 1614 556 φαίνεται
1643 489 1766 558 περὶ
1791 495 1893 543 τοῦ

221 571 571 638 θυμοειδοῦς.
608 564 731 620 τότε
751 565 853 634 μὲν
872 563 976 634 γὰρ
998 565 1400 635 ἐπιθυμητικόν
1427 588 1479 621 τι
1507 566 1640 623 αὐτὸ
1666 567 1892 642 ςόόμεθα

223 649 379 716 εἶναι,
397 655 506 703 νῦν
527 646 584 701 δὲ
613 652 824 701 πολλοῦ
843 648 960 700 δεῖν
979 646 1176 716 φαμέν,
1198 644 1337 702 ἄλλα
1359 646 1502 703 πολὺ
1522 656 1733 719 μᾶλλον
1757 648 1889 705 αὐτὸ

222 732 282 783 ἐν
301 734 368 799 τῇ
385 734 480 799 τῆς
501 732 677 797 ψυχῆς
696 725 880 781 στάσει
899 731 1159 782 τίθεσθαι
1178 726 1242 782 τά
1266 727 1409 784 ὅπλα
1438 729 1574 799 πρὸς
1606 738 1706 786 τοῦ
1737 739 1891 801 λογι-

221 815 428 864 στικοῦ.
471 806 854 877 Παντάπασιν,
877 812 998 877 ἔφη.
1042 801 1160 877 Ἆρ’
1191 803 1297 863 οὖν
1326 810 1515 881 ἕτερον
1545 807 1612 867 ὂν
1640 815 1729 868 καὶ
1759 813 1891 867 τού-

217 912 336 960 του,
364 886 400 961 ἦ
430 895 747 958 λογιστικοῦ
776 911 826 943 τι
854 887 1011 959 εἶδος,
1049 887 1187 945 ὥστε
1215 889 1287 961 μὴ
1318 897 1440 961 τρία
1470 893 1607 949 ἄλλα
1640 895 1741 949 δύο
1774 897 1888 963 εἴδη

219 971 358 1027 εἶναι
380 973 441 1026 ἐν
462 976 625 1042 ψυχῇ,
649 968 964 1039 λογιστικὸν
994 974 1083 1024 καὶ
1116 972 1542 1042 ἐπιθυμητικόν;
1578 972 1611 1044 ἢ
1637 974 1889 1044 καθάπερ

103 1072 186 1117 441
221 1056 279 1109 ἐν
300 1059 366 1124 τῇ
385 1051 540 1107 πόλει
560 1054 803 1120 ξυνεῖχεν
836 1048 1010 1120 αὐτὴν
1043 1056 1167 1121 τρία
1199 1050 1332 1107 ὄντα
1361 1057 1513 1125 γένη,
1545 1071 1892 1127 χρηματιστι-

219 1135 339 1204 κόν,
361 1131 795 1203 ἐπικουρητικόν,
808 1133 1187 1203 βουλευτικόν,
1203 1132 1349 1189 οὕτω
1362 1138 1451 1190 καὶ
1473 1138 1532 1190 ἐν
1548 1143 1695 1209 ψυχῇ
1706 1141 1891 1206 τρίτον

218 1215 382 1274 τοῦτό
403 1218 514 1271 ἐστι
529 1213 589 1269 τὸ
610 1217 920 1285 θυμοειδές,
935 1217 1231 1285 ἐπίκουρον
1244 1212 1310 1270 ὂν
1320 1223 1397 1290 τῷ
1408 1223 1697 1291 λογιστικῷ
1707 1217 1890 1287 φύσει,

219 1297 319 1355 ἐὰν
340 1295 412 1368 μὴ
436 1294 739 1378 ὑπόηκακῆς
757 1303 966 1366 τροφῆς
987 1300 1276 1368 διαφθαρῇ
1290 1321 1301 1362 ;
1337 1297 1586 1369 Ἀνάγκη,
1622 1303 1744 1369 ἔφη,
1774 1304 1893 1370 τρί’

217 1402 332 1436 τον.
370 1382 501 1449 Ναί,
523 1379 594 1448 ἠν
616 1374 666 1430 δ’
692 1375 816 1446 ἐγώ,
838 1375 907 1431 ἄν
928 1398 990 1445 γε
1010 1383 1109 1432 τοῦ
1126 1384 1443 1447 λογιστικοῦ
1473 1380 1606 1435 ἄλλο
1637 1401 1688 1434 τι
1721 1386 1890 1450 φανῇ,
1957 1399 1962 1402 “

218 1461 402 1532 ὥσπερ
421 1466 523 1516 τοῦ
541 1461 948 1529 ἐπιθυμητικοῦ
973 1458 1150 1530 ἐφάνη
1179 1461 1368 1531 ἕτερον
1390 1460 1472 1515 ὅν.
1518 1457 1659 1516 Ἀλλ’
1695 1458 1763 1515 οὐ
1792 1483 1893 1530 χα-
1952 1477 1954 1480 ’

215 1544 406 1613 λεπόν,
428 1546 551 1613 ἔφη,
577 1547 835 1612 φανῆναι.
890 1543 980 1595 καὶ
1010 1541 1116 1612 γὰρ
1148 1544 1208 1596 ἐν
1236 1553 1349 1607 τοῖς
1375 1546 1610 1607 παιδίοις
1640 1541 1805 1597 τοῦτό
1834 1534 1890 1611 γ’
1951 1535 1959 1541 Ἀ

218 1627 288 1683 ἄν
306 1648 386 1691 τις
420 1628 545 1694 ἴδοι,
582 1621 667 1678 ὅτι
699 1628 891 1693 θυμοῦ
928 1622 1029 1694 μὲν
1058 1621 1234 1687 εὐθὺς
1262 1622 1533 1694 γενόμενα
1563 1622 1732 1695 μεστά
1763 1626 1891 1692 ἐστι,

154 1725 187 1766 Β
218 1713 487 1779 λογισμοῦ
506 1704 556 1760 δ’
580 1709 715 1760 ἔνιοι
733 1703 835 1774 μὲν
855 1709 1035 1775 ἔμοιγε
1056 1708 1318 1760 δοκοῦσιν
1337 1705 1600 1763 οὐδέποτε
1617 1711 1894 1776 μεταλαμ-
1956 1772 1962 1776 -

215 1791 428 1862 βάνειν,
461 1790 515 1844 οἱ
544 1788 602 1842 δὲ
634 1788 827 1842 πολλοὶ
858 1784 964 1852 ὀψέ
990 1806 1136 1841 ποτε.
1187 1789 1298 1842 Ναὶ
1329 1786 1403 1857 μα
1433 1785 1548 1856 Δί’,
1579 1781 1652 1858 ἦν
1682 1785 1732 1842 δ’
1767 1784 1889 1857 ἐγώ,
1954 1829 1962 1834 -

216 1877 398 1935 καλῶς
417 1891 478 1940 γε
497 1867 654 1933 εἶπες.
703 1874 780 1923 ἔτι
802 1867 859 1923 δὲ
881 1872 939 1922 ἐν
960 1880 1071 1933 τοῖς
1095 1875 1312 1939 θηρίοις
1332 1868 1402 1923 ἄν
1423 1890 1501 1933 τις
1522 1871 1629 1924 ἴδοι
1649 1865 1680 1922 ὂ
1698 1869 1890 1938 λέγεις,
1951 1907 1955 1910 -

216 1953 301 2010 ὅτι
321 1951 497 2017 οὕτως
517 1955 637 2021 ἔχει.
678 1951 815 2022 πρὸς
837 1953 895 2005 δὲ
914 1949 1128 2015 τούτοις
1147 1952 1238 2006 καὶ
1258 1948 1290 2005 ὃ
1320 1950 1435 2005 ἅνω
1461 1971 1571 2006 που
1601 1952 1714 2005 ἐκεῖ
1738 1957 1891 2005 εἰπο-

213 2057 332 2106 μεν,
353 2033 412 2090 τὸ
434 2039 536 2088 τοῦ
551 2029 796 2103 Ὁμήρου
825 2031 1178 2102 μαρτυρήσει,
1204 2032 1264 2086 τὸ

357 2122 563 2185 στῆθος
581 2113 640 2169 δὲ
659 2114 866 2183 πλήξας
887 2117 1121 2184 κραδίην
1139 2111 1375 2183 η’νίπαπε
1394 2112 1582 2185 μύθῳ·

216 2200 462 2251 ἐνταῦθα
481 2192 587 2266 γὰρ
610 2192 676 2263 δὴ
698 2200 889 2263 σαφῶς
920 2191 991 2258 ὥς
1018 2195 1208 2265 ἕτερον
1238 2194 1402 2265 ἑτέρῳ
1432 2196 1761 2264 ἐπιπλῆττον
1790 2213 1890 2248 πε-

152 2301 183 2343 c
216 2272 690 2348 ποίηκενὍμηρος
708 2274 768 2329 τὸ
784 2272 1259 2346 ἀναλογισάμενον
1274 2277 1395 2345 περὶ
1413 2281 1512 2329 τοῦ
1533 2274 1813 2346 βελτίονός
1830 2296 1887 2329 τε

213 2359 305 2413 καὶ
340 2362 586 2427 χείρονος
633 2363 710 2428 τῷ
748 2354 1045 2426 άλογίστως
1084 2358 1440 2431 θυμουμένῳ.
1491 2359 1724 2428 Κομιδῇ,
1765 2361 1886 2426 ἔφη,

214 2434 401 2508 ὀρθῶς
424 2439 609 2507 λέγεις.

351 2524 476 2576 XVI.
535 2527 716 2576 Ταῦτα
738 2524 838 2592 μὲν
864 2521 989 2591 ἄρα,
1013 2515 1084 2592 ἦν
1114 2519 1163 2577 δ’
1197 2522 1321 2593 ἐγώ,
1352 2522 1510 2593 μόγις
1532 2522 1888 2577 διανενεύκα-

212 2625 331 2674 μεν,
353 2605 443 2658 καὶ
462 2601 590 2673 ἡμῖν
612 2605 859 2668 ἐπιεικῶς
878 2601 1237 2674 ὁμολογεῖται,
1261 2603 1326 2659 τὰ
1348 2601 1487 2659 αὐτοὶ
1513 2606 1615 2675 μὲν
1635 2605 1693 2659 ἐν
1713 2602 1883 2672 πόλει,

210 2684 275 2737 τὰ
298 2682 438 2739 αὐτὰ
461 2683 511 2740 δ’
539 2687 600 2740 ἐν
619 2682 741 2750 ἑνὸς
763 2686 999 2741 ἑκάστου
1028 2691 1094 2757 τῇ
1115 2693 1264 2758 ψυχῇ
1282 2689 1413 2756 γένη
1445 2688 1647 2742 ἐνεῖναι
1673 2684 1762 2738 καὶ
1792 2691 1883 2739 ἴσα
1932 2743 1941 2748 ,

211 2761 309 2818 τὸν
328 2762 587 2836 ἀριθμόν.
611 2765 761 2821 ’Ἐστι
780 2773 967 2821 ταῦτα.
1013 2764 1243 2822 Οὐκοῦν
1274 2765 1453 2822 ἐκεῖνό
1481 2785 1543 2835 γε
1571 2764 1675 2834 ἤδη
1709 2762 1884 2834 άναγ-
1959 2786 1962 2789 ·

212 2854 387 2914 καῖον,
410 2843 481 2910 ὡς
505 2847 662 2911 πόλις
689 2841 759 2917 ἧν
779 2846 925 2918 σοφὴ
944 2851 1032 2904 καὶ
1054 2841 1114 2920 ᾦ,
1138 2847 1282 2904 οὕτω
1305 2850 1395 2903 καὶ
1423 2844 1521 2901 τὸν
1543 2844 1770 2917 ἰδιώτην
1792 2848 1883 2901 καὶ
