1962 3236
23 178 34 182 ’
66 158 127 204 29
723 148 1104 198 ΤΙΜΛΙΟΣ.
1644 143 1749 196 347

2 294 23 323 ³·
66 281 175 340 ἀπὸ
200 289 303 340 τοῦ
322 281 539 354 κόσμου
560 280 937 351 δανειζόμενοι
963 280 1149 352 μόρια,
1182 276 1254 346 ὥς
1280 277 1749 350 ἀποδοθησόμενα

66 364 251 435 πάλιν,
275 369 352 430 εἰς
375 362 584 419 ταύτὸν
609 360 677 418 τά
706 361 1100 434 λαμβανόμενα
1129 361 1501 431 συνεκόλλων,
1534 356 1604 415 ού
1632 369 1745 423 τοῖς
1772 374 1830 417 43

66 444 287 510 ἀλύτοις
315 441 399 510 οἷς
425 443 581 499 αὐτοὶ
610 446 924 513 ξυνείχοντο
954 447 1191 514 δεσμοῖς,
1221 439 1362 498 ἀλλά
1395 438 1486 496 διὰ
1514 437 1749 509 σμικρό-

0 569 3 575 .
66 549 198 598 τητα
217 525 492 597 ἀοράτοις,
512 523 990 595 πυκνοῑςγόμφοις
1009 524 1389 596 ξυντήκοντες,
1410 523 1473 578 ἓν
1493 522 1547 587 ἐξ
1567 518 1749 576 ἁπάν-

0 620 2 648 ³
64 630 178 664 των
214 605 645 679 ἀπεργαζόμενοι
693 611 852 676 σῶμα
898 605 1159 676 ἕκαστον,
1197 604 1293 670 τὰς
1328 611 1424 676 τῆς
1458 602 1749 658 ἀθανάτου

66 697 243 761 ψυχῆς
261 689 556 759 περιόδους
576 690 805 744 ἐνέδουν
833 692 911 752 εἰς
936 690 1235 758 ἐπίρρυτον
1263 693 1422 758 σῶμα
1449 688 1542 742 καὶ
1570 682 1750 752 ἀπόρ-

65 791 252 839 ρυτον.
293 773 356 824 αι’
377 768 428 824 δ’
452 775 528 833 είς
545 770 795 840 ποταμὸν
814 772 1124 826 ἐνδεθεῖσαι
1144 767 1326 825 πολύν
1345 764 1454 823 οὔτ’
1478 764 1747 837 ἐκράτουν

65 851 186 910 οὔτ’
206 854 558 922 ἐκρατοῦντο,
579 856 675 924 βίᾳ
694 849 746 907 δ’
768 853 1032 922 ἐφέροντο
1050 852 1139 907 καὶ
1160 855 1381 921 ἔφερον,
1405 847 1544 904 ὥστε
1563 846 1622 902 τὸ
1642 848 1745 917 μὲν
1776 859 1807 899 Β

66 933 203 991 ὅλον
219 941 497 989 κινεῖσθαι
515 938 672 1002 ζῶον,
697 930 942 998 ἀτάκτως
958 933 1069 1003 μὴν
1088 931 1198 1004 ὅπῃ
1218 931 1371 1001 τύχοι
1389 932 1640 999 προϊέναι
1659 930 1749 983 καὶ

65 1015 298 1086 ἀλόγως,
317 1014 415 1080 τὰς
433 1018 487 1080 ἓξ
507 1013 721 1080 ἁπάσας
739 1016 982 1086 κινήσεις
1001 1019 1152 1085 ἔχον·
1193 1021 1269 1077 εἴς
1286 1034 1344 1068 τε
1372 1009 1480 1082 γὰρ
1509 1009 1570 1066 τὸ
1605 1010 1748 1081 πρό-

68 1106 174 1153 σθε
192 1099 283 1153 καὶ
301 1095 542 1152 ὄπισθεν
561 1098 652 1152 καὶ
671 1096 838 1152 πάλιν
860 1102 935 1161 εἰς
956 1093 1102 1161 δεξιὰ
1124 1096 1214 1150 καὶ
1245 1091 1506 1163 ἀριστερὰ
1525 1091 1673 1148 κάτω
1692 1113 1750 1146 τε

65 1176 214 1234 ’‘al''
177 1198 294 1232 ανω
315 1179 407 1232 καὶ
426 1176 604 1275 πάντη
624 1176 762 1232 κατὰ
780 1177 911 1242 τούς
931 1180 984 1243 ἓξ
1002 1177 1208 1241 τόπους
1227 1173 1564 1245 πλανωμενα
1580 1171 1751 1273 προῄ-

65 1281 162 1316 ειν.
200 1265 413 1315 πολλοῦ
431 1257 539 1328 γάρ
559 1257 721 1322 ὄντος
739 1265 842 1313 τοῦ
865 1257 1300 1323 κατακλύζοντος
1329 1257 1419 1311 καὶ
1439 1253 1751 1324 ἀπορρέον-

65 1362 156 1405 τος
174 1339 435 1411 κύματος,
457 1336 490 1394 ὃ
522 1338 624 1410 τὴν
651 1337 869 1409 τροφὴν
897 1349 1167 1410 παρεῖχεν,
1196 1341 1272 1392 ἔτι
1301 1341 1461 1407 μείζω
1491 1336 1751 1406 θόρυβον

66 1421 419 1491 ἀπειργάζετο
438 1420 502 1476 τὰ
523 1442 635 1476 των
662 1420 1124 1490 προσπιπτόντων
1154 1418 1455 1490 παθήματα
1484 1417 1812 1486 ἑκάστοις,0

68 1502 159 1558 ὅτε
191 1504 327 1571 πυρὶ
353 1500 754 1571 προσκρούσειε
785 1499 845 1556 τὸ
878 1500 1035 1573 σῶμά
1063 1522 1213 1566 τινος
1245 1503 1454 1566 ἔξωθεν
1483 1497 1753 1571 ἀλλοτρίῳ

68 1581 366 1653 περιτυχόν
384 1579 420 1653 ἦ
448 1583 540 1638 καὶ
570 1589 774 1656 στερεῷ
801 1588 900 1654 γῆς
923 1581 1114 1654 ὑγροῖς
1131 1604 1190 1639 τε
1219 1579 1593 1652 όλισθήμασιν
1611 1576 1755 1634 ὑδά-

69 1687 200 1735 των,
216 1673 321 1721 εἶτε
342 1665 474 1737 ζάλῃ
494 1665 827 1735 πνευμάτων
845 1662 954 1720 ὑπὸ
976 1663 1136 1736 ἀέρος
1154 1665 1483 1735 φερομένων
1512 1667 1755 1731 καταλη-

71 1754 263 1819 φθείη,
283 1749 373 1803 καὶ
394 1743 501 1803 ὑπὸ
525 1746 750 1802 πάντων
769 1746 980 1803 τούτων
1005 1744 1217 1802 διάτοῦ
1237 1744 1488 1816 σώματος
1507 1747 1568 1800 αἱ
1594 1744 1757 1814 κινή-

67 1847 179 1894 σεις
209 1831 295 1884 ἐπὶ
324 1828 426 1900 τὴν
463 1827 645 1899 ψυχὴν
681 1828 982 1899 φερόμεναι
1012 1833 1435 1899 προσπίπτοιεν·
1475 1831 1535 1881 αἳ
1561 1822 1627 1896 δὴ
1663 1827 1756 1880 καὶ

67 1916 253 1967 ἔπειτα
274 1910 362 1967 διὰ
385 1916 557 1966 ταῦτα
569 1910 887 1982 ἐκλήθησάν
905 1932 961 1966 τε
974 1911 1063 1966 καὶ
1083 1917 1192 1965 νῦν
1216 1913 1293 1965 ἔτι
1313 1907 1599 1978 αἰσθήσεις
1618 1910 1753 1972 ξυν-

69 1995 276 2048 άπασαι
313 1997 618 2063 κέκληνται.
656 1995 747 2048 καὶ
777 1992 842 2064 δὴ
875 1995 968 2048 καὶ
988 1993 1107 2048 τότε
1135 1995 1196 2048 ἐν
1225 1998 1303 2063 τῷ
1332 1989 1568 2060 παρόντι
1597 1993 1751 2045 πλεί-

70 2092 208 2146 στην
226 2076 315 2130 καὶ
334 2080 596 2145 μεγίστην
615 2074 981 2144 παρεχόμεναι
1001 2080 1236 2144 κίνησιν,
1258 2072 1392 2144 μετὰ
1413 2076 1513 2127 τοῦ
1531 2072 1755 2144 ῥέοντος

72 2158 366 2225 ἐνδελεχῶς
383 2152 577 2225 ὀχετοῦ
597 2161 852 2211 κινοῦσαι
870 2156 960 2211 καὶ
982 2158 1241 2225 σφοδρῶς
1265 2163 1512 2209 σείουσαι
1541 2150 1637 2215 τὰς
1660 2154 1756 2222 τῆς
1786 2168 1820 2210 D

71 2240 251 2307 ψυχῆς
269 2236 579 2307 περιόδους,
611 2238 713 2308 τὴν
740 2236 842 2308 μὲν
868 2234 1076 2293 ταύτοῦ
1105 2235 1458 2291 παντάπασιν
1483 2236 1755 2304 ἐπέδησαν

72 2319 292 2373 ἐναντία
321 2314 461 2387 αὐτῇ
486 2319 708 2384 ῥέουσαι
733 2320 826 2373 καὶ
849 2320 1078 2389 ἐπέσχον
1107 2316 1391 2387 ἄρχουσαν
1420 2316 1510 2371 καὶ
1537 2318 1754 2382 ἰοῦσαν,

73 2396 176 2468 τὴν
196 2395 248 2453 δ’
270 2390 344 2452 αὖ
361 2398 606 2467 θατέρου
630 2399 919 2468 διέσεισαν,
944 2397 1083 2454 ὥστε
1110 2396 1208 2462 τὰς
1227 2402 1330 2453 τοῦ
1350 2400 1644 2453 διπλασίου
1665 2397 1757 2455 καὶ,

72 2485 399 2548 τριπλασίου
425 2490 568 2547 τρεῖς
586 2479 842 2548 ἑκατέρας
860 2479 1188 2544 ἀποστάσεις
1215 2480 1306 2535 καὶ
1330 2477 1425 2542 τὰς
1454 2484 1566 2534 τῶν
1594 2474 1756 2548 ἡμιο-

75 2566 210 2615 λίων
221 2563 309 2615 καὶ
330 2563 620 2630 ἐπιτρίτων
632 2563 721 2617 καὶ
741 2563 1028 2632 ἐπογδόων
1045 2562 1347 2634 μεσότητας
1358 2562 1447 2617 καὶ
1461 2562 1756 2630 ξυνδέσεις,

70 2640 259 2712 ἐπειδὴ
295 2650 576 2707 παντελῶς
613 2647 770 2699 λυταὶ
800 2644 903 2700 ούκ
932 2639 1077 2715 ἦσαν
1105 2645 1249 2715 πλὴν
1278 2642 1388 2700 ὑπὸ
1420 2649 1523 2699 τοῦ
1541 2641 1758 2712 ’ξυνδή-

70 2740 288 2791 σαντος,
310 2726 491 2789 πάσας
510 2726 612 2795 μὲν
633 2728 860 2797 στρέψαι
882 2729 1142 2797 στροφάς,
1158 2726 1336 2791 πάσας
1356 2724 1414 2781 δὲ
1432 2724 1651 2789 κλάσεις
1669 2724 1760 2780 καὶ

71 2805 345 2876 διαφορὰς
383 2812 500 2862 ταῖν
529 2806 754 2863 κύκλων
790 2810 1055 2879 ἐμποιεῖν,
1085 2806 1362 2880 ὀσαχῇπερ
1393 2799 1464 2878 ἦν
1493 2805 1756 2874 δυνατόν,
1789 2815 1822 2855 Ε
