1962 3236
235 128 340 182 432
852 133 1330 182 ΠΛΑΤΩΝΟΣ
1838 141 1921 187 114
1957 163 1960 175 2

238 268 404 336 δεῦρο
433 264 773 335 ἐπάρχοντες.
811 262 1107 331 ’Ἄτλαντος
1140 263 1207 336 δὴ
1244 265 1389 322 πολὺ
1418 268 1521 337 μὲν
1552 269 1685 325 ἄλλο
1717 273 1807 326 καὶ
1841 275 1956 326 τί-

171 360 206 402 D
238 368 366 420 μιον
392 352 636 417 γίγνεται
661 347 838 415 γένος,
868 346 1128 418 βασιλεὺς
1166 347 1225 403 δὲ
1264 346 1294 403 6
1333 349 1709 421 πρεσβύτατος
1738 349 1821 406 ἀεὶ
1849 357 1923 426 τῷ

238 428 599 501 πρεσβυτάτῳ
616 433 729 482 τῶν
748 426 996 497 ἐκγόνων
1014 428 1357 500 παραδιδοὺς
1385 432 1472 485 ἐπὶ
1500 430 1694 500 γενεὰς
1721 431 1927 497 πολλὰς
1952 464 1962 509 2?

238 511 340 581 τὴν
366 516 651 581 βασιλείαν
672 512 947 580 διέσωζον,
977 517 1222 566 πλοῦτον
1249 510 1351 582 μὲν
1377 516 1699 583 κεκτημένοι
1723 514 1928 585 πλήθει
1947 510 1962 535 ³

239 597 527 662 τοσοῦτον,
550 591 678 656 ὅσος
699 590 827 647 οὔτε
851 613 936 646 πω
963 591 1216 663 πρόσθεν
1246 596 1306 649 ἐν
1327 597 1673 667 δυναστείαις
1695 597 1804 651 τισὶ
1823 601 1928 667 βα-

241 675 439 730 σιλέων
457 675 690 745 γέγονεν
710 673 839 729 οὔτε
858 675 988 731 ποτε
1007 673 1243 748 ὕστερον
1261 679 1527 746 γενέσθαι
1547 678 1755 750 ῥᾴδιος,
1776 699 1927 732 κατε-

238 757 587 827 σκευασμένα
613 757 674 812 δὲ
706 757 887 812 πάντα
920 750 992 827 ἦν
1020 755 1224 827 αὐτοῖς,
1265 757 1370 813 ὅσα
1402 760 1464 814 έν
1499 759 1656 814 πόλει
1692 762 1785 814 καὶ
1821 757 1926 814 ὅσα

237 837 374 895 κατὰ
395 839 501 911 τὴν
519 839 694 912 ἄλλην
713 839 900 911 χώραν
918 835 991 911 ἦν
1005 845 1171 910 ἔργον
1186 842 1725 897 κατασκευάσασθαι.
1748 841 1927 898 πολλοὶ

237 921 462 993 μὲνγὰρ
485 920 575 977 διὰ
604 919 706 993 τὴν
735 920 910 993 ἀρχὴν
939 920 1124 987 αὐτοῖς
1153 922 1424 994 προσῄειν
1447 926 1675 992 ἔξωθεν,
1705 931 1930 979 πλεῖστα

180 1016 214 1055 Ε
249 1006 308 1060 δὲ
327 1002 361 1076 ἡ
382 1011 551 1075 νῆσος
571 1003 709 1075 αὐτὴ
743 1011 1027 1076 παρείχετο
1056 1011 1132 1071 εἰς
1159 1005 1272 1104 τὰς,
1284 1012 1386 1062 τοῦ
1417 1012 1544 1078 βίου
1569 1007 1927 1078 κατασκευάς,

240 1093 464 1159 πρῶτον
494 1109 594 1158 μεν
625 1086 730 1142 ὅσα
757 1084 868 1142 ὑπὸ
897 1093 1214 1159 μεταλλείας
1245 1086 1587 1159 ὀρυττόμενα
1617 1087 1811 1159 στερεὰ
1840 1089 1931 1143 καὶ

240 1169 346 1226 ὅσα
363 1167 533 1240 τηκτὰ
555 1171 767 1240 γέγονε,
788 1173 879 1225 καὶ
908 1167 970 1226 τὸ
1002 1177 1112 1225 νῦν
1147 1169 1558 1241 ὀνομαζόμενον
1584 1170 1775 1241 μόνον,
1807 1170 1931 1226 τότε

242 1253 302 1306 δὲ
327 1253 497 1307 πλέον
533 1249 803 1322 ὀνόματος
825 1245 898 1322 ἦν
916 1250 975 1306 τὸ
998 1255 1157 1322 γένος
1186 1255 1244 1307 έκ
1263 1258 1364 1323 γῆς
1384 1250 1757 1323 ὀρυττόμενον
1778 1251 1926 1321 ὀρει-

240 1334 452 1404 χάλκου
485 1355 623 1389 κατα
660 1333 864 1398 τόπους
899 1332 1141 1398 πολλοὺς
1177 1340 1273 1404 τῆς
1310 1333 1503 1404 νήσου,
1543 1333 1689 1403 πλὴν
1718 1339 1932 1405 χρυσου

239 1413 568 1486 τιμιώτατον
585 1417 647 1471 έν
667 1427 779 1480 τοῖς
797 1416 920 1471 τότε
946 1414 1038 1470 ὄν·
1079 1417 1170 1470 καὶ
1201 1414 1305 1470 ὅσα
1336 1413 1443 1485 ὕλη
1473 1412 1611 1486 πρὸς
1645 1413 1713 1469 τὰ
1741 1413 1932 1469 τεκτό-

241 1519 360 1552 νων
381 1496 763 1567 διαπονήματα
783 1501 1090 1568 παρέχεται,
1110 1497 1292 1552 πάντα
1312 1499 1562 1568 φέρουσα
1593 1495 1844 1567 ἄφθονα,
1864 1495 1932 1551 τά

239 1599 298 1634 τε
317 1571 393 1634 αὖ
411 1577 620 1648 περὶτὰ
641 1583 751 1645 ζῶα
770 1583 972 1644 ἱκανῶς
991 1578 1169 1650 ἥμερα
1189 1581 1279 1634 καὶ
1308 1579 1475 1649 ἄγρια
1506 1582 1803 1650 τρέφουσα.
1841 1579 1935 1633 καὶ

242 1658 308 1731 δὴ
339 1662 431 1716 καὶ
454 1661 772 1732 ἐλεφάντων
799 1655 871 1732 ἦν
896 1665 956 1717 έν
986 1660 1127 1733 αὐτῇ
1157 1664 1318 1731 γένος
1341 1667 1622 1716 πλεῖστον·
1654 1657 1796 1730 νομὴ
1826 1657 1933 1730 γὰρ

210 1798 216 1804 ,
241 1754 353 1808 τοῖς
370 1764 429 1798 τε
449 1742 637 1808 ἄλλοις
652 1744 830 1815 ζώοις,
864 1743 970 1799 ὅσα
1001 1741 1134 1800 καθ’
1168 1745 1262 1814 ἕλη
1293 1745 1383 1798 καὶ
1415 1748 1611 1814 λίμνας
1641 1744 1733 1797 καὶ
1763 1761 1935 1796 ποτα-

127 1847 212 1893 115
245 1825 405 1897 μούς,
429 1823 533 1880 ὅσα
551 1823 601 1880 τ’
626 1819 701 1880 αὖ
720 1824 840 1881 κατ’
866 1825 969 1898 ὅρη
991 1827 1081 1882 καὶ
1099 1824 1201 1881 ὅσα
1222 1827 1284 1880 ἐν
1312 1835 1425 1889 τοῖς
1455 1827 1662 1888 πεδίοις
1693 1826 1932 1894 νέμεται,

243 1907 486 1978 ξύμπασι
504 1909 691 2006 παρῆν
711 1907 870 2013 ἅδην,
892 1910 984 1964 καὶ
1001 1908 1180 1982 τούτῳ
1200 1929 1341 1981 κατα
1361 1904 1534 1962 ταύτὰ
1563 1926 1639 1960 τω
1670 1903 1806 1978 ζώω,
1835 1925 1934 1974 με-

242 1994 409 2063 γίστω
430 1989 703 2061 πεφυκότι
726 1993 818 2046 καὶ
835 1964 1293 2065 πολυβορωτατω.
1330 1987 1470 2088 πρὸς
1486 1986 1552 2058 δὴ
1573 1987 1805 2084 τούτοις,
1827 1984 1933 2041 ὅσα

247 2069 429 2141 εὐώδη
455 2072 646 2143 τρέφει
675 2091 788 2126 που
817 2079 890 2143 γῆ
917 2073 983 2127 τὰ
1014 2080 1143 2142 νῦν,
1170 2075 1335 2142 ῥιζῶν
1362 2067 1400 2141 ἢ
1432 2067 1595 2140 χλόης
1624 2064 1659 2139 ἢ
1689 2066 1872 2133 ξύλων
1899 2090 1933 2138 η

246 2158 437 2222 χυλων
461 2171 716 2207 στακτων
748 2161 854 2208 εἴτε
883 2152 1082 2209 ανθων
1115 2150 1152 2223 ἢ
1189 2171 1437 2224 καρπων,
1475 2151 1642 2221 ἔφερέ
1667 2170 1726 2204 τε
1764 2155 1937 2204 ταῦτα

243 2236 338 2291 καὶ
354 2238 585 2305 ἔτρεφεν
606 2228 673 2289 εὖ
687 2256 698 2266 ·
738 2239 817 2290 ἔτι
846 2237 906 2290 δὲ
926 2235 1022 2290 τόν
1040 2233 1250 2340 ἥμερον
1270 2234 1506 2333 καρπόν,
1527 2234 1628 2289 τόν
1659 2254 1718 2288 τε
1747 2231 1936 2303 ξηρόν,

246 2312 310 2381 ὃς
326 2326 460 2387 ημιν
470 2322 680 2388 τροφῆς
696 2316 860 2372 ἕνεκά
880 2321 1008 2388 ε’στι,
1023 2318 1115 2373 καὶ
1135 2316 1288 2382 ὅσοις
1303 2338 1466 2389 χαριν
1478 2322 1580 2371 τοῦ
1599 2319 1756 2370 σίτου
1768 2333 1938 2385 προς-

185 2415 216 2457 Β
247 2397 512 2497 χρώμεθα
552 2431 616 2439 —-
653 2405 934 2469 καλοῦμεν
953 2398 1011 2455 δε
1042 2396 1218 2477 αὐτοῦ
1244 2397 1310 2453 τὰ
1341 2401 1478 2469 μέρη
1511 2395 1716 2465 ὄσπρια
1752 2430 1814 2437 —-
1845 2396 1938 2451 καὶ

246 2479 346 2535 τὸν
383 2478 513 2544 ὅσος
550 2479 786 2549 ξύλινος,
823 2479 1041 2552 πόματα
1077 2481 1168 2537 καὶ
1202 2481 1468 2553 βρώματα
1504 2482 1596 2534 καὶ
1637 2476 1938 2549 ἀλείμματα

251 2561 458 2632 φέρων,
479 2565 700 2626 παιδιᾶς
720 2582 777 2616 τε
794 2559 854 2625 ὃς
875 2562 1037 2617 ἕνεκα
1065 2558 1269 2633 ἡδονῆς
1298 2583 1356 2616 τε
1385 2564 1580 2632 γέγονε
1609 2556 1938 2630 δυσθησαύ-

251 2660 436 2713 ριστος
466 2642 801 2715 ἀκροδρύων
831 2643 1059 2714 καρπός,
1098 2641 1204 2698 ὅσα
1243 2664 1300 2698 τε
1324 2643 1655 2714 παραμύθια
1691 2649 1938 2710 πλησμο-

250 2730 350 2795 νῆς
368 2726 708 2796 μεταδόρπια
727 2746 980 2798 αγαπητα
999 2748 1268 2798 καμνοντι
1280 2731 1523 2796 τίθεμεν,
1538 2723 1752 2779 ἅπαντα
1764 2725 1938 2776 ταῦτα

251 2803 283 2875 ἡ
305 2805 424 2862 τότε
446 2810 575 2863 ποτε
596 2801 737 2863 ουσα
757 2806 860 2878 υφ’
886 2807 1022 2881 ἡλίω
1053 2815 1221 2879 νῆσος
1252 2810 1372 2876 ιερα
1402 2805 1544 2861 καλά
1575 2826 1633 2859 τε
1666 2804 1755 2858 καὶ
1787 2810 1936 2857 θαυ-
