1962 3236
0 0 367 68 φνεν(
480 0 813 31 ””“““
871 0 938 41 “5⁵
955 3 965 10 ²
1079 0 1089 61 J
1144 0 1150 57 ζ
1167 22 1174 28 ·

3 125 10 132 ’
85 166 120 210 ³
737 158 1115 206 ΤΙΜΑιοΣ.
1659 154 1764 207 321
1856 148 1860 150 ’

9 306 18 324 ³
88 313 165 358 ως
193 289 293 357 τὰς
319 292 516 362 φύσεις
542 303 657 356 τοῖς
685 290 922 360 ἀνδράσι
949 297 1330 360 παραπλησίας
1363 297 1447 361 εἴη
1485 293 1765 360 ξυναρμο-

89 376 268 441 στέον,
289 371 462 428 καὶτὰ
482 371 883 442 ἐπιτηδεύματα
902 371 1082 426 πάντα
1110 370 1269 426 κοινοὶ
1290 371 1427 426 κατά
1444 392 1501 426 τε
1521 369 1765 458 πόλεμον

86 454 178 509 καὶ
196 475 335 508 κατα
354 453 457 524 τὴν
475 452 651 524 ἄλλην
669 455 885 507 δίαιταν
905 454 1097 506 δοτέον
1116 451 1331 516 πάσαις.

231 539 323 590 ΤΙ.
364 534 554 605 Ταύτῃ
580 535 671 588 καὶ
692 539 866 588 ταῦτα
891 535 1117 602 ἐλέγετο.

229 634 355 684 ΣΩ.
399 634 470 684 Τί
484 630 573 684 δαὶ
593 625 660 698 δὴ
680 626 741 682 τὸ
762 629 884 694 περὶ
907 634 1002 696 τῆς
1021 630 1394 693 παιδοποιιάς;
1425 626 1463 699 ἢ
1479 634 1644 684 τοῦτο
1663 628 1766 699 μὲν

11 702 15 707 ’
86 706 173 763 διὰ
196 708 298 779 τὴν
309 706 544 779 ἀήθειαν
556 712 671 763 τῶν
688 710 1001 777 λεχθέντων
1014 706 1480 780 εὐμνημόνευτον,
1502 706 1587 765 ὅτι
1605 708 1764 765 κοινὰ

84 788 150 843 τὰ
169 797 282 844 τῶν
298 789 494 859 γάμων
516 791 607 844 καὶ
628 788 694 844 τὰ
713 796 827 844 τῶν
855 792 1069 844 παίδων
1098 795 1267 844 πᾶσιν
1292 787 1558 846 ἁπάντων
1586 795 1766 846 ἐτίθε-

82 891 202 940 μεν,
233 872 679 941 μηχανωμένους,
717 869 867 934 ὅπως
902 874 1089 941 μηδείς
1132 892 1262 926 ποτε
1297 870 1358 926 τὸ
1395 875 1765 943 γεγενημένον

84 949 232 1024 αὐτῷ
263 955 374 1024 ἰδίᾳ
403 952 693 1021 γνωσοιτο,
725 958 982 1022 νομιοῦσι
1007 954 1066 1007 δὲ
1095 951 1294 1017 πάντες
1323 952 1532 1018 πάντας
1559 951 1764 1018 αὐτοὺς
1803 966 1835 1004 D

82 1029 379 1102 ὁμογενεῖς,
397 1031 639 1102 ἀδελφὰς
658 1036 759 1103 μὲν
777 1035 867 1088 καὶ
886 1031 1161 1103 ἀδελφοὺς
1177 1031 1405 1103 ὅσοιπερ
1424 1032 1496 1089 ἂν
1515 1042 1611 1105 τῆς
1628 1055 1767 1107 πρε-

80 1112 292 1182 πούσης
320 1111 475 1176 ε’ντὸς
501 1110 711 1182 ἡλικίας
735 1119 1049 1183 γίγνωνται,
1079 1114 1209 1178 τοὺς
1238 1115 1290 1170 δ’
1325 1119 1644 1186 ἔμπροσθεν
1672 1120 1764 1174 καὶ

80 1192 308 1248 ἄνωθεν
324 1197 522 1263 γονέας
539 1215 597 1248 τε
626 1197 718 1249 καὶ
746 1198 960 1263 γονέων
984 1196 1312 1266 προγόνους,
1344 1196 1476 1261 τοὺς
1507 1197 1560 1253 δ’
1594 1203 1671 1263 εἰς
1698 1199 1759 1255 τὸ

79 1273 339 1328 κάτωθεν
358 1274 623 1343 ἐκγόνους
642 1274 839 1339 παῖδάς
857 1297 913 1330 τε
933 1277 1207 1345 ἑκγόνων;
1803 1275 1806 1278 ⁴

224 1372 311 1422 TI.
350 1373 479 1438 Ναί,
509 1370 601 1423 καὶ
615 1375 787 1423 ταῦτα
808 1367 1243 1439 εὐμνημόνευτα,
1264 1362 1300 1441 ᾗ
1319 1372 1504 1441 λέγεις.

223 1462 349 1514 ΣΩ.
372 1456 557 1523 Ὅπως
586 1460 646 1515 δὲ
676 1459 743 1530 δὴ
774 1459 912 1516 κατὰ
933 1461 1171 1532 δύναμιν
1190 1459 1367 1527 εὐθὺς
1386 1468 1664 1532 γίγνοιντο
1686 1463 1760 1530 ὠς

79 1538 292 1608 ἄριστοι
311 1537 407 1603 τὰς
431 1540 645 1609 φύσεις,
666 1534 761 1610 ἆρ’
782 1539 852 1596 οὐ
868 1541 1213 1613 μεμνήμεθα,
1233 1539 1304 1607 ὠς
1333 1543 1462 1608 τοὺς
1491 1542 1759 1615 ἄρχοντας

79 1622 291 1689 ἔφαμεν
316 1622 407 1675 καὶ
430 1620 527 1684 τὰς
545 1619 823 1691 ἀρχούσας
842 1625 958 1678 δεῖν
980 1628 1055 1686 εἰς
1073 1622 1175 1692 τὴν
1202 1629 1315 1678 τῶν
1342 1624 1536 1694 γάμων
1554 1626 1758 1693 συνερ-

77 1708 161 1765 ξιν
182 1700 369 1773 λάθρᾳ
386 1707 741 1772 μηχανᾶσθαι
759 1703 983 1774 κλήροις
1002 1710 1161 1773 τισίν,
1182 1701 1330 1768 ὅπως
1349 1708 1404 1759 οἱ
1420 1709 1579 1762 κακοὶ
1596 1709 1759 1779 χωρὶς
1780 1735 1826 1775 -Ε

77 1785 134 1836 οἳ
164 1781 216 1836 τ’
246 1782 451 1853 ἀγαθοὶ
489 1796 604 1847 ταῖς
637 1781 848 1854 ὁμοίαις
886 1784 1133 1854 εκάτεροι
1165 1785 1536 1857 ξυλλήξονται,
1562 1791 1653 1843 καὶ
1682 1789 1758 1859 μή

79 1884 157 1927 τις
176 1862 363 1929 αὐτοῖς
396 1870 568 1935 ἔχθρα
608 1863 697 1921 διὰ
735 1872 907 1922 ταῦτα
937 1871 1205 1937 γίγνηται,
1227 1865 1398 1938 τύχην
1430 1866 1759 1939 ἡγουμένοις

77 1949 256 2001 αἰτίαν
288 1953 383 2019 τῆς
408 1947 736 2019 ξυλλήξεως;

223 2044 312 2094 ΤΙ.
351 2041 718 2112 Μεμνήμεθα.

216 2135 338 2186 ΣΩ.
378 2134 486 2188 Καὶ
513 2131 624 2204 μὴν
655 2131 740 2189 ὅτι
774 2154 835 2203 γε
864 2132 930 2187 τὰ
963 2137 1065 2205 μὲν
1092 2143 1205 2190 ταῖν
1223 2135 1457 2207 ἀγαθῶν
1476 2140 1751 2207 θρεπτέον
1782 2161 1837 2206 19

76 2215 291 2281 ἔφαμεν
310 2210 468 2282 εἶναι,
489 2213 553 2270 τὰ
579 2213 638 2270 δὲ
656 2220 770 2270 ταῖν
787 2221 976 2270 κακῶν
997 2220 1072 2280 είς
1086 2215 1187 2287 τὴν
1217 2216 1392 2288 ἄλλην
1417 2218 1604 2292 λάθρα
1634 2222 1757 2274 δια-

77 2294 268 2347 δοτέον
305 2292 492 2347 πόλιν·
545 2298 1007 2366 ἐπαυξανομένων
1044 2298 1102 2354 δὲ
1140 2306 1487 2366 σκοποῦντας
1519 2300 1603 2357 ἀεὶ
1625 2301 1756 2366 τούς

74 2369 260 2436 ἀξίους
279 2372 449 2428 πάλιν
469 2372 699 2444 ἀνάγειν
717 2381 850 2447 δεῖν,
881 2378 1010 2443 τούς
1031 2379 1091 2435 δὲ
1118 2379 1266 2448 παρὰ
1287 2388 1479 2451 σφίσιν
1496 2382 1755 2449 ἀναξίους

75 2455 152 2516 εἰς
170 2449 270 2523 τήν
288 2474 402 2508 των
422 2456 766 2513 ἐπανιόντων
782 2457 969 2528 χώραν
996 2461 1411 2530 μεταλλάττειν;

219 2550 307 2600 ΤΙ.
350 2543 557 2611 Οὕτως.

213 2642 338 2692 ΣΩ.
373 2631 486 2707 'Ap'
516 2633 621 2695 οὖν
653 2640 719 2712 δὴ
752 2642 1159 2713 διεληλύθαμεν
1185 2643 1290 2715 ἤδη
1317 2645 1574 2716 καθάπερ
1602 2652 1748 2719 χθές,

72 2715 145 2784 ὡς
183 2720 243 2773 ἐν
266 2725 586 2788 κεφαλαίοις
622 2723 791 2779 πάλιν
818 2727 1162 2795 ἐπανελθεῖν,
1200 2722 1234 2796 ἢ
1271 2733 1560 2799 ποθοῦμεν
1588 2733 1667 2787 ε”τι
1700 2752 1750 2786 τι

71 2803 182 2920 ταῖς
202 2801 505 2923 ngztoev’
536 2795 579 2858 ὦ
603 2809 729 2862 φίλε
754 2810 958 2876 Τίμαιε,
980 2828 1052 2870 ως
1072 2804 1534 2878 άπολειπόμενον;

180 2890 299 2922 ιΛτο
1439 2894 1490 2937 21
