1962 3236
239 177 308 228 30
830 176 1310 224 ΠΛΑΤΩΝΟΣ

178 330 210 370 Β
240 316 413 366 ταῦτα
427 351 444 380 ,
482 308 584 380 οὐχ
604 306 677 374 ῶς
694 306 800 380 ἐγώ
819 315 928 364 νῦν
948 310 1149 381 ῥᾳδίως
1167 309 1339 378 λέγω,
1373 305 1496 364 ἀλλ’
1515 308 1805 381 ἑλκόμενος
1823 317 1913 368 καὶ

238 392 414 462 μόγις,
434 390 569 462 μετὰ
591 394 822 461 ἱδρῶτος
842 394 1175 459 θαυμαστοῦ
1193 387 1349 458 ὅσου,
1370 386 1465 445 ἅτε
1481 391 1573 445 καὶ
1589 393 1796 462 θέρους
1814 390 1913 448 ὄν-

239 493 357 536 τος·
391 472 517 527 τότε
544 474 635 528 καὶ
665 470 814 527 εἶδον
847 468 955 539 ἐγώ
969 511 984 538 ,
1012 468 1287 541 πρότερον
1316 473 1376 525 δὲ
1394 468 1578 540 οὔπω,
1613 472 1913 544 Θρασύμα-

237 574 337 624 χον
356 555 722 625 ἐρυθριῶντα.
757 547 940 621 ἐπειδὴ
957 550 1016 605 δὲ
1033 544 1139 606 οὖν
1158 551 1690 623 διωμολογησάμεθα
1707 551 1808 625 τὴν
1827 559 1913 610 δι-

237 656 309 690 κα
331 632 543 704 οσύνην
563 629 766 702 ἀρετὴν
781 629 922 686 εἶναι
940 632 1029 686 καὶ
1042 635 1264 701 σοφίαν,
1279 629 1382 702 τὴν
1398 634 1458 687 δὲ
1475 629 1697 688 ἀδικίαν
1713 639 1914 690 κακίαν

236 735 296 769 τε
314 716 405 769 καὶ
424 711 690 784 ἀμαθίαν,
710 705 916 780 Εἶεν,
879 733 951 780 ην
970 707 1015 766 δ’
1038 708 1164 784 ἐγώ,
1185 716 1346 766 τοῦτο
1367 709 1510 782 μὲν“
1479 725 1610 783 ημῖν
1630 712 1776 769 οὕτω
1800 720 1913 770 κεί-

239 803 388 865 σθω,
426 799 637 866 ἔφαμεν
667 795 727 849 δὲ
753 790 819 864 δὴ
839 795 931 848 καὶ
960 790 1187 863 ἰσχυρὸν
1219 792 1358 849 εἶναι
1380 791 1482 864 τὴν
1499 793 1736 851 ἀδικιηαν
1773 792 1810 868 ἦ
1844 796 1912 852 οὐ

236 879 532 948 μέμνησαι,
577 877 619 930 ώ
660 873 1019 945 Θρασύμαχε;
1049 877 1376 945 Μέμνημαι,
1406 878 1538 945 ἔφη·
1572 874 1697 932 ἀλλ’
1730 882 1911 949 ἔμοιγε

238 955 415 1014 οὐδε
391 981 427 1013 α
453 962 563 1012 νῦν
581 958 753 1025 λέγεις
782 954 1025 1025 ἀρέσκει,
1055 956 1148 1009 καὶ
1170 958 1271 1024 ἔχω
1292 957 1416 1025 περὶ
1431 952 1619 1009 αὐτῶν
1640 960 1831 1028 λέγειν.
1867 965 1916 1015 εί

174 1035 343 1115 Εγούν
370 1041 608 1108 λέγοιμι,
643 1057 706 1090 ευ
687 1030 839 1090 *026²
857 1033 942 1090 ότι
961 1035 1341 1106 δημηγορεῖν’
1316 1035 1388 1090 οἶν
1407 1057 1472 1106 με
1508 1041 1701 1107 φαίης·
1731 1034 1769 1110 ἦ
1806 1033 1910 1095 οὖν

140 1118 214 1176 s*
234 1124 297 1176 ἔα
323 1141 391 1191 με
411 1124 581 1174 εἰπεῖν
601 1115 706 1172 ὅσα
725 1116 1025 1188 βούλομαι,
1061 1116 1122 1187 ἤ,
1163 1121 1212 1172 εἰ
1231 1115 1422 1188 βούλει
1440 1119 1678 1191 ἐρωτᾷν,
1708 1119 1908 1190 ἐρώτα·

233 1198 338 1272 ἐγώ
361 1203 424 1256 δέ
450 1217 538 1255 σοι
554 1241 569 1268 ,
604 1197 789 1267 ὥσπερ
818 1209 934 1262 ταῖς
961 1200 1164 1267 γραυσὶ
1181 1210 1298 1263 ταῖς
1323 1195 1454 1262 τούς
1473 1197 1694 1269 μύθους
1711 1201 1909 1271 λεγού-

234 1299 381 1350 σαις,
416 1277 527 1335 εἶεν
553 1282 662 1350 ἐρῶ
687 1280 779 1333 καὶ
798 1277 1204 1348 κατανεύσομαι
1222 1280 1315 1334 καὶ
1333 1276 1721 1351 ἀνανεύσομαι.
1776 1287 1909 1353 Μη-

235 1368 420 1433 δαμῶς
433 1404 449 1432 ,
479 1355 552 1432 ἦν
579 1358 633 1415 δ’
654 1359 762 1430 ἐγώ
775 1401 791 1428 ,
814 1358 963 1428 παρά
981 1380 1043 1428 γε
1059 1356 1163 1429 τὴν
1181 1366 1391 1414 σαυτοῦ
1409 1358 1592 1427 δόξαν.
1618 1358 1783 1416 ιὨστε
1803 1378 1908 1435 σοι,

232 1447 366 1514 ἔφη,
399 1441 655 1510 ἀρέσκειν
669 1483 684 1512 ,
716 1439 1006 1511 ἐπειδήπερ
1029 1439 1132 1496 οὐκ
1151 1442 1246 1512 ἐᾷς
1263 1443 1458 1510 λέγειν.
1506 1446 1683 1497 καίτοι
1702 1448 1759 1498 τί
1772 1442 1907 1500 ἄλλο

233 1523 448 1596 βούλει;
485 1520 669 1577 Οὐδὲν
687 1518 763 1591 μὰ
775 1525 903 1590 Δία,
925 1515 1000 1591 ἦν
1020 1519 1076 1576 δ’
1095 1521 1220 1590 ἐγώ,
1241 1519 1364 1576 ἀλλ’
1389 1528 1543 1593 εἴπερ
1561 1530 1724 1579 τοῦτο
1746 1523 1906 1595 ποιή-

235 1625 375 1676 σεις,
401 1609 568 1660 ποίει·
597 1601 703 1673 ἐγώ
735 1602 794 1658 δὲ
823 1602 1092 1674 ἐρωτήσω.
1147 1601 1349 1673 Ἐρώτα
1374 1602 1456 1673 δή.
1506 1609 1682 1660 Τοῦτο
1714 1610 1907 1661 τοίνυν

115 1708 203 1753 351
234 1691 437 1758 ἐρωτῶ,
481 1683 618 1756 ὅπερ
640 1683 779 1754 ἄρτι,
796 1687 888 1738 ἵνα
907 1685 997 1738 καὶ
1018 1685 1137 1755 ἑξῆς
1157 1684 1586 1755 διασκεψώμεθα
1603 1683 1701 1741 τὸν
1719 1686 1905 1758 λόγον,

232 1766 426 1824 ὁποῖόν
452 1788 503 1822 τι
530 1765 787 1836 τυγχάνει
816 1761 883 1820 ὂν
915 1765 1238 1835 δικαιοσύνη
1263 1765 1402 1836 πρὸς
1426 1763 1657 1822 ἀδικίαν.
1710 1771 1904 1840 ἐλέχθη

229 1850 337 1920 γάρ
357 1869 468 1904 που
481 1890 497 1918 ,
517 1845 601 1904 ὅτι
617 1849 709 1902 καὶ
728 1846 1113 1917 δυνατώτερον
1133 1848 1224 1902 καὶ
1243 1846 1601 1919 ἰσχυρότερον
1620 1857 1701 1919 εἴη
1723 1846 1903 1904 ἀδικία

231 1929 606 1999 δικαιοσύνης·
636 1935 746 1984 νῦν
775 1931 838 1982 δέ
866 1926 953 1997 γ’,
989 1932 1156 1999 ἔφην,
1189 1936 1342 1997 εἴπερ
1367 1934 1536 1998 σοφία
1554 1951 1611 1984 τε
1629 1933 1720 1984 καὶ
1740 1927 1904 2001 ἀρετή

229 2016 342 2068 ἐστι
361 2009 709 2079 δικαιοσύνη,
730 2012 958 2081 ῥαδίως,
992 2007 1155 2078 οἶμαι,
1181 2008 1486 2078 φανήσεται
1512 2012 1605 2065 καὶ
1623 2011 1904 2081 ἰσχυρότε-

230 2115 332 2164 ρον
350 2089 564 2154 ἀδικίας
578 2132 592 2157 ,
614 2089 903 2159 ἐπειδήπερ
931 2090 1078 2143 ἐστὶν
1098 2087 1309 2159 ἀμαθία
1333 2086 1367 2159 ἡ
1388 2087 1586 2145 ἀδικία.
1629 2089 1810 2155 οὐδεὶς
1832 2089 1903 2146 ἂν

230 2177 308 2232 ἔτι
324 2178 487 2227 τοῦτο
508 2168 832 2241 ἀγνοήσειεν
897 2167 1018 2224 ἀλλ’
1040 2169 1160 2224 οὔτι
1180 2170 1357 2234 οὕτως
1376 2170 1589 2241 ἅπλῶς,
1611 2166 1658 2226 εὖ
1677 2172 1902 2241 Θρασύ-

227 2275 390 2325 μαχε,
431 2256 601 2322 ἔγωγε
630 2253 887 2321 ἐπιθυμῶ
897 2292 911 2321 ,
951 2248 1087 2305 ἀλλὰ
1117 2253 1251 2321 τῇδέ
1276 2272 1352 2322 πῃ
1376 2255 1710 2318 σκέψασθαι·
1740 2252 1903 2308 πόλιν

168 2358 201 2398 Β
229 2340 395 2407 φαίης
420 2332 491 2389 ἂν
519 2332 714 2388 ἄδικον
742 2330 882 2388 εἶναι
907 2334 998 2386 καὶ
1026 2330 1194 2395 ἄλλας
1227 2332 1411 2396 πόλεις
1444 2336 1731 2402 ἐπιχειρεῖν
1769 2338 1894 2389 Bov-

228 2422 472 2471 λοῦσθαι
509 2412 715 2478 ἀδίκως
750 2414 842 2468 καὶ
877 2416 1427 2481 καταδεδουλῶσθαι,
1477 2413 1683 2477 πολλὰς
1719 2417 1778 2468 δὲ
1811 2417 1903 2469 καὶ

226 2495 325 2569 ὑφ’
353 2499 520 2569 ἑαυτῇ
542 2500 683 2566 ἔχειν
715 2499 1171 2564 δουλωσαμένην;
1208 2500 1338 2558 Πῶς
1357 2491 1464 2564 γὰρ
1484 2492 1611 2558 οὔκ;
1649 2498 1779 2565 ἔφη·
1811 2497 1902 2549 καὶ

225 2577 391 2634 τοῦτό
423 2599 486 2648 γε
515 2573 763 2647 ἡάρίστη
790 2577 1024 2646 μάλιστα
1061 2575 1275 2645 ποιήσει
1298 2575 1388 2630 καὶ
1424 2575 1725 2630 τελεώτατα
1762 2570 1902 2630 οὖσα

227 2659 431 2723 α’δικος.
488 2657 787 2713 Μανθάνω
804 2661 1014 2729 ἔ,φην,
1036 2654 1119 2711 ὅτι
1144 2654 1240 2720 σός
1259 2678 1421 2719 ουτος
1449 2650 1520 2726 ἦν
1540 2653 1569 2710 ὁ
1589 2655 1774 2724 λόγος’
1802 2654 1901 2711 ἀλ-

227 2739 296 2796 λά
315 2741 441 2797 τόδε
470 2741 594 2811 περὶ
622 2738 800 2794 αὐτοῦ
828 2744 1042 2794 σκοπῶ·
1077 2738 1313 2809 πότερον
1345 2734 1378 2806 ἡ
1410 2742 1672 2804 κρείττων
1707 2757 1899 2806 γιγνο-

226 2825 363 2892 μένη
388 2819 543 2884 πόλις
562 2820 772 2885 πόλεως
790 2821 928 2875 ἄνευ
947 2819 1300 2888 δικαιοσύνης
1316 2815 1418 2886 τὴν
1438 2815 1676 2885 δύναμιν
1693 2817 1900 2888 ταύτην

0 1252 46 1298 s‘
