1962 3236
262 155 367 206 322
879 151 1355 201 ΠΛΑΤΩΝΟΣ
1912 161 1940 204 4

201 310 233 351 B
412 293 501 344 TI.
547 284 838 355 Οὐδαμῶς,
861 281 999 339 ἀλλὰ
1019 281 1189 337 ταῦτα
1210 281 1365 339 ταῦτ’
1386 277 1458 354 ἦν
1485 283 1551 339 τὰ
1581 287 1862 357 λεχθέντα,
1895 282 1941 342 ὦ

267 369 574 438 Σώκρατες.

404 454 466 504 11.
500 454 623 503 ΣΩ.
654 442 917 501 Ἀκούοιτ’
943 442 1016 500 ἂν
1033 444 1138 516 ἤδη
1158 443 1224 500 τὰ
1243 444 1377 516 μετὰ
1394 452 1565 501 ταῦτα
1585 449 1707 516 περὶ
1726 455 1820 519 τῆς
1839 470 1940 505 πο-

263 536 478 600 λιτείας,
498 527 570 600 ἢν
591 527 912 599 διήλθομεν,
933 523 1054 582 οἷόν
1070 549 1122 582 τι
1140 528 1278 598 πρὸς
1298 523 1473 598 αὐτὴν
1491 528 1788 594 πεπονθώς
1807 551 1941 600 τυγ-

263 613 428 684 χάνω.
465 612 752 682 προσέοικε
789 610 848 663 δὲ
876 607 944 678 δή
964 614 1077 663 τινί
1098 630 1191 678 μοι
1220 613 1414 682 τοιῷδε
1440 609 1500 664 τὸ
1525 610 1723 681 πάθος,
1747 606 1865 667 οἷον
1893 621 1948 667 εἰ

265 715 346 757 τις
377 696 484 758 ζῶα
518 689 660 746 καλά
691 710 801 745 που
831 688 1195 760 θεασάμενος,
1227 697 1334 745 εἴτε
1364 687 1472 744 ὑπὸ
1503 698 1721 762 γραφῆς
1757 696 1943 763 εἰργα·0

266 773 438 844 σμ’ένα
459 780 566 828 εἴτε
596 773 686 827 καὶ
710 775 885 836 ζῶντα
919 767 1224 841 ἀληθινῶς,
1251 767 1483 840 ἡσυχίαν
1515 771 1574 826 δὲ
1603 770 1828 842 ἄγοντα,
1867 777 1943 836 εἰς

265 855 570 924 ἐπιθυμίαν
612 850 865 950 ἀφίκοιτο
895 852 1213 906 θεάσασθαι
1248 851 1550 921 κινούμενά
1577 873 1635 906 τε
1673 850 1811 907 αὐτὰ
1851 857 1949 908 καί

265 957 317 990 τι
336 939 451 990 τῶν
468 946 580 998 τοῖς
600 933 815 1004 σώμασι
841 933 1164 987 δοκούντων
1192 930 1492 1002 προσήκειν
1516 933 1653 987 κατὰ
1671 933 1773 1004 τὴν
1792 932 1942 1003 άγω-

203 1033 235 1076 c
266 1021 393 1071 νίαν
411 1014 724 1071 ἀθλοῦντα·
763 1011 968 1069 ταύτὸν
987 1015 1078 1068 καὶ
1097 1013 1202 1082 ἐγώ
1223 1014 1482 1067 πέπονθα
1501 1013 1637 1083 πρὸς
1655 1014 1758 1085 τὴν
1776 1015 1942 1070 πόλιν

264 1094 336 1167 ἣν
355 1096 677 1168 διήλθομεν.
714 1093 886 1167 ἡδέως
903 1095 1010 1164 γὰρ
1042 1091 1114 1148 άν
1144 1115 1244 1149 του
1277 1095 1422 1168 λόγῳ
1453 1095 1745 1161 διεξιόντος
1766 1094 1941 1151 ἄκου’-

266 1176 419 1248 σαιμ’
442 1173 512 1233 ἂν
532 1176 761 1247 άθλους,
784 1175 881 1241 οὕς
900 1175 1058 1240 πόλις
1086 1173 1264 1246 άθλεῖ,
1292 1175 1521 1240 τούτους
1542 1174 1716 1247 αὐτὴν
1735 1176 1943 1246 ἀγωνι-

265 1260 499 1330 ζομένην
534 1257 673 1331 πρὸς
711 1258 897 1322 πόλεις
931 1257 1099 1321 ἄλλας
1135 1257 1472 1327 πρεπόντως,
1502 1265 1579 1321 εἴς
1608 1279 1665 1312 τε
1694 1258 1938 1328 πόλεμον

266 1337 612 1409 ἀφικομένην
631 1340 722 1394 καὶ
742 1341 803 1394 ἐν
822 1345 899 1409 τῷ
918 1344 1175 1407 πολεμεῖν
1186 1337 1252 1392 τά
1271 1338 1621 1408 προσήκοντα
1642 1337 1944 1395 ἀποδιδοῦ-

268 1437 372 1476 σαν
391 1426 456 1491 τῇ
477 1423 694 1493 παιδεία
713 1421 803 1475 καὶ
826 1426 1009 1490 τροφῇ
1027 1420 1166 1474 κατά
1183 1440 1241 1473 τε
1260 1419 1354 1483 τὰς
1373 1421 1433 1473 ἐν
1462 1430 1573 1484 τοῖς
1603 1424 1779 1491 ἔργοις
1798 1421 1943 1490 πρά-

267 1506 372 1567 ξεις
389 1503 479 1556 καὶ
499 1522 635 1555 κατα
656 1498 753 1564 τὰς
784 1502 844 1554 ἐν
874 1511 986 1563 τοῖς
1018 1499 1202 1569 λόγοις
1231 1497 1639 1570 διερμηνεύσεις
1657 1498 1795 1570 πρὸς
1816 1500 1943 1555 ἑκά-

267 1602 396 1646 στας
412 1587 524 1636 τῶν
545 1580 776 1636 πόλεων.
816 1578 974 1635 ταῦτ’
996 1583 1119 1650 οῦν,
1151 1583 1192 1635 ῶ
1219 1585 1418 1649 Κριτία
1446 1583 1538 1637 καὶ
1564 1579 1940 1654 Ἐρμόκρατες,

201 1684 236 1726 D
269 1669 512 1738 ἐμαυτοῦ
532 1668 634 1735 μὲν
653 1662 818 1729 αὐτὸς
837 1669 1156 1769 κατέγνωκα
1177 1666 1252 1734 μή
1271 1662 1395 1719 ποτ’
1425 1660 1496 1719 ὅίν
1527 1664 1761 1730 δυνατὸς
1788 1668 1944 1735 γενέ-

268 1756 403 1804 σθαι
420 1744 552 1812 τοὺς
579 1745 787 1818 άνδρας
805 1747 894 1802 καὶ
920 1744 1023 1816 τὴν
1051 1746 1213 1801 πόλιν
1244 1749 1446 1811 ἱκανῶς
1467 1746 1813 1817 ἐγκωμιάσαι.
1853 1749 1962 1802 καὶ

199 1892 204 1894 ,
266 1826 326 1884 τὸ
366 1827 467 1898 μὲν
501 1825 635 1897 ἐμὸν
674 1825 838 1883 οὐδὲν
869 1826 1223 1897 θαυμαστόν·
1260 1825 1399 1882 ἄλλα
1432 1824 1536 1898 τὴν
1564 1825 1740 1899 αὐτὴν
1776 1826 1962 1916 ‹Jo'gaffl

270 1917 469 1981 εἴληφα
491 1911 580 1964 καὶ
599 1911 724 1978 περὶ
747 1913 862 1963 τῶν
880 1908 1052 1963 πάλαι
1069 1908 1385 1978 γεγονότων
1396 1910 1486 1964 καὶ
1507 1915 1619 1964 τῶν
1637 1914 1745 1964 νῦν
1763 1907 1944 1964 ὅντων

270 1998 530 2063 ποιητῶν,
553 1989 624 2046 ου’
640 2012 692 2047 τι
718 1989 779 2046 τὸ
812 1990 1097 2062 ποιητικὸν
1116 1990 1389 2061 ἀτιμάζων
1410 1988 1586 2061 γένος,
1615 1988 1753 2046 ἄλλα
1782 1991 1945 2045 παντὶ

272 2077 442 2143 δῆλον
464 2069 536 2137 ὡς
554 2070 615 2126 τὸ
637 2071 931 2143 μιμητικὸν
950 2076 1132 2141 ἔθνος,
1156 2067 1236 2135 οἷς
1263 2067 1333 2125 ἆὶν
1361 2072 1624 2143 ἐντραφῇ,
1654 2074 1825 2124 ταῦτα
1852 2077 1954 2140 μι-’

271 2153 501 2223 μήσεται
520 2154 694 2225 ῥᾷστα
713 2154 805 2207 καὶ
833 2151 1045 2222 ἄριστα,
1078 2150 1138 2206 τὸ
1173 2149 1226 2205 δ’
1266 2151 1421 2215 ἐκτὸς
1449 2155 1546 2221 τῆς
1580 2155 1790 2221 τροφῆς
1816 2150 1947 2206 ἑκά-

206 2251 240 2295 Ε
272 2248 418 2296 στοις
443 2232 779 2302 γιγνόμενον
796 2230 1037 2302 χαλεπὸν
1054 2234 1154 2302 μὲν
1174 2234 1369 2302 ἔργοις,
1387 2234 1463 2285 ἔτι
1490 2231 1549 2286 δὲ
1567 2230 1949 2302 χαλεπώτερον

272 2314 456 2383 λόγοις
475 2305 540 2367 εὖ
557 2320 856 2383 μιμεῖσθαι.
896 2311 957 2368 τὸ
991 2314 1050 2369 δὲ
1077 2319 1189 2368 τῶν
1214 2318 1500 2383 σοφιστῶν
1529 2314 1688 2382 γένος
1707 2305 1781 2366 αὖ
1807 2317 1945 2367 πολ-

273 2402 388 2451 λῶν
407 2395 508 2465 μὲν
527 2392 711 2464 λόγων
729 2397 819 2450 καὶ
838 2401 1024 2450 καλῶν
1054 2392 1239 2449 ἄλλων
1270 2391 1402 2464 μάλ’
1437 2396 1696 2464 ἔμπειρον
1725 2391 1928 2463 ἥγημαι

275 2482 558 2547 φοβοῦμαι
578 2478 653 2545 δέ,
676 2474 751 2546 μή
770 2495 901 2546 πως,
924 2475 1018 2530 ἅτε
1037 2473 1320 2546 πλανητὸν
1341 2470 1408 2529 ὂν
1434 2472 1572 2530 κατὰ
1592 2474 1776 2538 πόλεις
1795 2471 1918 2543 οἰκή
1943 2515 1946 2517 -

276 2574 389 2623 σεις
415 2578 473 2612 τε
510 2560 648 2620 ἰδίας
680 2554 898 2629 οὐδαμῇ
927 2556 1214 2629 διῳκηκός,
1236 2555 1471 2625 ἄστοχον
1490 2554 1602 2626 ἅμα
1623 2554 1912 2626 φιλοσόφω

277 2638 501 2709 ανδρῶν
533 2631 570 2710 ᾖ
607 2640 698 2693 καὶ
736 2645 1048 2708 πολιτικῶν,
1084 2637 1175 2694 ὅσ’
1196 2633 1281 2692 ἀν
1318 2632 1405 2692 οἷά
1439 2657 1495 2691 τε
1523 2639 1584 2691 ἐν
1611 2638 1827 2708 πολέμω
1858 2657 1927 2690 κα

278 2721 473 2792 μάχαις
499 2718 832 2788 πράττοντες
860 2724 1001 2793 ἔργω
1030 2721 1121 2775 καὶ
1148 2723 1292 2792 λόγω
1322 2722 1785 2789 προσομιλοῦντες
1822 2714 1919 2771 ἑκά
1944 2756 1962 2799 3

281 2818 427 2867 στοις
474 2800 764 2871 πράττοιεν
804 2803 895 2856 καὶ
932 2803 1157 2870 λέγοιεν.
1210 2801 1617 2855 καταλέλειπται
1655 2797 1720 2867 δὴ
1758 2795 1819 2852 τὸ
1857 2802 1962 2870 τῆς
