1962 3236
187 153 222 205 4
787 155 1263 204 ΠΛΑΤΩΝΟΣ

188 287 311 343 τότε
337 290 521 353 ἔδοξεν
547 291 753 352 ἐκεῖνος
772 293 942 343 εἰπεῖν
969 288 1059 341 καὶ
1077 293 1186 341 νῦν
1205 285 1305 357 οὐχ
1329 282 1507 358 ἦττον.
1547 288 1860 344 παντάπασι

190 367 297 440 γὰρ
329 375 442 425 τῶν
468 391 530 439 γε
549 370 819 425 τοιούτων
838 370 898 423 ἐν
917 374 991 438 τῷ
1021 368 1167 440 γήρᾳ
1195 367 1369 438 πολλὴ
1397 369 1585 440 εἰρήνη
1615 375 1858 439 γίγνεται

186 453 277 506 καὶ
297 453 610 521 ἐλευθερία,
635 449 858 507 ἐπειδᾶν
878 454 938 505 αἱ
954 452 1243 519 ἐπιθυμίαι
1270 450 1594 505 παύσωνται
1612 456 1859 506 κατατεί-

188 549 385 588 νουσαι
404 535 492 588 καὶ
510 533 789 603 χαλάσωσι
805 575 820 603 ,
857 531 1173 604 παντάπασι
1192 529 1252 585 τὸ
1275 537 1375 586 τοῦ
1396 533 1754 601 Σοφοκλέους
1772 537 1860 602 γί-

128 625 165 666 D
191 635 392 684 γνεται·
416 618 697 670 δεσποτῶν
709 615 860 670 πάνυ
872 619 1093 669 πολλῶν
1101 617 1214 669 ἔστι
1227 617 1316 669 καὶ
1327 618 1677 686 μαινομένων
1690 613 1860 685 ἀπηλ-

186 694 403 764 λάχθαι.
459 693 598 750 ἀλλὰ
630 698 718 751 καὶ
748 695 962 751 τούτων
990 699 1114 763 πέρι
1137 697 1226 751 καὶ
1245 703 1357 751 τῶν
1384 718 1446 767 γε
1466 695 1603 766 πρὸς
1627 694 1756 759 τούς
1775 700 1861 750 οἰ·-

186 781 371 840 κείους
399 781 495 846 μία
519 798 601 842 τις
628 782 772 832 αἰτία
807 779 985 847 ἐστίν,
1025 776 1096 832 οὐ
1130 776 1190 832 τὸ
1230 784 1428 848 γῆρας,
1470 771 1513 832 ῶ
1545 778 1856 847 Σώκρατες,

187 855 309 911 ἀλλ’
342 856 370 911 6
398 856 602 956 τρόπος
627 866 739 913 τῶν
770 857 1106 927 ἅνθρωπων.
1155 855 1227 913 ἂν
1255 860 1358 929 μὲν
1385 857 1492 928 γὰρ
1521 858 1739 928 κόσμιοι
1767 860 1858 912 καὶ

187 936 409 993 εὔκολοι
432 958 558 1013 ωσι,
590 942 680 996 καὶ
699 938 757 995 τὸ
779 948 951 1011 γῆρας
977 945 1206 1011 μετρίως
1233 942 1378 995 ἐστὶν
1398 943 1687 995 ἐπίπονον·
1719 945 1768 995 εἰ
1798 939 1858 994 δε

184 1019 258 1090 μή
272 1063 286 1091 ,
308 1022 397 1076 καὶ
415 1027 613 1091 γῆρας,
635 1044 676 1076 ω
701 1018 1021 1093 Σώκρατες,
1031 1024 1120 1077 καὶ
1141 1022 1332 1092 νεότης
1350 1020 1554 1093 χαλεπὴ
1576 1028 1650 1077 τῶ
1670 1021 1856 1077 τοιού-

182 1122 257 1174 τςῡ
284 1105 580 1171 ξυμβαίνει.

323 1186 402 1236 IV.
440 1185 548 1238 Καὶ
577 1181 682 1253 ἐγω
713 1181 976 1254 ἀγασθεὶς
1006 1182 1179 1239 αὐτοῦ
1211 1183 1459 1248 εἰπόντος
1490 1189 1661 1238 ταῦτα
1675 1189 1852 1254 ,βου-

181 1263 412 1334 λόμενος
442 1268 517 1319 ἔτι
552 1266 732 1334 λέγειν
771 1263 943 1320 αὐτὸν
981 1267 1203 1320 ἐκίνουν
1240 1267 1331 1320 καὶ
1358 1264 1512 1321 εἶπον
1525 1259 1589 1320 Ὦ
1614 1269 1852 1336 Κέφαλε,

122 1356 157 1397 Ε
183 1344 332 1416 οἶμαί
357 1362 461 1401 σου
487 1345 617 1411 τούς
647 1347 916 1416 πολλούς,
949 1347 1084 1403 ὅταν
1110 1355 1282 1403 ταῦτα
1312 1350 1499 1420 λέγῃς,
1528 1347 1630 1403 οὐκ
1653 1347 1853 1403 ἀποδέ-

179 1436 403 1497 χεσθαι,
429 1427 555 1483 αλλ’
583 1427 847 1499 ἡγεῖσθαί
862 1445 922 1483 σε
941 1432 1142 1502 ραδίως
1171 1428 1231 1485 τὸ
1253 1437 1425 1501 γῆρας
1453 1432 1643 1500 φέρειν
1669 1427 1736 1484 οὐ
1763 1429 1851 1485 διὰ

179 1507 279 1564 τὸν
297 1509 533 1581 τρόπον,
565 1508 703 1565 ἄλλα
723 1509 811 1565 διὰ
841 1508 901 1565 τὸ
933 1510 1146 1582 πολλὴν
1164 1509 1362 1567 οὐσίαν
1391 1518 1715 1582 κεκτῆσθαι·
1745 1522 1856 1575 τοῖς

178 1589 286 1660 γοὶρ
316 1598 602 1656 πλουσίοις
631 1592 806 1647 πολλὰ
844 1592 1176 1663 παραμύθιά
1215 1611 1388 1663 φασιν
1417 1591 1570 1648 εἶναι.
1630 1591 1853 1662 Ἀληθῆ,

179 1675 314 1742 ἔφη,
351 1670 660 1742 λέγεις·ού
686 1671 792 1746 γὰρ
828 1672 1205 1743 ἀποδέχονται.
1259 1674 1350 1728 καὶ
1383 1674 1608 1743 λέγουσι
1645 1672 1748 1742 μὲν
1784 1678 1851 1742 τί,

177 1750 246 1807 ού
277 1755 464 1823 μέντοι
492 1776 553 1823 γε
583 1752 717 1809 ὅσον
748 1763 985 1823 οἴονται,
1026 1753 1165 1810 ἄλλα
1195 1753 1256 1809 τὸ
1289 1760 1390 1809 τοῦ
1421 1757 1855 1844 Θεμιστοκλέους

177 1855 239 1888 ευ
261 1839 393 1904 ἔχει,
428 1833 488 1900 ὂς
507 1842 581 1906 τῷ
602 1842 849 1909 Σεριφίῳ
870 1797 1277 1909 λοιδορουμένῳ
1299 1837 1389 1891 καὶ
1409 1840 1649 1905 λέγοντι,
1680 1834 1763 1890 ὅτι
1785 1822 1855 1890 ov'

71 1923 159 1968 330
179 1913 249 1970 δι’
292 1915 466 1973 αὑτὸν
508 1916 646 1973 ἀλλὰ
685 1917 774 1972 διὰ
813 1917 915 1989 τὴν
955 1917 1119 1973 πόλιν
1157 1916 1465 1988 εὐδοκιμοῖ,
1504 1915 1852 1986 απεκρίνατο,

177 1996 262 2071 ἔτι
291 1996 415 2052 οὔτ’
447 1995 520 2052 ἂν
545 1997 711 2062 αὐτὸς
740 2005 1007 2068 Σερίφιος
1040 1995 1122 2053 ῶν
1150 1996 1455 2068 ὀνομαστὸς
1483 2001 1696 2069 ἐγένετο
1730 1996 1851 2053 οὔτ’

173 2081 382 2141 ἐκεῖνος
401 2076 707 2148 Ἀθηναῖος.
745 2080 835 2134 καὶ
870 2091 983 2143 τοῖς
1014 2077 1079 2149 δὴ
1101 2079 1173 2149 μὴ
1199 2085 1506 2149 πλουσίοις,
1528 2085 1773 2150 χαλεπῶς
1796 2080 1855 2134 δὲ

175 2155 237 2213 τὸ
265 2164 438 2228 γῆρας
457 2161 754 2229 φέρουσιν,
787 2152 852 2213 εὖ
869 2163 975 2228 ἔχει
1006 2156 1033 2213 6
1066 2157 1234 2224 αὐτὸς
1253 2161 1441 2231 λόγος,
1472 2159 1556 2216 ὅτι
1576 2158 1696 2216 οὔτ’
1732 2157 1802 2214 ἄν
1822 2156 1851 2216 6

176 2237 417 2310 ἐπιεικὴς
445 2239 597 2294 πάνυ
614 2263 665 2295 τι
684 2244 886 2313 ραδίως
907 2248 1078 2312 γῆρας
1099 2241 1232 2313 μετὰ
1253 2250 1442 2308 πενίας
1463 2245 1701 2314 ἐνέγκοι,
1725 2240 1851 2298 οὔθ’

177 2318 206 2374 6
233 2320 306 2390 μὴ
335 2319 576 2391 ἐπιεικὴς
595 2322 905 2393 πλουτήσας
926 2322 1128 2379 ευκολο
1131 2347 1156 2389 ς
1176 2323 1300 2380 ποτ’
1329 2348 1403 2380 αν
1421 2326 1598 2400 ἑαυτῷ
1615 2328 1848 2395 γένοιτο.

175 2402 430 2473 Πότερον
452 2405 587 2471 δέ,’
557 2425 627 2473 ην
648 2401 698 2458 δ’
726 2404 856 2474 ἐγώ,
882 2427 924 2459 ω
946 2407 1195 2475 Κέφαλε,
1231 2429 1311 2460 ων
1330 2409 1588 2477 κέκτησαι
1606 2404 1672 2460 τὰ
1706 2409 1852 2460 πλέω

118 2492 150 2532 Β
176 2487 481 2556 παρέλαβες
504 2508 539 2555 η
561 2485 867 2555 ἐπεκτήσω;
899 2483 1025 2542 Ποῐ’
1057 2488 1467 2559 ἐπεκτησαμην,
1501 2492 1630 2558 ἔφη,
1656 2510 1696 2542 ω
1719 2487 1851 2542 Σῶ-

174 2587 398 2635 κρατεςς
427 2569 592 2636 μέσος
610 2589 690 2631 τις
707 2570 911 2637 γέγονα
929 2567 1294 2639 χρηματιστὴς
1310 2577 1411 2624 τοῦ
1429 2591 1486 2624 τε
1509 2571 1739 2625 πάππου
1759 2571 1850 2625 καὶ

175 2654 277 2700 τοῦ
296 2648 517 2716 πατρός.
555 2646 583 2703 6
604 2648 706 2718 μὲν
724 2649 1070 2718 γὰρπάππος
1090 2673 1146 2705 τε
1166 2653 1255 2707 καὶ
1277 2649 1568 2722 ὁμώνυμος
1588 2654 1705 2722 ἐμοὶ
1727 2669 1848 2722 σχε-

177 2726 279 2781 δόν
298 2749 349 2782 τι
372 2728 508 2798 ὅσην
529 2729 633 2799 ἐγώ
652 2738 759 2786 νῦν
781 2729 979 2787 οὐσίαν
1000 2735 1261 2803 κέκτημαι
1281 2732 1619 2805 παραλαβών
1639 2731 1848 2789 πολλά-

175 2830 260 2872 κις
283 2811 559 2881 τοσαύτην
589 2815 837 2885 ἐποίησε,
866 2821 1151 2880 Λυσανίας
1180 2816 1238 2871 δὲ
1269 2814 1297 2870 6
1331 2814 1509 2886 πατὴρ
1539 2820 1617 2870 ἔτι
1645 2814 1848 2871 ἐλάττω
