1962 3236
223 180 325 236 176
815 185 1290 234 ΠΛΑΤΩΝΟΣ

221 328 338 383 ταῖς
359 317 552 374 πόλεσι
573 318 711 387 πρὸς
730 316 858 380 τούς
877 314 1182 387 ἀληθινούς
1203 318 1548 388 φιλοσόφους
1575 319 1677 391 τὴν
1707 321 1899 377 διάθε-
1956 320 1962 387 ³}

221 414 313 455 σιν
336 403 533 469 ἔοικεν,
555 397 694 455 άλλά
714 397 1026 468 μανθάνειν
1044 395 1076 453 ὃ
1093 399 1250 468 λέγω.
1272 400 1382 454 Καὶ
1405 399 1569 472 μάλα,
1589 405 1709 472 ἔφη.
1732 408 1900 472 Πρῶ-
1960 399 1962 401 ’

220 503 320 537 τον
348 484 449 552 μὲν
477 486 671 536 τοίνυν
699 483 912 535 ἐκεῖνον
941 477 1042 535 τὸν
1065 479 1442 552 θαυμάζοντα,
1473 480 1558 537 ὅτι
1586 486 1644 538 οἱ
1669 482 1900 552 φιλόσο-

222 583 320 632 φοι
338 560 407 617 ού
427 568 689 632 τιμῶνται
709 564 770 616 ἐν
787 572 902 626 ταῖς
922 559 1131 631 πόλεσι,
1152 564 1379 617 δίδασκέ
1393 584 1452 618 τε
1480 560 1583 634 τὴν
1603 564 1790 619 εἰκόνα
1811 567 1901 619 καὶ

164 662 199 704 Β
225 649 394 712 πειρῶ
433 647 669 712 πείθειν,
698 641 782 698 ὅτι
818 641 961 698 πολὺ
992 639 1063 698 ἂν
1095 643 1553 714 θαυμαστότερον
1586 637 1674 715 ἦν,
1712 649 1763 699 εἰ
1794 648 1902 700 ἐτι-

223 731 420 794 μῶντο.
455 722 617 778 Ἀλλά
638 721 854 792 διδάξω,
875 727 996 795 ἔφη.
1035 725 1146 779 Καὶ
1174 722 1259 779 ὅτι
1286 729 1482 780 τοίνυν
1499 723 1717 796 τάληθῆ
1737 729 1898 796 λέγει,

224 803 298 871 ῶς
315 804 573 878 ἄχρηστοι
592 817 704 870 τοῖς
723 812 944 869 πολλοῖς
966 808 1022 860 οἱ
1037 807 1423 861 ἐπιεικέστατοι
1450 813 1562 862 τῶν
1588 809 1650 862 ἐν
1669 815 1901 877 φιλοσο-

223 892 323 960 φίᾳ
337 910 348 920 ·
382 893 477 958 τῆς
495 890 682 958 μέντοι
710 885 1001 957 ἀχρηστίας
1020 886 1151 951 τοὺς
1178 887 1250 957 μὴ
1268 891 1586 957 χρωμένους
1606 892 1794 945 κέλευε
1813 895 1900 944 αἰ-

221 974 465 1038 τιᾶσθαι,
487 967 625 1023 άλλοὶ
648 967 720 1038 μὴ
741 968 871 1032 τοὺς
890 971 1150 1031 ἐπιεικεῖς.
1172 966 1241 1022 οὐ
1259 966 1365 1038 γὰρ
1386 974 1493 1038 ἔχει
1514 969 1686 1039 φύσιν
1705 976 1899 1042 κυβερ-

222 1050 395 1121 νήτην
431 1055 652 1104 ναυτῶν
678 1053 897 1104 δεῖσθαι
933 1047 1204 1120 ἄρχεσθαι
1233 1046 1334 1119 ὑφ’
1380 1047 1571 1118 αὑτοῦ,
1610 1049 1741 1107 οὐδὲ
1769 1051 1901 1116 τούς

223 1129 437 1203 σοφούς
457 1133 543 1187 ε’πὶ
562 1130 658 1195 τὰς
678 1136 790 1186 τῶν
818 1136 1101 1186 πλουσίων
1127 1129 1311 1201 θύρας
1340 1132 1496 1200 ἰέναι,
1527 1128 1651 1187 ἀλλ’
1678 1129 1707 1186 ὁ
1735 1137 1899 1187 τοῦτο

221 1213 677 1284 κομψευσάμενος
706 1212 994 1282 ἐψεύσατο,
1021 1210 1083 1267 τὸ
1114 1211 1172 1267 δὲ
1196 1210 1400 1282 ἀληθὲς
1430 1215 1696 1283 πέφυκεν,
1722 1214 1819 1268 ἐάν
1843 1235 1900 1269 τε

222 1297 486 1359 πλούσιος
503 1294 603 1350 ε’άν
619 1315 678 1349 τε
702 1297 870 1364 πένης
888 1296 1088 1364 κάμνῃ,
1110 1291 1415 1363 ἀναγκαῖον
1433 1292 1572 1348 εἶναι
1591 1296 1676 1350 ἐπὶ
1696 1298 1897 1363 ἰατρῶν

162 1391 192 1433 ὓ
220 1378 405 1448 θύρας
434 1380 572 1431 ἰέναι
597 1377 688 1431 καὶ
722 1375 904 1431 πάντα
939 1373 1039 1430 τὸν
1075 1374 1347 1472 ἄρχεσθαι
1382 1373 1648 1444 δεόμενον
1683 1378 1770 1431 ἐπὶ
1803 1374 1901 1440 τὰς

219 1465 321 1515 τοῦ
347 1458 537 1555 ἄρχειν
559 1461 893 1528 δυναμένου,
914 1453 982 1511 ού
994 1459 1093 1511 τὸν
1112 1455 1350 1526 ἄρχοντα
1364 1459 1583 1510 δεῖσθαι
1602 1462 1714 1511 τῶν
1733 1454 1900 1527 ἀρχο-

220 1541 403 1611 μένων
422 1537 708 1610 ἄρχεσθαι,
731 1532 801 1595 οὗ
819 1534 891 1593 ἀν
909 1544 977 1609 τῇ
994 1536 1230 1611 ἀληθεία
1244 1558 1294 1591 τι
1315 1534 1516 1606 ὄφελος
1535 1530 1586 1608 ᾗ.
1612 1534 1748 1593 ἄλλα
1770 1537 1900 1604 τούς

220 1628 330 1676 νῦν
367 1620 682 1685 πολιτικοὺς
717 1618 984 1691 ἄρχοντας
1023 1618 1332 1684 ἀπεικάζων
1369 1613 1449 1683 οἷς
1482 1616 1605 1687 ἄρτι
1640 1621 1899 1690 ἐλέγομεν

220 1701 449 1766 ναύταις
474 1699 573 1771 ούχ
596 1698 914 1772 ἁμαρτήσει,
933 1704 1024 1756 καὶ
1052 1698 1184 1765 τοὺς
1213 1697 1323 1755 ὑπὸ
1352 1699 1568 1756 τούτων
1595 1699 1900 1774 ἀχρήστους

220 1787 551 1855 λεγομένους
573 1784 666 1839 καὶ
683 1785 1118 1853 μετεωρολέσχας
1136 1793 1248 1846 τοῖς
1276 1778 1348 1845 ῶς
1374 1779 1600 1852 άληθῶς
1621 1782 1898 1853 κυβερνή-

220 1887 350 1930 ταις.
379 1863 704 1936 Ὀρθότατα,
728 1869 847 1935 ἔφη.
876 1863 976 1919 ”Ex
1004 1886 1063 1919 τε
1090 1868 1284 1918 τοίνυν
1309 1862 1525 1917 τούτων
1555 1863 1646 1917 καὶ
1671 1865 1735 1917 ἐν
1764 1863 1900 1918 τού-

216 1969 330 2012 τοις
356 1945 426 2002 οὐ
457 1946 654 2021 ῥᾴδιον
681 1945 994 2016 εὐδοκιμεῖν
1023 1943 1084 2000 τὸ
1115 1947 1401 2016 βέλτιστον
1431 1944 1764 2015 ἐπιτήδευμα
1788 1941 1896 1999 ὑπὸ

148 2052 185 2093 1)
216 2035 329 2085 τῶν
347 2027 610 2085 τάναντία
628 2029 1086 2099 ἐπιτηδευόντων,
1107 2026 1253 2082 πολὺ
1283 2029 1343 2081 δὲ
1371 2031 1595 2097 μεγίστη
1620 2028 1712 2081 καὶ
1739 2031 1897 2096 ἰσχυ-

220 2111 421 2181 ροτάτη
442 2109 670 2182 διαβολὴ
698 2115 941 2179 γίγνεται
960 2111 1266 2180 φιλοσοφίᾳ
1295 2105 1385 2161 διὰ
1417 2106 1547 2172 τοὺς
1574 2105 1640 2163 τά
1669 2114 1898 2163 τοιαῦτα

220 2193 537 2263 φάσκοντας
554 2190 910 2262 ἐπιτηδεύειν,
925 2186 1023 2254 οὓς
1040 2188 1106 2260 δὴ
1127 2189 1197 2244 σύ
1218 2187 1329 2261 φῂς
1348 2188 1449 2244 τὸν
1467 2191 1808 2260 ἐγκαλοῦντα
1829 2197 1900 2262 τῇ

221 2278 526 2347 φιλοσοφίᾳ
546 2276 724 2344 λέγειν
745 2271 818 2337 ὡς
834 2270 1191 2342 παμπόνηροι
1210 2274 1267 2326 οἱ
1282 2277 1525 2327 πλεῖστοι
1551 2277 1666 2328 τῶν
1695 2272 1895 2328 ἰόντων

219 2354 310 2412 ἐπ’
331 2353 524 2427 αὐτήν,
551 2358 608 2410 οἱ
625 2358 682 2410 δὲ
700 2355 1088 2410 ἐπιεικέστατοι
1108 2353 1383 2424 ἄχρηστοι,
1413 2356 1504 2410 καὶ
1525 2352 1628 2424 ε’γῶ
1651 2355 1897 2426 συνεχῶ-

221 2453 361 2508 ρησα
380 2435 566 2507 άληθῆ
584 2451 644 2492 σε
670 2438 864 2506 λέγειν.
889 2430 928 2506 ἦ
943 2434 1078 2506 γάρ;
1099 2441 1228 2491 Ναί.

360 2521 417 2571 V.
463 2516 691 2573 Οὐκοῦν
715 2523 809 2589 τῆς
826 2518 928 2587 μὲν
951 2523 1065 2572 τῶν
1082 2519 1341 2573 ἐπιεικῶν
1371 2516 1661 2589 ἀχρηστίας
1679 2518 1782 2590 τὴν
1809 2523 1897 2575 αἰ-

217 2603 345 2654 τίαν
357 2600 793 2670 διεληλύθαμεν;
827 2601 936 2655 Καὶ
966 2599 1126 2670 μάλα.
1174 2605 1282 2670 Τῆς
1310 2601 1369 2656 δὲ
1400 2605 1513 2655 τῶν
1541 2606 1763 2655 πολλῶν
1791 2619 1894 2655 πο-

220 2686 412 2750 νηρίας
430 2678 532 2751 τὴν
550 2679 803 2751 άνάγκην
820 2680 1012 2753 βούλει
1031 2679 1092 2736 τὸ
1121 2679 1256 2752 μετά
1274 2685 1437 2736 τοῦτο
1459 2682 1781 2750 διέλθωμεν,
1802 2683 1894 2736 καὶ

154 2778 188 2819 Ε
219 2758 303 2814 ὅτι
333 2758 464 2816 οὐδὲ
491 2760 694 2817 τούτου
725 2768 1027 2832 φιλοσοφία
1056 2767 1215 2832 αἰτία,
1248 2758 1319 2817 ἂν
1349 2761 1667 2830 δυνώμεθα,
1700 2779 1894 2831 πειρα-

217 2847 410 2910 θῶμεν
430 2846 624 2910 δεῖξαι;
661 2842 826 2898 Πάνυ
844 2843 947 2914 μὲν
967 2837 1084 2898 οὖν.
1121 2841 1434 2913 Ἀκούωμεν
1453 2839 1520 2912 δὴ
1539 2843 1630 2897 καὶ
1644 2844 1892 2914 λέγωμεν
