1962 3236
237 161 323 213 76·
813 163 1289 210 ΠΛΑΤΩΝΟΣ

239 298 558 364 ἔμπροσθεν
578 292 678 364 οὐχ
700 290 814 358 οἷός
833 291 874 348 τ’
895 287 983 363 ἧν,
1005 291 1090 347 ὅτι
1116 298 1210 363 τῆς
1229 293 1499 364 ποιήσεώς
1518 316 1575 349 τε
1605 296 1699 351 καὶ.
1724 305 1910 365 μυθο-

177 381 207 422 C
237 380 426 444 λογίας
453 373 484 445 ἡ
516 374 617 445 μὲν
649 372 740 429 διὰ
768 373 1044 444 μιμήσεως
1075 371 1175 444 ὅλη
1204 374 1381 444 ἐστίν,
1421 372 1607 446 ὥσπερ
1628 373 1699 430 σὺ
1720 377 1911 447 λέγεις,

236 459 513 529 τραγῳδία
532 477 589 510 τε
609 456 699 510 καὶ
718 458 1005 527 κωμῳδία,
1025 452 1058 525 ἡ
1081 457 1139 509 δὲ
1168 453 1231 510 δι’
1253 454 1583 525 ἀπαγγελίας
1611 454 1783 511 αὐτοῦ
1809 463 1911 512 τοῦ

238 543 495 606 ποιητοῦ·
541 533 725 603 εὕροις
756 532 807 590 δ’
845 531 915 590 ἂν
946 532 1120 605 αὐτὴν
1148 535 1384 605 μάλιστά
1412 555 1523 591 που
1551 538 1612 590 ἐν
1630 535 1910 607 διθυράμ-

236 623 381 688 βοις·
419 614 452 686 ἡ
476 613 526 670 δ’
554 608 628 669 αὖ
652 613 718 669 δι’
748 612 1079 685 ἀμφοτέρων
1108 618 1168 671 ἕν
1194 636 1252 670 τε
1282 622 1347 687 τῇ
1366 622 1478 671 τῶν
1507 619 1656 672 ἐπῶν
1674 617 1908 687 ποιήσει,

238 702 516 767 πολλαχοῦ
536 695 594 751 δὲ
614 697 703 749 καὶ
721 693 922 751 ἄλλοθι
935 737 949 766 ,
987 703 1041 751 εἴ
1052 716 1163 766 μου
1181 696 1501 766 μανθάνεις.
1534 694 1698 752 Ἀλλὰ
1722 701 1911 767 ξυνίη-

237 800 314 847 μι,
351 781 484 847 ἔφη,
519 774 551 831 ὃ
568 776 691 831 τότε
720 777 959 848 ἐβούλου
990 780 1182 847 λέγειν.
1239 779 1348 832 Καὶ
1378 777 1437 832 τὸ
1469 777 1575 848 πρὸ
1607 779 1810 834 τούτου
1841 778 1908 849 δὴ

238 856 652 928 ἀναμνήσθητι,
695 856 780 912 ὅτι
797 861 1023 928 ἔφαμεν,
1055 856 1091 912 δι’
1110 857 1211 927 μὲν
1239 861 1479 928 λεκτέον,
1510 858 1621 929 ἤδη.
1636 865 1908 931 εἰρῆσθαι,

238 936 312 1003 ὡς
331 940 389 993 δὲ
407 942 633 994 λεκτέον
645 980 659 1007 ,
678 943 754 993 ἔτι
773 943 1036 994 σκεπτέον
1055 937 1208 994 εἶναι.
1234 937 1396 994 Ἀλλὰ
1416 941 1703 1010 μέμνημαι.
1731 946 1910 996 Τοῦτο

172 1023 206 1062 D
239 1025 432 1074 τοίνυν
451 1015 585 1073 αὐτὸ
603 1011 675 1089 ἦν
698 1015 742 1072 ό’
767 1023 959 1087 ἔλεγον
979 1017 1062 1073 ὅτι
1092 1023 1242 1089 χρείη
1265 1018 1786 1090 διομολογήσασθαι,
1806 1021 1912 1076 πό-

239 1121 401 1170 τερον
420 1099 655 1170 ἐάσομεν
672 1098 802 1164 τοὺς
820 1097 1045 1170 ποιητὰς
1062 1101 1440 1170 μιμουμένους
1450 1099 1582 1171 ἡμῖν
1602 1107 1697 1169 τᾶς
1717 1101 1910 1172 διηγή-

241 1198 353 1246 σεις
387 1188 696 1252 ποιεῖσθαι,
732 1177 767 1251 ἢ
805 1179 870 1236 τὰ
908 1182 1009 1252 μὲν
1044 1185 1442 1252 μιμουμένους,
1479 1181 1544 1237 τὰ
1584 1183 1642 1239 δὲ
1677 1183 1780 1254 μή,
1819 1187 1910 1238 καὶ

240 1261 401 1317 ὁποῖα
432 1262 693 1334 ἑκάτερα,
737 1258 777 1333 ἦ
810 1260 940 1318 οὐδὲ
979 1269 1275 1333 μιμεῖσθαι.
1350 1263 1740 1334 Μαντεύομαι,
1783 1268 1908 1335 ἔφη,

241 1351 570 1399 σκοπεῖσθαί
587 1360 674 1413 σε,
716 1350 822 1398 εἴτε
842 1343 1262 1414 παραδεξόμεθα
1280 1347 1596 1417 τραγῳδίαν·
1612 1365 1677 1398 τε·
1690 1345 1778 1399 καὶ
1798 1366 1910 1399 κω-

237 1427 449 1497 μῳδίαν
488 1429 563 1489 εἰς
597 1422 702 1495 τὴν
738 1425 930 1496 πόλιν,
971 1432 1077 1480 εἴτε
1113 1427 1205 1479 καὶ
1238 1423 1321 1478 οὔ.
1360 1423 1549 1493 Ἴσως,
1587 1418 1658 1495 ἦν
1692 1422 1743 1479 δ’
1775 1425 1907 1495 ἐγώ·

238 1513 369 1570 ἴσως
387 1505 451 1561 δὲ
465 1507 555 1562 καὶ
576 1511 745 1562 πλείω
762 1509 838 1561 ἔτι
857 1505 1097 1561 τούτων·
1138 1504 1207 1560 οὐ
1236 1502 1347 1575 γὰρ
1376 1503 1441 1575 δὴ
1473 1509 1650 1576 ἔγωγέ
1664 1527 1751 1561 πω
1768 1505 1908 1577 οἶδα,

238 1584 349 1641 ἀλλ’
385 1584 495 1658 ὅπῃ
525 1583 596 1642 ἂν
627 1585 655 1643 ὁ
689 1587 857 1657 λόγος
871 1586 1055 1657 ὥσπερ
1085 1592 1303 1656 πνεῦμα
1333 1588 1501 1658 φέρῃ,
1546 1587 1717 1659 ταύτῃ
1748 1588 1905 1643 ἰτέον.

173 1678 206 1717 Ε
238 1670 346 1723 Καὶ
371 1674 554 1733 καλως
578 1666 644 1739 γ’,
682 1672 813 1740 ἔφη,
853 1671 1040 1739 λέγεις.
1094 1667 1234 1723 Τόδε
1252 1673 1473 1738 τοίνυν,
1512 1690 1554 1722 ω
1571 1665 1905 1740 Ἀδείμαντε,

68 1813 83 1825 ·
140 1779 144 1783 ·
236 1748 428 1820 αθρει,
466 1750 704 1818 πότερον
723 1749 1043 1820 μιμητικοὺς
1059 1746 1194 1820 ἡμῖν
1214 1752 1300 1804 δεῖ
1321 1747 1461 1804 εἶναι
1495 1748 1626 1813 τοὺς
1654 1750 1911 1819 φύλακας

234 1853 267 1932 η
288 1827 381 1895 οὕς
423 1853 456 1900 η
479 1833 749 1885 καὶτοῦτο
770 1841 882 1895 τοῖς
901 1830 1258 1900 ἔμπροσθεν
1237 1831 1447 1898 ε’πεται,
1478 1828 1563 1884 ὅτι
1581 1826 1706 1894 εἷς
1685 1835 1910 1896 (ἕκαστος

237 1914 297 1965 ἓν
334 1933 436 1981 μεν
472 1908 544 1966 ἀν
581 1911 913 1983 ἐπιτήδευμα
942 1915 1124 1975 καλως
1153 1910 1490 2011 ἐπιτηδεύοι,
1530 1910 1706 1968 πολλοὶ
1738 1910 1790 1967 δ’
1819 1911 1907 1978 οὔ,

237 1990 350 2046 ἀλλ’
390 1995 439 2046 εί
471 1997 645 2047 τοῦτο
676 1997 961 2062 ἐπιχειροῖ,
1015 1997 1237 2046 πολλῶν
1272 1990 1650 2060 ἐφαπτόμενος
1682 1992 1908 2047 πάντων

238 2071 612 2143 ἀποτυγχάνοι
633 2073 705 2128 ἄν
718 2115 733 2142 ,
762 2072 885 2127 ὥστ’
906 2071 1050 2127 εἶναί
1065 2092 1174 2126 που
1192 2071 1476 2140 ἐλλόγιμος
1489 2094 1511 2136 ;ἶ
1540 2076 1610 2126 Τι’
1623 2069 1678 2126 δ’
1700 2071 1767 2127 οὐ
1787 2077 1906 2142 μέλ·

238 2159 317 2206 λει
331 2146 349 2216 ;ι
366 2150 593 2208 Οὐκοῦν
613 2154 703 2208 καὶ
727 2155 851 2223 περὶ
869 2151 1144 2222 μιμήσεως
1160 2148 1195 2206 ὁ
1211 2148 1379 2214 αὐτὸς
1405 2151 1594 2222 λόγος,
1626 2150 1904 2209 ὅτι-πολλὰ

238 2232 266 2290 ὁ
290 2232 454 2298 αὐτὸς
473 2242 757 2304 μιμεῖσθαι
786 2227 849 2289 εὖ
871 2232 1055 2303 ὥσπερ
1078 2236 1138 2288 ἓν
1157 2231 1226 2288 οὐ
1247 2232 1481 2297 δυνατός
1494 2256 1514 2297 ;.
1551 2231 1636 2288 Οὐ
1655 2232 1769 2303 γὰρ
1784 2228 1902 2291 οὖν.

120 2325 206 2370 395
236 2322 422 2388 Σχολῇ
441 2316 549 2383 ἄρα
568 2315 911 2386 ἐπιτηδεύσει
930 2319 994 2384 γε’
1009 2338 1060 2370 τι
1074 2313 1186 2385 ἅμα
1201 2321 1312 2369 τῶν
1338 2311 1505 2379 ἀξίων
1523 2314 1696 2384 λόγου
1724 2319 1907 2387 ἐπιτη-

236 2397 522 2467 δευμάτων
541 2394 825 2452 καὶπολλὰ
849 2398 1138 2467 μιμήσεται
1169 2398 1259 2451 καὶ
1279 2400 1432 2451 ἔσται
1455 2396 1740 2466 μιμητικός
1754 2439 1770 2467 ,
1793 2400 1908 2452 ἐπεί

234 2498 344 2532 που
365 2476 496 2533 οὐδὲ
513 2478 578 2532 τοὶ
600 2481 873 2532 δοκοῦντα
894 2477 1056 2548 ἐγγὺς
1075 2475 1329 2548 ἀλλήλων
1350 2475 1487 2531 εἶναι
1513 2476 1614 2532 δύο
1628 2477 1906 2548 μιμήματα

237 2558 504 2612 δύνανται
523 2560 578 2612 οἰ
595 2556 748 2612 αὐτοὶ
781 2556 891 2628 ἅμα
913 2552 977 2613 εὖ
995 2565 1310 2628 μιμεῖσθαι,
1347 2553 1466 2612 οἷον
1493 2561 1788 2630 κωμῳδίαν
1815 2562 1906 2614 καὶ

235 2642 546 2712 τραγῳδίαν
565 2646 866 2704 ποιοῦντες.
896 2635 931 2710 ἢ
951 2638 1019 2695 οὐ
1039 2639 1309 2710 μιμήματε
1328 2638 1450 2708 ἄρτι
1469 2639 1647 2693 τούτω
1668 2639 1904 2704 §ncillam

218 2717 456 2788 ’Έγωγε·
511 2721 602 2774 καὶ
622 2718 804 2791 ἀληθῆ
830 2742 893 2791 γε
922 2725 1122 2790 λέγεις,
1161 2719 1244 2775 ὅτι
1265 2717 1333 2774 οὐ
1365 2719 1632 2774 δύνανται
1660 2721 1717 2772 oc
1731 2716 1899 2773 αὐτοί.

238 2795 384 2852 Οὐδὲ
402 2797 516 2868 μὴν
548 2801 802 2872 ῥαψῳδοί
813 2822 876 2870 γε
895 2805 986 2856 καὶ
1007 2800 1297 2875 ὑποκριταὶ
1324 2798 1448 2869 ἅμα.
1502 2796 1718 2868 Ἀληθῆ.
1765 2797 1900 2854 Ἀλλ’
