1962 3236
241 170 342 222 112
866 169 1340 218 ΠΛΑΤΩΝΟΣ

240 305 332 361 καὶ
354 310 618 360 καλλιστα
637 303 729 358 καὶ
751 309 940 373 πρώτα
966 307 1079 356 τών
1107 302 1594 373 νομοθετημάτων.
1649 305 1727 359 Τὰ
1762 318 1916 372 ποῖα;

239 379 275 458 ἦ
299 383 349 442 δ’
375 383 449 449 ὅς.
481 381 665 456 Ἱερῶν
685 404 742 439 τε
762 382 1006 451 ἱδρύσεις
1025 383 1115 437 καὶ
1144 387 1341 438 θυσίαι
1370 386 1462 439 καὶ
1489 384 1650 441 ἄλλαι
1677 393 1830 442 θεῶν
1859 410 1917 443 τε

239 470 330 523 καὶ
352 463 633 536 δαιμόνων
655 466 746 519 καὶ
763 461 967 535 ἡρώων
992 470 1298 535 θεραπεῖαι,
1330 466 1812 537 τελευτησάντων*
1831 470 1917 523 τε*
1956 484 1962 506 -’

240 542 315 605 αὖ
334 553 507 619 θῆκαι
524 547 615 601 καὶ
634 544 738 601 ὅσα
755 557 867 610 τοῖς
886 548 1000 600 ἐκεῖ
1015 549 1103 600 δεῖ
1118 545 1530 617 ὑπηρετοῦντας
1548 551 1704 614 ἵλεως
1715 547 1962 616 αὐτοὺς

242 635 399 700 ἔχειν.
444 649 511 682 τα
532 647 639 699 γαρ
660 625 726 698 δὴ
748 633 975 682 τοιαῦτα
1006 625 1106 682 οὔτ
1114 624 1541 698 ’ἐπιστάμεθα“
1512 640 1664 699 ημεῖς
1685 634 1962 704 οἰκίζον-
1954 634 1962 658 ³

181 716 212 758 G
240 713 326 774 τές
354 729 412 763 τε
440 706 604 763 πόλιν
632 705 822 763 οὐδενὶ
853 706 1001 780 ἄλλω
1033 707 1358 806 πεισόμεθα,
1393 708 1491 764 ἐαν
1521 717 1663 766 νοῦν
1692 716 1917 783 ἔχωμεν,
1954 715 1962 791 ᾖ

241 787 375 845 οὐδὲ
403 786 725 860 χρησόμεθα
751 791 983 893 ἐξηγητῇ
1014 783 1134 843 ἀλλ’
1165 786 1200 859 ἢ
1229 810 1303 843 τω
1336 794 1571 863 πατρίω·
1623 793 1784 857 οὗτος
1809 791 1916 864 γὰρ

243 873 420 943 δήπου
467 867 495 923 ὁ
534 869 669 934 θεὸς
710 872 834 941 περι
871 870 939 925 τοὶ
983 875 1210 925 τοιαῦτα
1247 878 1415 926 πᾶσιν
1451 871 1775 945 ανθρώποις
1811 874 1918 930 πά-

241 973 390 1022 τριος
409 951 666 1022 ἐξηγητὴς
685 954 745 1006 ἐν
773 956 922 1024 μέσῳ
947 957 1043 1022 τῆς
1074 957 1174 1021 γῆς
1203 954 1288 1007 ἐπὶ
1319 960 1420 1007 τοῦ
1451 951 1708 1023 ὀμφαλοῦ
1735 955 1919 1026 καθή-

242 1058 407 1107 μενος
425 1037 702 1105 ἐξηγεῖται.
749 1037 859 1089 Καὶ
878 1038 1061 1098 καλῶς
1080 1031 1157 1103 γ’,
1180 1038 1304 1105 ἔφη,
1327 1038 1524 1104 λέγεις·
1555 1037 1645 1092 καὶ
1664 1040 1918 1174 ποιητέον
1959 1076 1962 1110 3

241 1115 403 1172 ου’τω.
1954 1127 1962 1179 j

168 1209 203 1250 D
383 1200 463 1252 VI.
506 1196 817 1291 Ὠικισμένη
835 1197 939 1266 μὲν
955 1202 1165 1268 τοίνυν,
1185 1192 1258 1270 ἦν
1278 1195 1327 1253 δ’
1350 1199 1474 1268 ἐγώ,
1496 1197 1644 1269 ᾔδη’
1619 1199 1691 1254 άν
1710 1214 1798 1253 σοι
1816 1205 1917 1300 εἴη,

243 1272 287 1335 ώ
306 1290 408 1335 παῖ
417 1277 758 1350 Ἀρίστωνος,
784 1274 818 1348 ἡ
838 1277 1122 1343 πόλις·τό
1145 1279 1204 1336 δὲ
1223 1278 1289 1351 δὴ
1312 1301 1445 1351 μετα
1465 1286 1628 1335 τοῦτο
1651 1279 1844 1335 σκόπει
1860 1282 1920 1335 ἐν

242 1363 386 1437 αὐτῇ
421 1368 541 1434 φώς
568 1363 749 1417 ποθὲν
778 1362 1148 1433 πορισάμενος
1178 1361 1376 1420 ἰκανὸν
1407 1362 1572 1427 αὐτός
1609 1385 1666 1418 τε
1694 1364 1785 1418 καὶ
1821 1361 1920 1418 τόν
1952 1370 1962 1440 ξ

242 1443 490 1516 αδελφόν
508 1442 815 1515 παρακάλει
833 1445 924 1500 καὶ
943 1448 1306 1517 Πολέμαρχον
1326 1447 1418 1501 καὶ
1437 1445 1567 1508 τοὺς
1587 1443 1847 1514 ἄλλους,’
1822 1445 1920 1500 εάν
1953 1442 1962 1486 ³-

241 1547 358 1592 πως
394 1529 617 1597 ἴδωμεν,
658 1531 769 1580 ποῦ
806 1524 932 1580 ποτ’
973 1522 1043 1581 ἂν
1082 1535 1163 1598 εἴη
1200 1524 1234 1598 ἡ
1268 1525 1593 1596 δικαιοσύνη
1622 1527 1713 1581 καὶ
1743 1531 1856 1580 ποῦ
1883 1521 1918 1596 ἡ
1948 1484 1962 1607 Ξ

241 1609 442 1678 ἀδικία,
465 1610 557 1664 καὶ
575 1612 632 1663 τί
656 1605 917 1678 άλλήλοιν
948 1609 1295 1681 διαφέρετον,
1327 1610 1417 1664 καὶ
1448 1605 1685 1678 πότερον
1716 1610 1798 1661 δεῖ
1825 1627 1920 1661 κε-
1946 1610 1962 1663 ἃ,

239 1696 478 1762 κτῆσθαι
505 1686 605 1744 τὸν
635 1691 902 1759 μέλλοντα
924 1687 1225 1760 εὐδαίμονα
1256 1689 1415 1760 εἶναι,
1448 1687 1545 1745 ἐάν
1572 1709 1630 1743 τε
1660 1687 1962 1766 λανθάνη,
1952 1687 1962 1729 ῗ

240 1771 339 1826 ἐάν
357 1792 415 1826 τε
434 1768 506 1841 μὴ
528 1769 737 1834 πάντας
755 1769 929 1836 θεούς
948 1791 1005 1825 τε
1022 1773 1113 1826 καὶ
1132 1768 1486 1841 ἀνθρώπους.
1526 1768 1711 1827 Οὐδὲν
1731 1770 1962 1839 λέγεις,
1948 1794 1962 1864 ³«.

182 1867 217 1910 Ε
247 1858 351 1924 ἔφη
374 1849 402 1908 6
422 1851 722 1908 Γλαύκων
757 1852 828 1907 σύ
849 1849 956 1923 γὰρ
975 1849 1218 1924 ὑπέσχου
1238 1852 1502 1926 ζητήσειν,
1535 1875 1606 1917 ως
1633 1850 1734 1924 οὐχ
1764 1849 1962 1906 ὅσιόν
1951 1888 1962 1925 -7

243 1948 330 1988 σοι
366 1954 435 1988 ον
471 1932 543 2003 μὴ
586 1930 655 1987 οὐ
691 1938 926 2004 βοηθεῖν
973 1935 1301 2007 δικαιοσύνη
1349 1939 1424 1998 εἰς
1470 1934 1711 2005 δύναμιν
1755 1933 1919 1988 παντὶ

240 2014 443 2089 τρόπω.
480 2013 703 2084 Ἀληθῆ,
735 2018 877 2087 ἔφην
907 2015 1031 2085 ἐγώ,
1061 2013 1513 2087 ὑπομιμνήσκεις,
1542 2017 1633 2071 καὶ
1663 2013 1920 2085 ποιητέον
1960 2015 1962 2018 ’

240 2099 341 2167 μέν
359 2117 424 2166 γε
445 2092 610 2163 οὕτω,
630 2093 732 2165 χρὴ
762 2096 822 2150 δὲ
850 2098 942 2152 καὶ
971 2093 1115 2167 ὑμᾶς
1145 2095 1564 2167 ξυλλαμβάνειν.
1598 2093 1763 2165 Ἀλλ’,
1796 2098 1919 2165 ἔφη,
1951 2143 1962 2162 Λ.

240 2175 543 2247 ποιήσομεν
575 2173 737 2230 οὕτω.
791 2173 1014 2244 Ἐλπίζω
1042 2181 1255 2247 τοίνυν,
1293 2171 1365 2248 ἦν
1403 2176 1455 2232 δ’
1496 2175 1620 2247 ἐγώ,
1663 2174 1922 2248 εὑρήσειν
1956 2170 1962 2225 s

243 2255 378 2313 αὐτὸ
402 2250 526 2312 οἶδε.
571 2254 722 2327 οἶμαι
738 2254 870 2328 ἡμῖν
887 2257 990 2331 τὴν
1012 2259 1195 2331 πόλιν,
1218 2266 1371 2330 εἴπερ
1390 2255 1578 2330 ὀρθῶς
1596 2280 1659 2329 γε
1677 2257 1919 2333 ᾤκισται,

241 2342 435 2403 τελέως
454 2336 677 2408 ἀγαθὴν
695 2336 848 2395 εἶναι.
885 2337 1140 2413 Ἀνάγκη,
1162 2346 1283 2412 ἔφη.
1341 2346 1534 2411 Δῆλον
1566 2338 1632 2411 δὴ
1663 2339 1746 2395 ὅτι
1775 2338 1923 2411 σοφή
1948 2343 1962 2414 {ff

242 2419 293 2476 τ’
318 2422 428 2476 ἐστὶ
446 2423 538 2476 καὶ
559 2419 788 2487 ἀνδρεία
807 2426 898 2479 καὶ
921 2422 1165 2495 σώφρων
1195 2426 1288 2479 καὶ
1315 2426 1514 2480 δικαία.
1535 2428 1742 2494 Δῆλον.
1768 2420 1922 2478 Οὑκ-

244 2509 349 2557 οῦν
378 2501 410 2559 ὅ
436 2524 488 2558 τι
515 2500 586 2560 ἂν
619 2501 805 2559 αὐτῶν
827 2504 1074 2576 εὕρωμεν
1092 2508 1152 2561 ἐν
1170 2503 1328 2578 αὐτῇ,
1357 2504 1419 2562 τὸ
1438 2502 1748 2560 ὑπόλοιπον
1773 2508 1922 2559 ἔσται
1956 2554 1962 2578 -:

129 2602 215 2649 428
243 2584 302 2639 τὸ
327 2581 427 2655 οὐχ
457 2581 789 2656 εὑρημένον;
833 2591 902 2641 Τί
913 2586 1048 2658 μήν;
1074 2585 1286 2658 ’Ὠσπερ
1316 2591 1508 2642 τοίνυν
1539 2584 1725 2642 ἄλλων
1754 2590 1921 2640 τινοῖν
1955 2610 1962 2662 2

242 2664 535 2737 τεττάρων,
569 2670 619 2721 εἰ
653 2668 714 2722 ἕν
749 2689 800 2722 τι
835 2670 1129 2739 ἐζητοῦμεν
1165 2666 1354 2724 αὐτῶν
1386 2671 1446 2724 ἐν
1483 2666 1716 2741 ὁτῳοῦν,
1754 2663 1919 2721 ὁπότε
1955 2668 1962 2732 ss

243 2752 466 2815 πρῶτον
495 2749 672 2803 ἐκεῖνο
702 2752 966 2820 ἔγνωμεν,
1007 2752 1212 2815 ἱκανῶς
1242 2747 1314 2805 ἂν
1345 2748 1486 2819 εἶχεν
1514 2746 1661 2819 ἡμῖν,
1689 2752 1740 2803 εί
1766 2747 1824 2803 δὲ
1854 2749 1920 2803 τὰ

241 2832 362 2896 τριά
383 2829 655 2899 πρότερον
667 2832 1059 2903 ἐγνωρίσαμεν,
1082 2830 1232 2904 αὐτῷ
1252 2828 1323 2886 ὅίν
1340 2830 1516 2903 τούτῳ
1540 2828 1836 2900 ἐγνώριστο
1859 2827 1917 2884 τὸ
