1962 3236
631 160 1197 266 ΠοΛΙΤΕΙᾼΣς.
1673 186 1774 240 181

89 332 304 383 δίκαιον
331 322 592 397 ἦᾶδικον,
624 322 884 396 ὀνομάζοι
911 322 971 380 δὲ
1002 324 1183 380 πάντα
1209 329 1383 379 ταῦτα
1416 323 1503 378 ἐπὶ
1531 332 1647 387 ταῖς
1676 329 1779 378 τοῦ
1807 333 1838 375 G

87 409 333 481 μεγάλου
353 408 497 475 ζωου
516 407 716 476 δόξαις,
738 402 819 472 οἷς
838 408 940 477 μὲν
958 412 1138 478 χαίροι
1159 409 1334 462 έκεῖνο
1355 402 1547 475 ἀγαθοὶ
1566 410 1773 475 καλῶν,

87 486 168 556 οἷς
188 489 247 545 δὲ
266 489 494 561 ἄχθοιτο
514 489 675 559 κακά,
706 486 880 543 ἄλλον
898 489 958 544 δὲ
976 492 1187 560 μηδένα
1206 491 1318 559 ἔχοι
1336 486 1508 558 λόγον
1527 491 1650 555 περὶ
1671 483 1777 541 αὐ·-

87 580 218 643 τῶν,
245 570 382 628 ἄλλα
404 570 706 640 τάναγκαῖα
738 574 922 626 δίκαια
953 578 1115 627 καλοῖ
1140 571 1232 627 καὶ
1261 570 1421 640 καλά,
1454 567 1557 641 τὴν
1587 567 1646 624 δὲ
1673 575 1777 623 τοῦ

87 656 394 726 ἀναγκαίου
411 656 502 710 καὶ
521 652 747 724 ἀγαθοῦ
758 653 952 724 φύσιν,
967 652 1104 710 ὅσον
1124 656 1371 724 διαφέρει
1390 657 1466 726 τῷ
1488 650 1628 721 ὄντι,
1640 651 1776 723 μήτε

89 737 344 806 ἑωρακώς
366 743 448 806 εἴη
478 735 614 807 μήτε
642 733 792 809 ἄλλῳ
826 733 1064 800 δυνατὸς
1093 739 1276 800 δεῖξαι.
1315 738 1564 798 τοιοῦτος
1596 731 1662 804 δὴ
1696 729 1778 788 ὤν

86 817 226 887 πρὸς
262 818 400 882 Διὸς
435 815 539 872 οὐκ
586 815 790 882 ἄτοπος
837 816 910 872 ἅν
946 833 1035 872 σοι
1081 820 1240 872 δοκεῖ
1275 814 1414 871 εἶναι
1453 815 1776 886 παιδευτής;

75 897 307 969 Ἐμοιγ’,
327 903 451 970 ἔφη.
483 893 553 954 Ἠ
579 892 683 954 οὖν
704 922 754 954 τι
781 900 986 955 τούτου
1006 902 1162 955 δοκεῖ
1185 901 1471 970 διαφέρειν
1490 895 1520 953 ὁ
1541 895 1642 968 τὴν
1663 902 1776 951 τῶν

88 988 310 1037 πολλῶν
330 983 422 1037 καὶ
441 985 815 1037 παντοδαπῶν
834 980 1142 1047 ξυνιόντων
1161 978 1337 1052 ὀργὴν
1356 981 1448 1035 καὶ
1465 977 1672 1051 ἡδονὰς
1683 1001 1774 1035 κα·
1805 997 1839 1038 D

87 1066 479 1135 τανενοηκέναι
497 1069 703 1134 σοφίαν
723 1062 1050 1136 ἡγούμενος,
1081 1061 1178 1119 εἴτ’
1213 1066 1275 1119 ἐν
1304 1068 1551 1134 γραφικῇ
1583 1061 1682 1117 εἴτ’
1713 1063 1774 1117 ἐν

85 1152 324 1217 μουσικῇ
345 1153 452 1201 εἶτε
471 1145 538 1216 δή
561 1148 622 1200 ἐν
638 1151 915 1218 πολιτικῇ·
902 1187 916 1211 ,
955 1142 1038 1200 ὅτι
1056 1146 1159 1216 μὲν
1185 1144 1312 1215 γάρ,
1334 1144 1434 1199 έοῖν
1452 1166 1533 1209 τις
1559 1141 1776 1208 τούτοις

85 1222 250 1297 ὁμιλῇ
284 1225 736 1297 ἐπιδεικνύμενος
770 1222 807 1296 ἢ
834 1230 1057 1296 ποίησιν
1084 1224 1123 1297 ἤ
1153 1247 1276 1281 τινα
1306 1223 1483 1296 ἄλλην
1506 1228 1776 1324 δημιουρ-

85 1313 211 1378 γίαν
228 1302 267 1378 ἦ
286 1306 444 1363 πόλει
475 1311 780 1377 διακονίαν,
811 1313 1041 1378 κυρίους
1070 1305 1246 1363 αὐτοῦ
1272 1327 1450 1362 ποιων
1478 1305 1609 1371 τούς
1638 1313 1777 1363 πολ-

88 1387 219 1453 λοὺς
239 1391 377 1486 πέρα
400 1394 514 1444 τῶν
532 1385 918 1460 dvayxoelmv,‘
889 1410 922 1459 η
940 1387 1249 1460 Διομήδεια
1268 1389 1537 1459 λεγομένη
1559 1386 1776 1459 ἀνάγκη

89 1481 268 1525 ποιεῖν
288 1467 442 1544 αύτῷ
459 1477 634 1526 ταῦτα
652 1493 687 1525 α
709 1493 781 1526 αν
801 1464 956 1526 οὗτοι
975 1473 1304 1527 ἐπαινῶσιν·
1343 1467 1416 1535 ὥς
1436 1467 1497 1525 δὲ
1524 1467 1670 1525 καὶ’
1637 1491 1777 1540 αγα-

88 1552 166 1607 θὰ
187 1553 278 1607 καὶ
298 1550 438 1607 καλᾶ
459 1558 633 1608 ταῦτα
653 1559 720 1624 τῇ
739 1551 993 1626 ἀληθείᾳ,
1023 1550 1131 1624 ἤδη
1161 1551 1386 1609 πωποτέ
1399 1574 1502 1609 του
1530 1551 1778 1625 ἤκουσας

88 1632 274 1689 αὐτῶν
296 1633 466 1704 λόγον
486 1635 736 1700 διδόντος
764 1632 834 1691 ού
864 1636 1301 1705 καταγέλαστον;
1344 1634 1511 1707 Οἶμαι
1541 1637 1605 1692 δέ
1628 1655 1708 1706 γε,
1739 1626 1777 1706 ἦ

88 1714 141 1771 δ’
164 1714 241 1781 ὃς,
265 1713 388 1772 οὐδ’
412 1714 736 1788 ἀκούσομαι.
1367 1755 1369 1757 -
1808 1745 1841 1786 E

31 1799 35 1802 ’
228 1801 353 1853 vm.
399 1804 585 1854 Ταῦτα
605 1804 798 1854 τοίνυν
817 1797 997 1853 πάντα
1017 1798 1286 1869 ἐννοήσας
1313 1801 1491 1854 ἐκεῖνο
1520 1795 1778 1871 ἀναμνή-

87 1885 281 1949 σθητι·
320 1877 456 1934 αὐτὸ
478 1878 539 1936 τὸ
561 1878 753 1949 καλόν,
774 1877 914 1935 ἀλλὰ
944 1877 1018 1951 μὴ
1039 1881 1106 1935 τά
1127 1879 1303 1936 πολλὰ
1324 1880 1484 1950 καλά,
1505 1877 1542 1951 ἢ
1565 1878 1704 1936 αὐτό
1725 1902 1777 1936 τι

84 1959 321 2035 ἕκαστον
341 1962 432 2017 καὶ
451 1961 523 2032 μὴ
546 1960 613 2017 τὰ
635 1959 810 2018 πολλοὶ
831 1963 1052 2033 ἕκαστα,
1083 1960 1208 2018 ἔσθ’
1241 1960 1391 2027 ὅπως
1410 1967 1628 2034 πλῆθος
1646 1960 1775 2019 ἅνέ-
1804 1979 1891 2025 494

85 2038 574 2114 ξεταιιῆἠγήσεται
610 2042 776 2111 εἶναι;
803 2041 1036 2099 ’Ἠκιστά
1064 2042 1139 2115 γ’,
1170 2047 1290 2116 ἔφη.
1333 2044 1657 2116 Φιλόσοφον
1675 2049 1778 2117 μὲν

86 2121 213 2194 ἄρα,
242 2117 315 2195 ἦν
345 2123 400 2181 δ’
430 2126 556 2197 ἐγώ,
589 2133 805 2198 πλῆθος
823 2125 1107 2182 ἀδύνατον
1128 2125 1283 2183 εἶναι.
1316 2124 1633 2183 Ἀδύνατον.
1665 2128 1776 2183 Καὶ

87 2203 217 2270 τούς
252 2212 703 2278 φιλοσοφοῦντας
739 2207 845 2280 ἄρα
881 2206 1094 2281 ἀνάγκη
1133 2212 1403 2279 ψέγεσθαι
1437 2207 1536 2265 ὑπ’
1570 2206 1771 2266 αὐτῶν.

83 2282 333 2357 Ἀνάγκη.
373 2287 531 2344 Καὶ
501 2290 611 2345 υπὸ
643 2290 857 2347 τούτων
888 2290 954 2363 δὴ
985 2313 1099 2348 των
1128 2294 1381 2363 ἰδιωτῶν,
1413 2290 1536 2348 ὅσοι
1565 2308 1778 2361 προσο-

89 2371 378 2434 μιλοῦντες
396 2366 539 2443 ὄχλῳ
558 2369 814 2441 ἀρέσκειν
833 2371 985 2428 αὐτω
1004 2376 1394 2445 ἐπιθυμουσιν.
1432 2380 1643 2447 Δῆλον.
1687 2373 1774 2432 Ἐκ

89 2444 155 2516 δὴ
178 2446 392 2502 τούτων
410 2448 575 2505 τίνα’
551 2473 685 2525 ορᾳς
705 2459 980 2525 σωτηρίαν
999 2456 1292 2530 φιλοσόφω
1325 2457 1511 2528 φύσει,
1546 2455 1677 2512 ω’στ’
1713 2458 1775 2511 ἐν

89 2534 164 2601 τῷ
193 2530 579 2602 ἐπιτηδεύματι
604 2538 872 2605 μείνασαν
897 2535 1043 2606 πρὸς
1066 2540 1217 2602 τέλος
1246 2540 1462 2603 ἐλθεῖν;
1500 2538 1681 2594 ἐννόει
1717 2537 1769 2594 δ’

87 2611 145 2664 ἐκ
167 2618 278 2666 τῶν
297 2616 628 2683 ἔμπροσθεν.
654 2612 997 2687 ὡμολόγηται
1019 2617 1126 2687 γὰρ
1148 2616 1212 2690 δὴ
1240 2616 1372 2690 ἡμῖν
1393 2618 1669 2691 εὐμάθεια
1685 2622 1776 2678 καὶ
1809 2635 1841 2677 Β

87 2693 272 2764 μνήμη
300 2697 388 2749 καὶ
419 2692 647 2765 ἀνδρεία
678 2700 766 2753 καὶ
799 2702 1235 2769 μεγαλοπρέπεια
1267 2701 1471 2773 ταύτης
1509 2701 1649 2759 εἶναι
1678 2709 1775 2775 τῆς

88 2773 322 2844 φύσεως.
362 2782 488 2832 Ναί.
516 2777 744 2834 Οὐκοῦν
762 2777 937 2845 εὐθὺς
954 2783 1016 2836 ἐν
1035 2786 1223 2838 παισὶν
1243 2780 1271 2838 ὁ
1290 2791 1538 2849 τοιοῦτος
1558 2790 1776 2856 πρῶτος

88 2857 234 2910 ἔσται
255 2856 359 2912 ἐν
334 2856 557 2926 α’πασιν,
580 2860 757 2926 ἄλλως
777 2885 830 2917 τε
859 2865 947 2918 καὶ
976 2863 1075 2919 ἐὰν
1103 2863 1163 2920 τὸ
1197 2871 1354 2937 σῶμα
1385 2873 1504 2940 φυῇ
1525 2884 1778 2939 προσφε-
