1962 3236
178 109 284 161 210
724 111 726 113 ’
795 66 1270 160 ΠΛΑΤΩΝΟΣ
1907 0 1962 228 1

173 266 280 316 ται,
302 249 490 316 ἔχουσί
505 266 563 299 τε
582 242 740 314 τιμὰς
757 243 925 307 ἄλλας
943 247 1034 299 καὶ
1054 248 1180 315 βίον
1200 241 1406 315 ἀμείνω
1423 253 1526 302 τοῦ
1546 255 1863 315 πολιτικοῦ;
1912 284 1925 291 -

180 324 426 391 Οὐδένας
445 325 664 394 ἄλλους,
699 347 819 395 εφη.
1957 387 1962 408 4

114 426 143 467 C
316 411 397 461 vl.
441 407 642 462 Βούλει
661 408 766 461 οὐν
785 404 938 460 τοῦτ’
962 405 1069 478 ἤδη
1090 414 1402 478 σκοπωμεν,
1424 413 1546 463 τίνα
1575 409 1783 479 τρόπον
1811 415 1866 467 οἱ
1950 409 1962 452 -ἶ

175 496 418 544 τοιοῦτοι
440 488 830 559 ἐγγενήσονται
849 490 1074 553 καὶπῶς
1094 511 1174 554 τις
1192 487 1380 555 ἀνάξει
1401 489 1604 556 αὐτοὺς
1629 496 1704 557 εἰς
1725 514 1862 562 φως,
1943 502 1950 546 ξ

178 570 363 638 ὥσπερ
397 572 449 635 ἐξ
474 568 666 625 ’Ἀιδου
695 571 948 639 λέγονται
981 570 1049 640 δή
1085 592 1227 635 τινες
1258 575 1333 635 εἰς
1367 571 1537 636 θεοὺς
1576 570 1863 639 ἀνελθεῑν;

175 658 307 716 Πως
345 650 452 721 γὰρ
491 649 558 705 ού
589 651 889 723 βούλομαι;
927 656 1048 751 ἔφη.
1091 659 1268 708 Τοῦτο
1310 652 1394 724 δή,
1429 654 1501 719 ὡς
1533 660 1726 725 ἐοικεν,
1760 654 1863 711 οὐκ
1933 683 1941 704 1

178 732 456 804 ὄστρακον
476 729 549 788 ἂν
577 742 658 830 εἴη
689 734 1029 806 περιστροφή
1060 733 1199 790 ἀλλὰ
1231 742 1409 807 ψυχῆς
1437 738 1771 808 περιαγωγή,
1806 739 1864 792 ἐκ

177 822 506 887 νυκτερινῆς
540 815 690 880 τινος
725 813 929 887 ἡμέρας
969 820 1043 880 εἰς
1080 815 1359 888 ἀληθινὴν
1395 823 1495 873 τοῦ
1533 818 1692 882 ὄντος
1721 821 1860 873 οὐσα
1937 859 1940 862 «

178 897 513 968 ἐπάνοδος,“
489 897 561 969 ην
577 897 642 969 δὴ
665 903 1004 967 φιλοσοφίαν
1025 896 1211 968 ἀληθῆ
1227 898 1483 970 φήσομεν
1505 899 1657 955 εἶναι.
1697 900 1861 955 Πανυ
1936 971 1939 973 Α

178 982 281 1055 μὲν
299 1002 420 1037 ουν.
458 977 687 1035 Οὐκοῦν
709 983 795 1034 δεῖ
810 988 1158 1051 σκοπεῖσθαι,
1180 986 1235 1036 τί
1255 987 1368 1035 τῶν
1388 981 1734 1052 μαθημάτων
1757 987 1863 1052 ε”χει

119 1089 154 1129 D
179 1061 444 1133 τοιαύτην
463 1061 730 1131 δύναμιν;
756 1067 884 1126 Πῶς
904 1059 1012 1133 γὰρ
1045 1062 1114 1117 οὕ
1129 1087 1143 1129 ;
1181 1066 1250 1117 Τί
1266 1058 1336 1118 ἂν
1357 1056 1463 1118 οὖν
1493 1071 1593 1134 εἴη,
1616 1058 1660 1118 ὦ
1681 1064 1866 1120 Γλαύ-
1936 1077 1942 1102 ῑ

182 1165 318 1214 κων,
339 1143 574 1216 μα’θημα
593 1148 770 1214 ψυχῆς
790 1141 961 1199 ὁλκὸν
980 1141 1088 1198 ἀπὸ
1111 1151 1213 1199 τοῦ
1230 1148 1565 1215 γιγνομένου
1583 1147 1669 1201 ἐπὶ
1687 1147 1747 1200 τό
1772 1143 1865 1210 ὅν;

180 1225 308 1282 τόδε
327 1223 377 1281 δ’
403 1227 582 1282 ἐννοῶ
610 1227 789 1295 λέγων
817 1224 958 1295 ἅμα·
998 1223 1100 1280 οὐκ
1128 1223 1374 1297 ἀθλητὰς
1403 1229 1589 1297 μέντοι
1622 1229 1865 1297 πολέμου

179 1313 393 1379 ἔφαμεν
427 1305 662 1370 τούτους
693 1304 998 1376 ἀναγκαῖον
1026 1305 1165 1362 εἶναι
1200 1311 1362 1371 νέους
1399 1306 1587 1375 ὅντας;
1614 1308 1865 1379 ”Εφαμεν
1940 1305 1947 1324 ³

181 1390 305 1460 γάρ.
354 1395 463 1443 Δεῖ
480 1386 587 1458 ἄρα
606 1390 698 1442 καὶ
718 1394 881 1443 τοῦτο
912 1390 1201 1459 προσέχειν
1230 1387 1291 1443 τὸ
1325 1389 1578 1459 μάθημα,
1611 1387 1642 1444 ὃ
1674 1394 1866 1460 ζητοῦ-
1947 1432 1951 1435 -

181 1492 302 1541 μεν,
343 1467 481 1541 πρὸς
517 1472 723 1543 ἐκείνῳ.
775 1468 848 1524 Τὸ
885 1481 1075 1537 ποῖον;
1109 1469 1210 1541 Μὴ
1243 1469 1518 1542 ἄχρηστον
1554 1477 1867 1541 πολεμικοῖς

183 1550 456 1623 ἀνδρασιν
476 1559 630 1607 εἰναι.
665 1560 774 1607 Δει
787 1554 990 1622 μέντοι,
1022 1556 1146 1623 ἔφη,
1178 1559 1331 1623 εἴπερ
1362 1551 1484 1608 οἶόν
1510 1574 1582 1608 τε.
1637 1557 1866 1623 Γυμνα-

124 1655 156 1694 Ε
189 1642 345 1707 στικῇ
377 1632 494 1718 μὴν
530 1636 621 1689 καὶ
658 1639 896 1706 μουσικῇ
937 1638 996 1688 ἔν
1028 1655 1091 1703 γε
1120 1655 1195 1688 τω
1227 1634 1480 1703 πρόσθεν
1505 1635 1863 1690 ἐπαιδεύοντο

179 1714 326 1788 ἡμῖν.
379 1719 478 1771 Ἠν
497 1722 688 1786 ταῦτα,
709 1719 831 1787 ἔ.φη
865 1716 1219 1787 Γυμναστικὴ
1242 1719 1343 1786 μέν
1379 1737 1488 1772 που
1519 1719 1644 1787 περὶ
1673 1715 1866 1787 γιγνό-
1944 1750 1949 1757 ·

182 1819 355 1869 μενον
384 1800 476 1853 καὶ
506 1795 898 1869 ἀπολλύμενον
924 1798 1240 1854 τετεύτακε·
1281 1798 1533 1869 σώματος
1561 1800 1666 1870 γὰρ
1698 1799 1866 1897 αὔξης
1947 1795 1950 1798 ’

183 1882 274 1936 καὶ
293 1883 542 1951 φθίσεως
560 1883 846 1936 ἐπιστατει.
896 1886 1169 1935 Φαίνεται.
1225 1887 1402 1936 Τοῦτο
1424 1881 1525 1952 μὲν
1557 1882 1622 1951 δὴ
1664 1877 1765 1936 οὐκ
1797 1902 1868 1935 αν

58 1987 150 2032 522
184 1972 265 2034 εἴη
303 1961 334 2019 ὃ
370 1967 639 2063 ζητοῦμεν
674 1963 922 2034 μαθημα.
990 1960 1075 2018 Οὐ
1104 1985 1223 2032 γαρ.
1277 1961 1422 2019 Ἀλλ’
1467 1985 1575 2032 αρα
1612 1962 1868 2033 μουσική,

182 2044 323 2117 ὅσην
352 2044 413 2101 τὸ
445 2045 720 2116 πρότερον
760 2046 1091 2115 διήλθομεν;
1123 2042 1265 2099 Ἀλλ’
1306 2039 1379 2114 ἦν
1414 2046 1593 2113 ἐκείνη
1630 2040 1704 2112 γ’,
1742 2047 1867 2112 ε’φη,

182 2125 551 2197 ἀντίστροφος
579 2134 675 2197 τῆς
700 2132 1092 2195 γυμναστικῆς,
1133 2129 1183 2201 εί
1215 2128 1504 2195 μέμνησαι,
1545 2129 1699 2179 ἔθεσι
1738 2143 1866 2177 παι-
1951 2168 1954 2170 .

181 2209 426 2264 δεύουσα
464 2206 596 2272 τοὺς
632 2209 907 2277 φύλακας,
936 2206 1075 2262 κατά
1105 2227 1163 2261 τε
1193 2205 1467 2276 ἁρμονίαν
1497 2204 1866 2277 εὐαρμοστίαν

181 2290 325 2357 τινά,
344 2289 447 2345 οὐκ
469 2290 790 2361 ἐπιστήμην,
811 2292 1213 2360 παραδιδοῦσα,
1234 2289 1325 2343 καὶ
1345 2287 1483 2343 κατὰ
1513 2286 1740 2360 ῥυθμὸν
1771 2285 1866 2342 εύ-

180 2379 451 2472 ρυθμίαν,
474 2376 536 2427 ἔν
571 2393 630 2427 τε
657 2383 768 2436 τοῖς
807 2373 992 2442 λόγοις
1033 2372 1190 2442 ἕτερα
1226 2370 1441 2425 τούτων
1470 2367 1703 2473 ἀδελφοί,
1742 2373 1866 2440 ἔφη,

181 2452 316 2509 ἅττα
337 2458 554 2524 ἔχουσα,
575 2455 668 2509 καὶ
688 2452 811 2509 ὅσοι
835 2453 1119 2524 μυθώδεις
1138 2475 1250 2508 των
1268 2452 1454 2521 λόγων
1474 2454 1564 2506 καὶ
1589 2450 1713 2507 ὅσοι
1731 2451 1867 2522 οἷλη-
1942 2495 1943 2498 ¹

179 2534 480 2605 θινώτεροι
506 2538 674 2606 ἦσαν·
723 2535 959 2606 μα’θημα
989 2535 1048 2591 δὲ
1081 2534 1221 2606 πρὸς
1252 2532 1509 2590 τοιοῦτόν
1545 2555 1596 2588 τι
1625 2530 1866 2602 ἀγαθόν,

122 2631 154 2670 Β
187 2612 306 2673 οἷον
335 2616 407 2672 σύ
426 2623 535 2672 νῦν
556 2621 742 2689 ζητεῖς,
773 2615 939 2672 οὐδὲν
969 2612 1040 2688 ἦν
1068 2619 1129 2672 ἐν
1159 2613 1315 2688 αυτῇ.
1371 2615 1770 2710 Ἀκριβέστατα,
1797 2617 1868 2684 ἠν

184 2698 235 2754 δ’
259 2699 384 2771 ἐγώ,
415 2697 847 2771 αναμιμνήσκεις
875 2722 967 2770 με·
1014 2705 1090 2773 τῷ
1122 2720 1229 2770 γαρ
1261 2698 1382 2754 ὄντι
1414 2703 1669 2753 τοιοῦτον
1701 2692 1868 2750 οὐδει

185 2780 341 2851 εἶχεν.
383 2779 525 2851 ἀλλ’,
549 2805 591 2838 ω
573 2774 861 2852 ε”δαιμόνιε
880 2782 1172 2852 Γλαύκων,
1205 2787 1259 2836 τί
1285 2778 1355 2835 ἄν
1383 2787 1466 2850 εἴη
1496 2784 1771 2839 τοιοῦτον;
1812 2779 1871 2831 αἳ
