1962 3236
162 164 266 215 250
776 163 1252 211 ΠΛΑΤῼΝΟΣ

167 299 470 367 κέκληνται.
509 302 720 366 Δῆλον,
755 299 875 365 ἔφη.
924 293 1124 350 Βούλει
1152 286 1274 364 οὖν,
1305 286 1376 364 ἦν
1405 292 1458 349 δ’
1488 294 1613 365 ἐγώ,
1651 298 1741 348 ἵνα
1772 293 1843 365 μὴ

162 383 459 442 σκοτεινῶς
479 375 879 447 διαλεγώμεθα,
903 381 1124 443 πρῶτον
1144 373 1463 445 ὁρισώμεθα
1483 375 1577 439 τάς
1595 397 1649 428 τε
1673 372 1845 444 ἀναγ-

161 465 352 524 καίους
384 461 678 527 ἐπιθυμίας
711 458 801 512 καὶ
833 455 929 521 τὰς
946 457 1050 528 μή;
1080 457 1382 528 Βούλομαι,
1413 450 1448 528 ἦ
1478 455 1528 512 δ’
1563 456 1637 522 ὅς.
1694 456 1846 512 Οὐκ-

163 547 268 595 οῦν
290 537 354 604 ἅς
364 560 421 594 τε
436 537 539 593 οὐκ
552 534 624 593 ἂν
645 533 755 593 οἶοί
769 535 817 592 τ’
842 536 992 609 εἶμεν
1004 536 1325 610 ἀποτρέψαι,
1349 543 1570 605 δικαίως
1590 535 1662 594 ἂν
1682 537 1845 609 ἀναγ-

103 642 136 682 Ε
167 633 315 676 καῖαι
334 627 608 689 καλοῖντο,
629 621 719 674 καὶ
739 618 866 674 ὅσαι
884 619 1321 690 ἀποτελούμεναι
1336 619 1652 691 ὠφελοῦσιν
1673 618 1842 692 ἡμᾶςς

162 703 378 758 τούτων
398 700 505 772 γὰρ
526 699 855 772 ἀμφοτέρων
875 704 1130 772 ἐφίεσθαι
1149 699 1306 773 ἡμῶν
1327 710 1394 775 τῇ
1414 703 1582 773 φύσει
1603 701 1841 774 ἀνάγκη·

49 798 132 844 559
163 780 198 855 ἢ
229 782 327 850 0‘1'2‘3
365 785 470 838 Καὶ
491 782 654 853 μάλα.
691 789 934 847 Δικαίως
961 783 1025 853 δὴ
1060 790 1224 839 τοῦτο
1254 783 1340 839 ἐπ’
1373 784 1560 850 αύταῖς
1593 787 1843 855 ἐροῦμεν,

161 862 222 920 τὸ
246 861 565 934 ἀναγκαῖον.
601 870 858 929 Δικαίως.
887 871 955 920 Τι’
971 868 1085 930 δαί;
1119 864 1182 928 ἅς
1200 868 1266 934 γέ
1280 888 1358 929 τις
1377 863 1737 931 ἀπαλλάξειεν
1756 864 1844 935 ἄν,

165 951 216 1001 εἰ
229 952 435 1019 μελετῷ
460 948 516 1001 ἐκ
546 949 692 1016 νέου,
719 947 810 1001 καὶ
831 943 968 1015 πρὸς
998 944 1164 1000 οὐδεν
1193 944 1415 1015 ἀγαθὸν
1444 949 1669 1001 ἐνοῦσαι
1700 950 1845 1014 δρῶ-

161 1042 269 1095 σιν,
298 1029 359 1082 αἱ
374 1027 432 1081 δε
453 1028 543 1082 καὶ
563 1024 908 1096 τούναντίον,
931 1025 1108 1090 πάσας
1129 1026 1329 1090 ταύτας
1350 1025 1488 1097 εἰμὴ
1513 1025 1847 1097 ἀναγκαίους

162 1119 367 1179 φαῖμεν
397 1106 553 1177 εἶναι,
584 1101 653 1177 ἀρ
665 1106 768 1163 ὀύ
787 1105 1023 1173 καλῶς’“
985 1131 1058 1163 αν
1076 1112 1356 1179 λέγοιμεν,
1388 1114 1583 1173 Καλῶς
1601 1131 1702 1179 μεν
1723 1111 1841 1164 οὐν.

163 1188 543 1260 Προελώμεθα
581 1189 650 1260 δή
689 1211 740 1244 τι
771 1191 1111 1260 παράδειγμα
1149 1191 1435 1261 εκατέρων,
1468 1194 1528 1245 αἴ
1558 1195 1714 1258 εἰσιν,
1751 1193 1842 1244 ἵνα

162 1272 319 1343 τύπῳ
339 1271 597 1341 λάβωμεν
624 1268 821 1338 αύτάς;
868 1270 1098 1327 Οὐκοῦν
1115 1270 1236 1342 χρή.
1265 1265 1381 1340 Ἆρ’
1414 1265 1518 1326 οὖν
1551 1269 1651 1341 οὐχ
1681 1269 1713 1341 ἡ
1744 1277 1847 1325 τοῦ

162 1365 363 1424 φαγεῖν
381 1356 536 1423 μέχρι
556 1351 763 1423 ὑγιείας
782 1375 838 1408 τε
859 1356 948 1409 καὶ
970 1352 1176 1419 εὐεξίας
1196 1355 1285 1408 καὶ
1306 1351 1481 1408 αὐτοῦ
1501 1360 1655 1408 σίτου
1676 1375 1730 1407 τε
1755 1355 1844 1407 καὶ

101 1459 135 1499 Β
163 1433 310 1500 ὄψου
331 1430 628 1503 ἀναγκαῖος
649 1429 719 1488 ἂν
742 1442 853 1505 εἴη;
895 1433 1072 1505 Οἶμαι.
1109 1433 1174 1489 Ἡ
1201 1438 1302 1505 μέν
1331 1438 1395 1504 γέ
1421 1455 1532 1490 που
1562 1442 1663 1490 τοῦ
1691 1441 1846 1489 σίτου

165 1512 290 1570 κατ’
333 1511 617 1585 ἀμφότερα
657 1513 946 1586 ἀναγκαία,
984 1509 1019 1587 ᾗ
1055 1537 1112 1570 τε
1152 1513 1425 1587 ῶφέλιμος
1461 1508 1498 1588 ᾗ
1540 1538 1597 1571 τε
1639 1522 1841 1570 παῦσαι

163 1602 339 1664 ζῶντα
367 1593 514 1651 *οὐ*
546 1596 771 1667 δυνατή.
809 1603 936 1653 Ναί.
972 1595 1040 1652 Ἡ
1072 1600 1130 1652 δὲ
1166 1596 1330 1665 ὄψου,
1362 1605 1417 1653 εἴ
1441 1597 1516 1670 πῄ
1544 1620 1665 1653 τινα
1697 1595 1842 1667 ῶφέ-ν

161 1686 316 1735 λειαν
347 1676 485 1747 πρὸς
515 1675 730 1744 εὐεξίαν
759 1680 1059 1749 παρέχεται.
1096 1679 1259 1735 Πάνυ
1290 1679 1391 1749 μὲν
1428 1673 1549 1735 οὖν.
1587 1686 1656 1735 Τί
1689 1681 1751 1735 δέ
1762 1703 1773 1742 ;
1811 1676 1844 1749 ἡ

161 1764 300 1829 πέρα
319 1760 534 1816 τούτων
554 1762 645 1816 καὶ
677 1758 912 1816 ἀλλοίων
942 1760 1256 1830 ἐδεσμάτων
1280 1757 1316 1831 ἦ
1344 1761 1612 1817 τοιούτων
1642 1763 1843 1816 ἐπιθυ-

162 1848 276 1914 μία,
298 1842 508 1912 δυνατὴ
545 1844 602 1899 δε
633 1845 964 1912 κολαζομένη
1003 1845 1061 1897 ἐκ
1100 1843 1242 1896 νέων
1268 1844 1354 1898 καὶ
1386 1845 1754 1912 παιδευομένη
1786 1845 1844 1897 ἐκ

163 1930 277 1980 τῶν
306 1929 531 1980 πολλῶν
572 1922 1039 2021 ἀπαλλάττεσθαι,
1076 1925 1162 1979 καὶ
1202 1924 1444 1995 βλαβερὰ
1476 1924 1577 1994 μὲν
1615 1925 1839 1993 στόματι,

103 2019 135 2062 G
160 2005 404 2077 βλαβερὰ
429 2006 487 2061 δε
506 2013 656 2078 ψυχῇ
675 2006 812 2075 πρός
830 2027 886 2060 τε
900 2006 1183 2103 φρόνησιν
1202 2008 1291 2061 καὶ
1311 2004 1370 2060 τὸ
1386 2017 1714 2074 σωφρονεῖν,
1735 2005 1843 2072 ἀρά

160 2109 223 2158 γε
244 2086 431 2155 ὀρθῶς
451 2085 555 2142 οὐκ
581 2085 854 2156 ἀναγκαία
887 2082 958 2140 ἀν
978 2094 1222 2149 καλοῖτο;
1253 2083 1556 2153 Ὀρθότατα
1588 2108 1690 2155 μεν
1721 2107 1839 2140 ουν.

164 2166 395 2223 Οὐκοῦν
424 2169 513 2223 καὶ
543 2165 885 2232 ἀναλωτικὰς
909 2174 1103 2238 φῶμεν
1132 2165 1270 2222 εἶναι
1293 2167 1511 2237 ταύτας,
1547 2170 1754 2231 ἐκείνας
1786 2167 1843 2223 δὲ

161 2247 583 2320 χρηματιστικὰς
606 2248 694 2304 διὰ
725 2248 785 2304 τὸ
816 2254 1115 2319 χρησίμους
1147 2246 1286 2318 πρὸς
1313 2248 1379 2302 τὰ
1409 2253 1538 2318 ἔργα
1569 2247 1734 2315 εἷναι;
1781 2254 1849 2304 Τί

163 2331 303 2402 μήν;
346 2328 510 2386 Οὕτω
534 2329 599 2400 δὴ
625 2331 715 2386 καὶ
735 2333 854 2402 περὶ
886 2328 1231 2399 ἀφροδισίων
1261 2332 1351 2385 καὶ
1379 2336 1491 2384 τῶν
1520 2328 1704 2384 ἄλλων
1733 2330 1842 2400 φή-

164 2430 364 2484 σομεν;
401 2411 606 2477 Οὕτως.
637 2406 757 2482 Ἆρ’
780 2407 885 2468 οὖν
905 2413 993 2467 καὶ
1011 2410 1077 2468 ὂν
1096 2420 1204 2467 νῦν
1224 2410 1289 2483 δὴ
1313 2418 1534 2482 κηφῆνα
1565 2409 1843 2482 ὠνομάζο-

139 2519 281 2567 μεν,
307 2503 508 2551 τοῦτον
529 2497 785 2566 ἐλέγομεν
810 2493 907 2550 τὸν
927 2501 1038 2550 τῶν
1067 2496 1336 2550 τοιούτων
1356 2492 1577 2565 ἡδονῶν
1607 2495 1695 2548 καὶ
1727 2497 1842 2547 ἐπι-

163 2583 389 2647 θυμιῶν
406 2578 644 2647 γέμοντα
665 2578 751 2631 καὶ
784 2573 1091 2647 ἀρχόμενον
1121 2575 1229 2632 ὑπὸ
1264 2583 1374 2630 τῶν
1404 2573 1476 2646 μὴ
1508 2573 1838 2644 ἀναγκαίων,

104 2675 139 2719 D
165 2657 261 2712 τὸν
285 2659 342 2713 δὲ
364 2655 471 2713 ὑπὸ
499 2663 612 2712 τῶν
634 2657 949 2728 ἀναγκαίων
974 2659 1247 2728 φειδωλόν
1277 2680 1333 2713 τε
1352 2659 1441 2712 καὶ
1464 2655 1835 2724 ὀλιγαρχικόν·

157 2738 318 2795 Ἀλλὰ
347 2748 401 2795 τί
419 2742 556 2810 μήν,

306 2812 438 2875 ΧΪΠ.
476 2823 658 2878 Πάλιν
677 2828 888 2893 τοίνυν,
912 2817 984 2894 ἦν
1013 2821 1064 2878 δ’
1098 2822 1222 2892 ἐγώ,
1249 2824 1509 2891 λέγωμεν,
1543 2816 1614 2882 ὥς
1646 2821 1697 2884 ἐξ
1717 2817 1842 2873 ’ὄλι-
