1962 3236
650 139 1131 189 ΠῡΛΙΤΕΙΛΣ
1165 135 1215 190 ε’,
1667 141 1766 194 165

221 279 328 331 XX.
375 274 518 341 Τοὺς
536 276 597 331 δὲ
614 271 938 346 ἀληθινούς,
958 278 1084 344 ἔφη,
1105 278 1259 339 τίνας
1273 276 1473 344 λέγεις;
1510 275 1652 341 Τοὺς
1671 285 1767 347 τῆς

82 356 363 428 α’ληθείας,
391 350 466 427 ἦν
493 354 551 411 δ’
582 356 711 426 ἐγώ,
745 355 1177 426 φιλοθεάμονάς.
1221 357 1334 412 Καὶ
1358 364 1524 413 τοῦτο
1555 361 1660 428 μέν
1686 357 1762 428 γ’,

15 499 17 508 ⁴
82 442 208 509 ἔφη,
229 435 442 508 ὀρθῶς·
478 435 620 495 ἀλλὰ
638 441 754 500 πῶς
770 434 907 491 αὐτὰ
927 438 1131 505 λέγεις;
1151 434 1446 508 Οὐδαμῶς,
1466 432 1539 509 ἦν
1561 436 1615 493 δ’
1635 440 1762 510 ἐγώ,

82 522 285 592 ῥᾳδίως
301 520 442 590 πρός
460 540 523 589 γε
541 518 739 573 ἄλλον·
759 518 820 573 σὲ
833 518 892 573 δὲ
909 515 1059 587 οἶμαι
1077 516 1442 589 ὁμολογήσειν
1461 541 1556 590 μοι
1572 519 1635 576 τὸ
1658 542 1764 576 τοι·

82 602 230 657 όνδε.
288 599 362 656 Τό
392 611 580 666 ποῖον;
620 597 835 669 Ἐπειδή
865 601 1013 653 ἐστιν
1041 601 1295 656 ἐναντίον
1331 601 1507 658 καλὸν
1536 606 1760 676 αἰσχρῷ,

82 682 186 737 δύο
205 680 354 737 αὐταὶ
377 680 528 736 εἶναι.
566 686 698 745 Πῶς
726 678 780 735 δ’
813 679 908 746 οὔ;
950 678 1179 735 Οὐκοῦν
1208 682 1391 752 ἐπειδὴ
1425 683 1547 753 δύο,
1579 686 1668 739 καὶ
1701 686 1762 740 ἓν
1789 696 1879 742 476

79 762 368 832 ἑκάτερονς
399 764 509 818 Καὶ
537 768 715 818 τοῦτο.
763 763 873 817 Καὶ
901 763 1026 831 περὶ
1053 765 1271 817 δικαίου
1310 765 1400 818 καὶ
1438 762 1634 820 ἀδίκου
1669 768 1762 822 καὶ

79 844 301 913 ἀγαθοῦ
328 846 420 899 καὶ
450 849 627 899 κακοῦ
654 844 744 899 καὶ
769 842 995 898 πάντων
1021 849 1135 898 τῶν
1164 846 1329 899 εἰδῶν
1367 846 1492 914 πέρι
1526 843 1556 900 ὁ
1594 844 1762 912 αὐτὸς

81 927 262 996 λόγος,
282 924 417 981 αὐτὸ
437 928 540 1028 μὲν
560 927 622 980 ἓν
640 924 875 980 ἕκαστον
895 923 1053 994 εἶναι,
1075 929 1141 996 τῇ
1169 926 1228 979 δὲ
1246 931 1359 980 τῶν
1388 925 1645 993 πράξεων
1667 930 1761 984 καὶ

79 1008 349 1078 σωμάτων
367 1009 458 1062 καὶ
485 1005 743 1077 ἀλλήλων
769 1027 1033 1078 κοινωνια
1062 1012 1348 1076 πανταχοῦ
1376 1009 1761 1080 φανταζόμενα

79 1088 253 1144 πολλὰ
283 1094 587 1158 φαίνεσθαι
621 1090 868 1143 ἕκαστον.
909 1086 1142 1156 Ὀρθῶς,
1173 1092 1297 1158 ἔφη,
1330 1092 1517 1158 λέγεις.
1575 1091 1761 1164 Ταύτῃ

78 1176 287 1239 τοίνυν,
317 1163 389 1239 ἦν
419 1166 471 1223 δ’
509 1170 635 1238 ἐγώ,
667 1173 879 1239 διαιρῶ,
909 1171 1072 1239 χωρὶς
1090 1168 1192 1239 μὲν
1214 1167 1314 1234 οὺς
1343 1175 1454 1225 νῦν
1483 1170 1548 1242 δὴ
1580 1177 1762 1243 ἔλεγες

77 1249 494 1322 φιλοθεάμονάς
529 1271 586 1304 τε
621 1253 714 1305 καὶ
748 1253 1108 1320 φιλοτέχνους
1143 1252 1237 1306 καὶ
1274 1253 1629 1323 πρακτικούς,
1669 1257 1762 1310 καὶ

75 1332 238 1402 χωρὶς
257 1324 331 1386 αὖ
347 1333 473 1400 περὶ
491 1322 573 1386 ὧν
596 1328 625 1385 ὁ
646 1331 827 1401 λόγος,
849 1328 948 1394 ου“ς
967 1329 1175 1400 μόνους
1193 1330 1266 1387 ἄν
1282 1354 1363 1397 τις
1381 1331 1571 1402 ὀρθῶς
1591 1355 1762 1405 προς-

78 1420 221 1469 είκοι
256 1412 615 1483 φιλοσόφους.
654 1419 801 1484 Πῶς,
831 1417 956 1484 ἔφη,
987 1416 1189 1483 λέγεις;
1226 1418 1300 1470 oc
1325 1414 1428 1485 μέν
1446 1436 1576 1487 που,
1603 1410 1675 1488 ἦν
1706 1416 1759 1473 δ’

77 1495 202 1564 ἐγώ,
240 1494 496 1565 φιλήκοοι
530 1496 620 1550 καὶ
658 1495 1068 1566 φιλοθεάμονες
1104 1496 1202 1560 τάς
1242 1518 1299 1552 τε
1345 1495 1517 1562 καλὰς
1567 1498 1762 1568 φωνὰς

5 1605 7 1645 j
77 1575 413 1642 ἀσπάζονται
431 1578 523 1631 καὶ
541 1578 708 1646 χρόας
735 1580 825 1632 καὶ
853 1575 1100 1647 σχήματα
1130 1579 1221 1633 καὶ
1249 1578 1430 1634 πάντα
1459 1580 1524 1634 τὰ
1556 1582 1616 1636 ἐκ
1648 1587 1761 1637 τῶν

79 1660 348 1714 τοιούτων
367 1658 869 1730 δημιουργούμενα,
890 1657 1065 1714 αὐτοῦ
1085 1659 1144 1715 δὲ
1164 1666 1266 1714 τοῦ
1284 1667 1462 1716 καλοῦ
1481 1659 1760 1727 α’δύνατος

0 1758 4 1774 ³
81 1737 267 1795 αὐτῶν
307 1737 340 1810 ἡ
377 1739 595 1795 διάνοια
629 1739 735 1811 τήν
770 1740 947 1810 φύσιν
982 1743 1121 1796 ἰδεῖν
1158 1762 1216 1795 τε
1251 1742 1343 1797 καὶ
1378 1740 1755 1799 ἀσπάσασθαι.

0 1830 3 1834 ’
65 1821 210 1893 ’Ἑχει
227 1821 335 1891 γὰρ
359 1815 463 1877 οὖν
483 1822 568 1892 δή,
589 1826 712 1893 ἔφη,
733 1821 921 1886 οὕτως.
971 1826 1046 1878 Οἱ
1062 1823 1120 1879 δὲ
1142 1822 1208 1893 δὴ
1229 1821 1319 1878 ἐπ’
1345 1822 1481 1880 αὐτὸ
1503 1822 1563 1879 τὸ
1586 1823 1760 1880 καλὸν

77 1905 302 1960 δυνατοὶ
322 1904 461 1958 ἰέναι
492 1924 548 1958 τε
580 1907 669 1959 καὶ
698 1902 840 1975 ὁρᾷν
870 1905 1003 1960 καθ’
1035 1902 1169 1959 αὐτὸ
1198 1898 1306 1973 ἆρα
1334 1903 1402 1961 οὐ
1433 1905 1659 1961 σπάνιοι
1687 1901 1761 1960 ἄν

75 1985 211 2050 elem
234 1988 338 2040 Καὶ
358 1984 519 2055 μάλα.
548 1983 604 2041 ‘0
625 1978 730 2040 οὖν
748 1984 888 2041 καλὰ
909 1986 1011 2057 μὲν
1034 1987 1326 2056 πράγματα
1344 1992 1600 2057 νομίζων,
1621 1985 1758 2043 αὐτὸ

77 2068 134 2124 δὲ
155 2067 357 2131 κάλλος
379 2067 513 2138 μήτε
538 2071 775 2138 νομίζων
794 2068 948 2139 μήτε,
972 2067 1046 2124 ἅν
1063 2090 1143 2133 τις
1162 2067 1362 2140 ἡγῆται
1379 2071 1468 2126 ἐπὶ
1485 2068 1590 2140 τὴν
1608 2076 1759 2140 γνῶ-

76 2145 389 2218 σιναῦτοῦ,
416 2148 724 2220 δυνάμενος
759 2152 1010 2221 ἕπεσθαι,
1049 2148 1190 2222 ὄναρ
1228 2147 1263 2221 ἦ
1299 2149 1450 2219 ὕπαρ
1486 2155 1641 2207 δοκεῖ
1671 2168 1759 2207 σοι

77 2234 203 2299 ζῇνς
237 2229 428 2284 σκόπει
446 2232 521 2285 δι’.
565 2229 626 2286 τὸ
649 2226 1055 2300 ὀνειρώττειν
1019 2255 1127 2301 αρα
1149 2232 1218 2288 οὐ
1247 2233 1374 2289 τόδε
1395 2236 1561 2303 ἐστίν,
1583 2234 1683 2290 ἐάν
1702 2254 1760 2289 τε

78 2308 207 2365 ἐν’
173 2332 330 2366 vnvm
355 2334 436 2377 τις
465 2312 563 2368 ἐάν
597 2336 654 2370 τε
692 2314 1005 2386 ἐγρηγορώς
1042 2315 1102 2371 τὸ
1136 2314 1331 2387 ομοιόν
1357 2337 1434 2390 τῳ
1466 2313 1540 2387 μὴ
1561 2313 1760 2386 ὅμοιον

78 2389 202 2446 ἀλλ’
224 2390 358 2447 αὐτὸ
377 2389 574 2463 ἡγῆται
595 2389 799 2450 εἶναι’
755 2417 798 2468 ῳ
831 2401 1037 2462 ἔοικεν;
1067 2394 1202 2466 Ἐγώ
1234 2403 1375 2467 γοῦν
1404 2394 1497 2467 άν,
1526 2389 1560 2466 ἦ
1592 2393 1646 2450 δ’
1680 2394 1759 2466 ὅς,

79 2480 251 2543 φαίην
271 2473 615 2543 όνειρωττειν
632 2474 732 2531 τόν
753 2484 1021 2535 τοιοῦτον.
1066 2484 1134 2534 Τί
1151 2482 1236 2544 δέ;
1274 2476 1303 2534 ὁ
1339 2476 1603 2533 τάναντία
1627 2476 1762 2531 τού-

79 2575 192 2609 των
211 2553 520 2625 ἡγούμενός
542 2562 601 2612 τέ
620 2579 669 2611 τι
689 2555 824 2612 αυτό
847 2557 1020 2613 καλὸν
1042 2561 1131 2614 καὶ
1162 2559 1475 2629 δυνάμενος
1502 2563 1763 2631 καθορᾷν
1793 2574 1828 2616 D

78 2637 167 2692 καὶ
188 2635 324 2691 αὐτὸ
346 2639 434 2693 καὶ
456 2636 520 2692 τὰ
543 2641 759 2694 ἐκείνου
778 2660 1088 2709 μετεχοντα,
1110 2642 1201 2695 καὶ
1221 2640 1348 2695 οὔτε
1378 2638 1442 2695 τὰ
1468 2643 1762 2711 μετέχοντα

77 2717 211 2774 αντό
234 2718 362 2774 οὔτε
382 2717 516 2774 αυτό
538 2719 603 2774 τά
625 2720 965 2791 μετέχοντα’
934 2723 1260 2794 ηγούμενος,
1284 2721 1433 2790 ὕπαρ
1464 2717 1500 2793 ἦ
1526 2720 1664 2790 ὄναρ
1691 2713 1765 2776 αὖ

78 2800 170 2854 καὶ
192 2791 352 2864 οὗτος
373 2804 529 2856 δοκεῖ
552 2820 639 2856 σοι
670 2807 791 2874 ζῇνς
830 2805 935 2858 Καὶ
967 2803 1131 2874 μάλα,
1164 2808 1289 2875 ἔφη,
1322 2802 1488 2875 ὕπαρ.
1535 2801 1764 2859 Ουκοῦν
