1962 3236
634 143 1120 210 ΠοΛιΤΕΙΑΣ
1152 151 1210 206 ὅ.
1661 155 1766 209 119

26 301 30 359 Ἰ
80 295 184 367 τὴν
201 294 381 368 πόλιν,
413 300 491 363 εἰς
516 292 547 352 ὃ
577 291 755 350 αὐτοῦ
781 290 816 365 ἡ
850 291 1018 363 φύσις
1046 290 1452 363 ἐπιτηδειοτάτη
1480 302 1764 361 πεφυκυῖα

26 369 28 382 ’
83 386 179 448 εἴη.
218 376 501 449 Ἐλέγομεν
519 378 643 449 γάρ.
683 378 792 431 Καὶ
810 376 923 446 μὴν
949 373 1034 430 ὅτι
1058 395 1120 445 γε
1138 373 1200 430 τὸ
1222 371 1288 429 τὰ
1308 370 1484 429 αὑτοῦ
1502 373 1764 445 πράττειν

83 462 173 514 καὶ
194 459 267 530 μὴ
287 468 773 530 πολυπραγμονεῖν
794 456 1117 527 δικαιοσύνη
1138 458 1267 526 ἐστί,
1288 457 1380 511 καὶ
1397 460 1562 511 τοῦτο
1575 453 1763 511 ἄλλων

85 563 139 596 τε
159 548 386 597 πολλῶν
402 538 719 610 ἀκηκόαμεν
737 539 828 593 καὶ
848 536 1004 593 αὐτοὶ
1026 538 1292 603 πολλάκις
1309 536 1620 609 εἰρήκαμεν.
1660 542 1761 594 Ec·
1797 554 1828 595 Β

82 623 329 693 ρήκαμεν
347 621 469 691 γάρ.
514 626 690 675 Τοῦτο
713 624 923 688 τοίνυν,
955 612 1028 689 ἦν
1057 616 1110 673 δ’
1138 619 1265 690 ἐγώ,
1305 612 1351 674 ὦ
1385 622 1529 689 φίλε,
1563 622 1762 674 κινδυ-

90 703 242 758 νεύει
260 703 467 773 τρόπον
486 700 609 757 τινὰ
628 700 960 771 γιγνόμενον
987 697 1022 770 ἡ
1052 700 1377 770 δικαιοσύνη
1410 698 1566 770 εἶναι,
1601 699 1664 755 τὸ
1692 701 1759 756 τά

81 782 257 838 αὑτοῦ
295 782 568 853 πράττειν.
618 781 784 837 οἶσθα
824 779 966 836 ὅθεν
1001 786 1383 852 τεκμαίρομαι;
1440 779 1581 850 Οὔκ,
1621 779 1759 838 ἄλλα

84 862 219 934 λέγ’,
246 867 366 934 ἔφη.
387 870 560 919 Δοκεῖ
576 884 686 933 μοι,
705 857 779 934 ἦν
801 861 854 917 δ’
880 862 1005 933 ἐγω’,
1026 861 1088 917 τὸ
1109 859 1419 917 ὑπόλοιπον
1437 864 1499 917 ἐν
1515 869 1583 934 τῇ
1601 862 1760 918 πόλει

83 937 162 999 ὦν
182 947 512 1015 ἐσκέμμεθα,
534 943 901 1015 σωφροσύνης
918 947 1008 999 καὶ
1028 942 1283 1015 ἀνδρείας
1302 945 1394 1000 καὶ
1415 943 1757 1016 φρονήσεως,

81 1032 244 1082 τοῦτο
265 1024 421 1096 εἶναι,
444 1024 476 1082 ὂ
494 1033 664 1081 πᾶσιν
688 1028 914 1091 ἐκείνοις
932 1026 1032 1097 τὴν
1052 1025 1292 1097 δύναμιν
1316 1027 1603 1097 παρέσχεν,
1620 1023 1759 1082 ὥστε

80 1109 423 1177 ἐγγενέσθαι,
442 1110 530 1162 καὶ
552 1109 930 1177 ἐγγενομένοις
947 1128 1008 1176 γε
1029 1111 1306 1178 σωτηρίαν
1333 1109 1605 1177 παρέχειν,
1627 1108 1761 1172 ἕως-

82 1208 185 1257 περ
213 1183 286 1242 ἄν
314 1190 428 1259 ε’νῇ.
470 1195 647 1243 καίτοι
678 1192 889 1259 ἔφαμεν
909 1189 1271 1260 δικαιοσύνην
1289 1193 1516 1245 ἔσεσθαι
1534 1188 1597 1244 τὸ
1618 1187 1762 1244 ὑπο-
1793 1211 1826 1255 c

83 1271 315 1338 λειφθὲν
333 1271 577 1338 ἐκείνων,
601 1274 652 1325 εἰ
676 1268 744 1324 τά
772 1274 895 1339 τρία
920 1267 1194 1341 εὕροιμεν.
1246 1271 1356 1325 Καὶ
1388 1268 1495 1340 γὰρ
1527 1268 1759 1342 ἀνάγκη,

83 1356 205 1422 ἔφη.
246 1349 407 1407 Ἀλλά
424 1355 629 1423 μέντοι,
650 1347 723 1423 ἦν
742 1352 793 1407 δ’
815 1353 940 1422 ἐγώ,
963 1357 1013 1408 εί
1028 1355 1143 1408 δέοι
1164 1375 1226 1423 γε
1244 1364 1445 1423 κρῖναι,
1465 1359 1522 1409 τί
1535 1353 1638 1425 τὴν
1655 1354 1763 1411 πό-

83 1440 173 1488 λιν
192 1430 324 1503 ἡμῖν
341 1432 557 1488 τούτων
582 1432 816 1504 μάλιστα
835 1431 1060 1505 άγαθὴν
1080 1433 1447 1506 ἀπεργάσεται
1466 1436 1762 1507 ἐγγενόμε-

84 1536 204 1582 νον,
227 1513 527 1582 δύσκριτον
555 1510 627 1569 ὅὶν
654 1522 755 1586 εἴη,
788 1516 1024 1584 πότερον
1053 1513 1086 1587 ἡ
1118 1515 1379 1585 ὁμοδοξία
1407 1522 1522 1571 τῶν
1553 1513 1761 1588 ἀρχόν-

84 1616 197 1650 των
215 1616 272 1650 τε
293 1596 383 1650 καὶ
404 1593 738 1667 ἀρχομένων,
769 1595 806 1667 ἢ
833 1594 867 1667 ἡ
900 1599 1023 1668 περὶ
1055 1601 1255 1653 δεινῶν
1283 1618 1341 1652 τε
1373 1599 1464 1653 καὶ
1500 1596 1592 1670 μή,
1625 1597 1761 1654 ἅττα

83 1678 214 1746 ἐστί,
235 1676 396 1748 δόξης
416 1676 657 1749 ἐννόμου
682 1683 921 1748 σωτηρία
941 1681 1000 1733 ἐν
1018 1690 1130 1743 τοῖς
1147 1678 1503 1748 στρατιώταις
1535 1681 1763 1750 ἐγγενο-

84 1760 238 1828 μένη,
260 1754 295 1828 ἦ
312 1756 346 1828 ἡ
366 1761 428 1813 ἐν
446 1770 559 1823 τοῖς
577 1757 806 1829 ἄρχουσι
825 1761 1095 1829 φρόνησίς
1114 1780 1171 1814 τε
1190 1760 1280 1815 καὶ
1293 1756 1514 1829 φυλακὴ
1535 1761 1759 1828 ἐνοῦσα,

83 1837 119 1909 ἦ
141 1846 304 1895 τοῦτο
333 1842 567 1909 μάλιστα
596 1839 819 1911 ἀγαθὴν
847 1838 1024 1910 αὐτὴν
1053 1850 1200 1896 ποιεῖ
1228 1838 1359 1895 ἐνὸν
1392 1841 1484 1895 καὶ
1515 1842 1578 1896 ἐν
1606 1843 1758 1898 παιδὶ
1792 1858 1827 1900 D

85 1924 174 1977 καὶ
194 1923 255 1976 ἐν
274 1924 493 1991 γυναικὶ
507 1924 595 1978 καὶ
609 1920 792 1994 δούλῳ
813 1925 902 1977 καὶ
922 1925 1198 1995 ἐλευθέρῳ
1218 1922 1310 1977 καὶ
1330 1924 1652 1996 δημιουργῷ
1670 1923 1761 1980 καὶ

83 2003 307 2075 ἄρχοντι
326 2004 416 2059 καὶ
430 2000 731 2077 ἀρχομένω,
746 2003 831 2060 ὅτι
843 2006 904 2059 τὸ
921 2003 1095 2060 αὑτοῦ
1114 2005 1341 2069 ἕκαστος
1354 2000 1430 2070 εἷς
1440 2001 1521 2061 ὢν
1533 2009 1762 2078 ἔπραττε

84 2088 174 2140 καὶ
205 2083 309 2140 οὐκ
340 2085 835 2156 ἐπολυπραγμόνει.
889 2086 1226 2155 Δύσκριτον,
1258 2089 1388 2157 ἔφη·
1430 2092 1547 2151 πῶς
1576 2085 1626 2140 δ’
1662 2085 1761 2154 οὕ;

77 2164 403 2236 Ἐνάμιλλον
413 2165 538 2238 ἄρα,
554 2165 628 2231 ὡς
648 2172 806 2236 ἔοικε,
822 2166 958 2238 πρὸς
976 2165 1177 2237 άρετὴν
1195 2166 1407 2231 πόλεως
1425 2172 1494 2238 τῇ
1514 2187 1571 2222 τε
1591 2174 1762 2242 σοφίᾳ

88 2243 258 2317 αὐτῆς
274 2249 363 2302 καὶ
384 2253 449 2318 τῇ
472 2249 814 2319 σωφροσύνῃ
832 2250 922 2304 καὶ
944 2254 1008 2320 τῇ
1028 2246 1255 2321 ἀνδρείᾳ
1275 2245 1308 2319 ἡ
1329 2253 1432 2303 τοῦ
1449 2248 1683 2304 ἕκαστον
1701 2252 1764 2306 ἐν

88 2325 228 2398 αὐτῇ
263 2329 328 2381 τὰ
362 2325 538 2383 αὑτοῦ
568 2330 825 2398 πράττειν
846 2333 1094 2400 δύναμις.
1135 2331 1243 2384 Καὶ
1261 2327 1410 2400 μάλ’,
1441 2335 1561 2401 ἔφη.
1607 2329 1762 2387 Οὐκ-

87 2414 194 2464 οῦν
230 2412 589 2481 δικαιοσύνην
611 2412 672 2466 τό
697 2433 758 2481 γε
792 2412 1008 2477 τούτοις
1026 2413 1324 2482 ἐνάμιλλον
1351 2407 1424 2467 ἄν
1454 2417 1529 2477 εἰς
1558 2409 1761 2484 άρετὴν
1794 2440 1828 2482 1³:

87 2491 300 2554 πόλεως
316 2496 501 2561 θείης;
541 2493 867 2548 Παντάπασι
888 2496 990 2563 μὲν
1012 2487 1130 2548 οὖν.
1184 2493 1394 2548 Σκόπει
1416 2491 1482 2564 δὴ
1505 2495 1593 2548 καὶ
1614 2496 1760 2564 τῇδε,

87 2577 137 2628 εἰ
154 2570 301 2626 οὕτω
332 2572 492 2636 δόξει.
540 2565 647 2639 ἆρα
678 2584 790 2635 τοῖς
819 2572 1084 2643 ἄρχουσιν
1112 2577 1172 2629 ἐν
1201 2581 1268 2645 τῇ
1296 2577 1452 2629 πόλει
1485 2573 1582 2639 τὰς
1610 2577 1766 2640 δίκας

86 2653 407 2723 προστάξεις
428 2653 692 2719 δικάζεινς
738 2659 807 2708 Τι’
820 2655 958 2724 μήν;
986 2649 1051 2709 'H
1074 2652 1247 2710 ἄλλου
1267 2653 1600 2710 οὑτινοσοῦν
1622 2661 1766 2727 μᾶλ-

87 2741 188 2790 λον
209 2735 485 2805 ἐφιέμενοι
507 2735 835 2790 δικάσουσιν
853 2731 889 2805 ἢ
907 2736 1124 2802 τούτου,
1152 2736 1299 2801 ὅπως
1316 2732 1387 2791 ἄν
1408 2737 1625 2792 ἔκαστοι
1644 2733 1761 2807 μήτ’

86 2819 249 2884 ἔχωσι
275 2813 571 2885 τάλλότρια
602 2817 733 2887 μήτε
756 2822 867 2871 τῶν
886 2814 1074 2871 αὐτῶν
1094 2818 1417 2887 στε’ρωνται;
1464 2815 1602 2888 Οὔκ,
1625 2815 1765 2874 ἀλλὰ
