1962 3236
189 0 226 29 ’,Ἀ
254 0 843 49 ,Ἦὴ’δέ’;”ἷ.ἴῐ·ἶῒ;,*εᾋ“ῗῑ·,τ’-ι
931 0 984 7 ··*
1069 0 1109 20 ³-

620 109 1102 161 ΠΟΛΙΤΕΙΑΣ
1133 103 1183 156 ε’.
1639 102 1740 155 141

66 254 291 326 γυναικὶ
308 249 449 321 πρὸς
467 251 738 317 διοίκησιν
756 242 995 307 πόλεως,
1032 239 1199 299 Πάνυ
1215 259 1293 310 γε.
1316 237 1435 293 ’Ίθι
1453 238 1540 308 δή,
1562 259 1638 308 φη
1630 235 1745 291 ’σο-

66 357 171 407 μεν
197 333 335 401 πρὸς
363 329 556 398 αὐτόν,
585 325 920 394 ἀποκρίνου
958 317 1067 392 ἆρα
1096 319 1274 385 οὕτως
1310 323 1490 390 ἔλεγες
1516 318 1616 373 τὸν
1644 320 1746 388 μὲν

69 415 253 487 εὐφυῆ
283 413 422 483 πρός
451 434 501 468 τι
530 408 688 476 εἶναι,
718 403 821 461 τὸν
841 402 950 461 δὲ’
918 409 1091 474 αφυῆ,
1119 404 1182 458 ἐν
1210 394 1258 456 ῶ
1284 399 1314 457 ὁ
1345 402 1448 472 μὲν
1475 403 1677 473 ῥᾳδίως
1698 421 1749 455 τι

69 497 369 569 μανθάνοι,
405 491 435 550 ὁ
465 492 525 549 δὲ
550 494 816 562 χαλεπῶς,
848 487 939 541 καὶ
971 483 1000 540 ὁ
1033 483 1134 554 μὲν
1158 481 1267 538 άπὸ
1289 487 1543 555 βραχείας
1561 481 1749 553 μαθή-

71 599 209 644 σεως
191 580 306 634 ἐπὶ
317 572 463 631 πολὺ
480 568 759 641 εὑρετικὸς
780 576 862 638 εἰη
883 560 956 621 οὗ
975 570 1200 637 ἔμαθεν,
1213 563 1243 620 ὁ
1263 566 1322 621 δὲ
1341 571 1544 635 πολλῆς
1563 563 1750 634 μαθή-

72 679 209 724 σεως
228 655 409 728 τυχῶν
426 654 519 710 καὶ
536 652 761 723 μελέτης
779 645 905 747 μηδ’
932 644 968 701 ἃ
988 651 1161 717 ἔμαθε
1182 646 1423 715 σῶζοιτο,
1445 648 1534 702 καὶ
1554 651 1631 720 τῷ
1649 644 1752 715 μὲν

71 741 136 797 τὰ
155 747 256 798 τοῦ
275 738 524 808 σώματος
543 737 747 796 ἱκανῶς
767 729 1033 801 ὑπηρετοῖ
1061 735 1126 799 τῇ
1146 732 1380 799 διανοίᾳ,
1401 735 1479 801 τῷ
1498 727 1557 783 δὲ
1587 730 1751 783 ε’ναν-
1785 729 1816 771 C

36 870 46 879 .
72 834 268 887 τιοῐτο;
305 816 395 887 ἀρ’
419 814 543 872 αλλ’
566 814 701 870 άττα
725 808 926 869 ἐστὶν”
890 833 924 883 η
943 817 1134 879 ταῦτα,
1164 805 1246 874 οἷς
1275 810 1374 864 τὸν
1401 809 1583 879 εὐφυῆ
1615 806 1754 879 πρὸς

71 906 274 959 ἕκαστα
292 902 383 956 καὶ
403 897 502 953 τὸν
529 896 602 967 μὴ
634 893 858 963 ῶρίζου,
897 891 1116 960 Οὐδείς,
1145 894 1179 961 ἠ
1208 887 1258 944 δ’
1293 888 1372 958 ὅς,
1401 888 1541 945 ἄλλα
1574 889 1751 985 φησει.

78 983 261 1041 Οἶσθά
281 1005 331 1038 τι
351 974 457 1036 οὖν
471 976 579 1034 ὑπὸ
601 975 922 1045 ἀνθρώπων
933 972 1330 1044 μελετώμενον,
1344 973 1405 1027 ἐν
1425 963 1469 1043 ᾦ
1488 969 1556 1025 οὐ
1574 970 1753 1024 πάντα

77 1073 250 1120 ταῦτα
277 1062 339 1119 τὸ
361 1067 475 1117 τῶν
504 1058 728 1127 ἀνδρῶν
757 1060 914 1126 γένος
946 1054 1320 1124 διαφερόντως
1348 1056 1454 1122 ἔχει
1483 1048 1518 1122 ἦ
1546 1049 1607 1106 τὸ
1642 1055 1756 1105 τῶν

75 1150 390 1216 γυναικῶν,
432 1139 464 1213 ἦ
483 1146 916 1212 μακρολογῶμεν
946 1138 1048 1207 τήν
1077 1158 1134 1191 τε
1162 1133 1476 1205 ὑφαντικὴν
1506 1136 1756 1204 λέγοντες

77 1228 167 1283 καὶ
184 1225 288 1296 τὴν
306 1231 418 1279 τῶν
437 1223 709 1278 ποπάνων
728 1242 785 1276 τε
806 1222 895 1277 καὶ
917 1220 1208 1319 εψημάτων
1238 1223 1563 1287 θεραπείαν,
1594 1220 1655 1272 ἐν
1676 1211 1757 1279 οἷς

77 1308 147 1379 δή
164 1330 216 1362 τι
244 1310 402 1362 δοκεῖ
428 1302 489 1360 τὸ
527 1315 844 1374 γυναικεῖον
871 1305 1030 1372 γένος
1050 1301 1206 1369 εἶναι,
1239 1293 1309 1354 οὖ
1338 1300 1427 1354 καὶ
1455 1304 1759 1367 καταγελα-
1790 1314 1824 1353 D

80 1387 347 1444 στότατόν
375 1389 487 1442 ε’στι
524 1385 751 1441 πάντων
778 1383 1122 1485 ἡττώμενον,
1157 1381 1380 1452 Ἀληθῆ,
1411 1385 1536 1452 ἔφη
1566 1384 1756 1449 λέγεις,

79 1470 163 1525 ὅτι
183 1466 327 1524 πολὺ
348 1478 622 1536 κρατεῖται
641 1470 703 1523 ἐν
722 1466 928 1521 ἅπασιν
950 1464 1022 1530 (ὃς
1044 1470 1171 1528 ἔπος
1193 1469 1363 1519 εἰπεῖν
1390 1463 1451 1517 τὸ
1480 1463 1641 1533 γένος
1658 1466 1760 1516 τοῦ

80 1554 291 1621 γένους.
314 1560 570 1618 γυναῖκες
587 1550 689 1619 μέν
710 1570 793 1604 τοι
812 1548 1009 1603 πολλαὶ
1028 1552 1250 1602 πολλῶν
1269 1544 1494 1613 ἀνδρῶν
1513 1549 1761 1615 βελτίους

82 1638 132 1688 εἰ
136 1652 161 1695 ς
176 1631 354 1686 πολλά
371 1652 381 1662 ·
419 1628 481 1687 τὸ
502 1629 562 1685 δὲ
580 1629 717 1686 ὅλον
738 1635 844 1701 ἔχει
864 1628 935 1694 ὡς
955 1628 1025 1684 σύ
1049 1630 1235 1697 λέγεις.
1261 1625 1444 1682 Οὐδὲν
1462 1626 1571 1695 ἄρα
1590 1629 1757 1694 ἐστίν,

83 1707 127 1769 m*
149 1719 291 1784 φίλε,
314 1713 645 1784 ἐπιτήδευμα
657 1719 769 1767 τῶν
781 1711 943 1767 πόλιν
956 1710 1317 1767 διοικούντων
1338 1706 1600 1779 γυναικὸς
1619 1707 1761 1763 διότι

81 1794 247 1865 γυνή,
266 1790 392 1848 οὐδ’
413 1792 617 1860 ἀνδρὸς
638 1793 776 1848 διότι
796 1790 957 1863 άνήρ,
990 1788 1112 1846 ἀλλ’
1145 1787 1346 1860 ὁμοίως
1368 1791 1762 1860 διεσπαρμέναι

84 1879 144 1931 αί
163 1876 359 1945 φύσεις
388 1877 448 1930 ἐν
476 1872 687 1944 ἀμφοῖν
715 1886 835 1930 τοῖν
860 1874 1042 1943 ζῶσιν,
1073 1874 1162 1927 καὶ
1193 1872 1420 1927 πάντων
1439 1871 1538 1942 μὲν
1557 1873 1764 1942 μετέχει

85 1955 226 2027 γυνή
268 1955 712 2025 ἐπιτηδευμάτων
741 1955 878 2009 κατὰ
911 1953 1101 2023 φύσιν,
1133 1953 1358 2007 πάντων
1390 1953 1449 2007 δε
1480 1948 1550 2006 άν
1538 1952 1639 2022 ήρ,
1679 1953 1765 2007 ἐπὶ
1799 1972 1826 2010 Ε

84 2044 219 2092 πασι
236 2038 295 2092 δε
315 2034 719 2106 ἀσθενέστερον
738 2035 882 2106 γυνὴ
905 2035 1123 2103 ἀνδρός.
1162 2035 1329 2088 Πάνυ
1349 2056 1424 2103 γε.
1454 2027 1524 2088 H
1539 2035 1644 2089 οὐν
1664 2031 1765 2087 άν-

86 2118 249 2187 δράσι
276 2119 457 2174 πάντα
486 2118 886 2188 προστάξομεν,
915 2118 1137 2187 γυναικὶ
1168 2116 1225 2171 δε
1256 2114 1451 2183 οὐδέν;
1483 2118 1589 2171 Καὶ
1620 2122 1764 2181 πῶς,

82 2198 225 2256 Ἀλλ’
249 2203 360 2255 ἔστι
379 2199 506 2271 γάρ,
529 2197 752 2271 οἶμαι,
719 2221 790 2264 ως
810 2199 1081 2270 φήσομεν,
1112 2199 1203 2253 καὶ
1220 2196 1362 2268 γυνὴ
1385 2197 1616 2267 ἰατρική,
1647 2194 1682 2268 ἡ
1710 2195 1760 2251 δ’

87 2302 175 2350 ου,
197 2282 287 2336 καὶ
306 2281 562 2380 μουσικη,
595 2302 628 2350 η
659 2278 712 2335 δ’
753 2281 1000 2351 άμουσος
1036 2279 1219 2350 φύσει.
1262 2285 1330 2335 Τί
1361 2278 1500 2350 μήν;
1539 2284 1767 2349 Γυμνα-

5 2435 7 2442 Α
89 2362 243 2433 στική
276 2359 328 2417 δ’
354 2361 463 2431 άρα
483 2361 571 2432 οὔ,
589 2359 719 2419 οὐδὲ
746 2361 1032 2439 πολεμική,
1051 2360 1084 2434 ἡ
1106 2362 1164 2418 δὲ
1183 2361 1457 2432 α’πόλεμος
1476 2364 1566 2417 καὶ
1584 2358 1653 2417 οὐ
1673 2382 1770 2432 φι-
1797 2381 1883 2428 456

4 2472 5 2475 ¹
91 2444 528 2537 λογυμναστική,
565 2442 731 2515 Οἶμαι
760 2449 947 2515 ἔγωγε
1010 2451 1078 2501 Τί
1109 2446 1194 2510 δέ;
1235 2444 1545 2514 φιλόσοφός
1582 2464 1640 2498 τε
1677 2458 1770 2499 καί

91 2525 424 2594 μισόσοφος,
455 2525 545 2578 καὶ
563 2523 932 2595 θυμοειδής,
903 2547 935 2594 η
958 2523 1008 2580 δ’
1032 2523 1279 2596 ἅθυμοςς
1302 2524 1451 2579 Ἔστι
1471 2525 1560 2579 καὶ
1577 2529 1767 2580 ταῦτα.

78 2603 265 2660 Ἔστιν
284 2602 391 2672 ἄρα
412 2606 501 2660 καὶ
523 2602 802 2675 φυλακικὴ
823 2605 985 2676 γυνή,
1003 2604 1037 2675 ἡ
1058 2604 1109 2660 δ’
1131 2605 1214 2660 οὕ.
1252 2602 1289 2675 ἢ
1309 2603 1377 2661 οὐ
1398 2604 1661 2675 τοιαύτην
1677 2608 1769 2660 καὶ

5 2751 7 2755 ⁴
91 2691 204 2741 τῶν
226 2683 451 2752 ἀνδρῶν
471 2691 584 2739 τῶν
603 2691 931 2755 φυλακικῶν
952 2685 1124 2756 φύσιν
1143 2686 1535 2756 ἐξελεξάμεθας
1562 2686 1770 2742 Τοιαύ-

93 2787 192 2837 την
210 2764 313 2836 μὲν
330 2759 448 2821 οὖν.
489 2769 592 2822 Καὶ
615 2766 878 2836 γυναικὸς
896 2766 1004 2835 ἄρα
1026 2769 1114 2822 καὶ
1146 2765 1348 2835 ἀνδρὸς
1378 2764 1410 2838 ἡ
1440 2763 1579 2838 αὐτὴ
1603 2767 1769 2836 φύσις
