1962 3236
221 184 323 236 174
817 187 1298 234 ΠΛΑΤΩΝΟΣ

219 321 308 374 καὶ
338 317 519 387 ὥσπερ
542 314 651 372 ὑπὸ
672 323 788 371 τῶν
807 316 1091 372 πεττεύειν
1123 320 1323 372 δεινῶν
1353 322 1409 373 οἱ
1433 317 1899 390 μὴ..τελευτῶντες

161 416 192 458 c
218 397 602 455 ἀποκλείονται
643 399 733 453 καὶ
771 395 874 453 ούκ
913 403 1134 467 ἔχουσιν
1169 396 1201 454 6'
1237 420 1288 453 τι
1327 402 1589 470 φέρωσιν,
1624 400 1770 457 οὕτω
1807 405 1898 459 καὶ

219 493 376 551 σφεῖς
393 485 753 542 τελευτωντες
771 478 1181 548 ἀποκλείεσθαι,
1203 482 1294 535 καὶ
1315 478 1419 536 οὐκ
1440 481 1625 552 ἔχειν’
1602 482 1635 537 ο’
1652 505 1703 537 τι
1723 485 1897 553 λέγω-

219 579 307 616 σιν
336 559 445 617 ὑπὸ
467 565 709 623 πεττείας
736 561 808 614 αὐ
827 559 1030 630 ταύτης
1058 559 1206 624 τινὸς
1231 562 1432 631 ἑτέρας,
1470 560 1574 617 οὐκ
1600 565 1659 618 ἐν
1689 565 1896 634 ψήφοις

218 639 341 698 ἀλλ’
363 645 423 697 ἐν
445 640 651 710 λόγοις·
691 642 806 695 ἐπεὶ
832 639 893 696 τό
917 662 980 710 γε
998 637 1202 712 ἀληθες
1220 639 1387 697 οὐδέν
1405 664 1456 698 τι
1484 649 1697 714 μᾶλλον
1725 646 1896 716 ταύτῃ
1960 710 1962 712 ,

221 728 376 793 ἔχειν.
418 725 558 792 λέγω
581 720 632 777 δ’
659 727 734 786 εἰς
758 723 819 777 τὸ
842 720 1025 794 παρὸν
1044 721 1376 794 ἀποβλέψας.
1414 730 1522 780 νῦν
1540 723 1646 795 γὰρ
1669 731 1803 797 φαίη
1823 726 1903 781 ἄν

218 809 296 870 τίς
321 821 407 859 σοι
425 803 571 877 λόγῳ
592 825 693 874 μεν
713 801 816 858 οὐκ
845 807 985 874 ἔχειν
1015 801 1152 859 καθ’
1181 805 1415 861 ε’καστον
1443 805 1503 860 τὸ
1536 806 1898 877 ἐρωτωμενον

217 890 630 954 ἐναντιοῦσθαι,
652 888 792 958 ἔργῳ
817 882 924 939 δὲ(
900 892 1057 957 ορᾷν,
1081 884 1204 939 ὅσοι
1230 883 1304 940 ἀν
1331 889 1417 942 ἐπὶ
1437 885 1821 958 φιλοσοφίαν’
1797 909 1896 969 ορ-

152 991 187 1031 1)
215 970 485 1041 μήσαντες
504 964 576 1037 μὴ
598 973 699 1020 τοῦ
718 967 1167 1021 πεπαιδεῦσθαι’
1146 970 1304 1020 ε’νεκα
1318 963 1593 1036 ἁψάμενοι
1608 972 1721 1022 νέοι
1741 967 1896 1032 ὄντες

215 1049 683 1117 ἀπαλλάττωνται,
705 1045 843 1102 ἀλλά
863 1046 1208 1117 μακρότερον
1227 1049 1630 1119 ἐνδιατρίψωσι,
1647 1044 1775 1113 τοὺς
1793 1049 1890 1118 μεν

215 1136 505 1194 πλείστους
523 1130 614 1184 καὶ
638 1129 787 1183 πάνυ
807 1126 1143 1193 ἀλλοκότους
1161 1132 1538 1200 γιγνομένους,
1553 1134 1646 1185 ἵνα
1664 1131 1736 1200 μὴ
1757 1150 1891 1200 παμ·

216 1210 497 1282 πονήρους
545 1217 800 1280 εἴπωμεν,
844 1208 974 1274 τοὺς
1021 1207 1071 1263 δ’
1115 1210 1549 1275 ἐπιεικεστάτους
1587 1215 1887 1275 δοκοῦντας

215 1293 365 1366 ὅμως
395 1292 560 1348 τοῦτό
595 1313 657 1360 γε
688 1289 798 1345 ὑπὸ
836 1299 937 1346 τοῦ
972 1290 1398 1362 ἐπιτηδεύματος
1435 1284 1504 1345 οὗ
1543 1289 1614 1345 σύ
1655 1293 1904 1355 ἐπαινεῖς,

214 1376 545 1474 πάσχοντας,
567 1372 877 1443 ἀχρήστους
895 1384 1012 1437 ταῖς
1030 1373 1221 1428 πόλεσι
1238 1376 1620 1442 γιγνομένους.
1665 1375 1754 1427 καὶ
1783 1371 1889 1443 ἐγώ

214 1455 474 1525 ἀκούσας,
510 1461 629 1510 Οἰει
661 1456 780 1552 οὐν,
819 1453 991 1523 εἶπον,
1029 1475 1159 1519 τους
1194 1459 1366 1508 ταῦτα
1405 1457 1662 1523 λέγοντας
1692 1454 1893 1520 ψεύδε-

215 1545 379 1603 σθαι;
422 1534 541 1591 Ούκ
575 1534 714 1604 οἶδα,
743 1538 776 1606 ή
808 1533 862 1589 δ’
897 1534 975 1606 ὅς,
1007 1534 1145 1590 ἀλλά
1177 1534 1237 1590 τὸ
1268 1536 1353 1590 σοὶ
1384 1538 1594 1590 δοκοῦν
1622 1533 1792 1605 ἡδέως
1823 1530 1894 1588 ἀν

154 1637 187 1676 Ε
213 1617 486 1688 ἀκούοιμι.
520 1617 767 1682 Ἀκούοις
789 1616 878 1688 ἀν,
910 1616 994 1672 ὅτι
1026 1623 1207 1688 ἔμοιγε
1238 1621 1534 1687 φαίνονται
1562 1617 1778 1687 τάληθῆ
1803 1619 1895 1671 λε’-

210 1723 345 1771 γειν.
421 1705 550 1764 Πῶς
578 1692 709 1770 οὖν,
744 1704 878 1770 ἔφη,
911 1693 975 1754 εὖ
1021 1704 1126 1769 ἔχει
1161 1703 1355 1769 λέγειν,
1397 1697 1480 1754 ὅτι
1518 1697 1587 1753 ού
1622 1698 1892 1767 πρότερον

212 1788 402 1838 κακῶν
422 1782 731 1837 παύσονται
749 1785 810 1836 αἱ
822 1781 1023 1851 πόλεις,
1047 1784 1176 1851 πρὶν
1195 1777 1268 1836 ἀν
1286 1783 1347 1837 ἐν
1368 1778 1560 1846 αὐταῖς
1580 1784 1637 1836 οἱ
1659 1781 1891 1850 φιλόσο-
1958 1817 1962 1828 =

215 1885 313 1934 φοι
343 1862 599 1934 ἄρξωσιν,
623 1861 721 1929 οὓς
751 1862 1057 1934 ἀχρήστους
1085 1861 1468 1934 ὁμολογοῦμεν
1501 1861 1688 1927 αὐταῖς
1721 1862 1889 1928 εἶναι;
1959 1884 1962 1886 ·

208 1942 455 2018 Ἐρωτᾷς,
476 1938 549 2014 ἦν
570 1941 621 1999 δ’
644 1945 768 2015 ἐγώ,
797 1945 1048 2016 ἐρώτημα
1068 1946 1332 2015 δεόμενον
1353 1942 1692 2014 ἀποκρίσεως
1714 1949 1767 1999 δι
1813 1949 1891 1999 εἰ-

211 2025 376 2090 κόνος
395 2028 705 2096 λεγομένης.
740 2025 830 2081 Συ
850 2030 912 2080 δέ
925 2049 1003 2095 γε,
1025 2031 1146 2096 ἔφη,
1170 2024 1335 2096 οἶμαι,
1358 2025 1461 2081 οὐκ
1483 2034 1686 2089 εἴωθας
1707 2024 1780 2080 δι’
1813 2030 1890 2079 εἰ-

211 2108 397 2163 κόνων
416 2111 611 2176 λέγειν.

0 2185 95 2272 Χ
171 2187 183 2200 ’
352 2194 432 2244 IV.
471 2189 621 2260 Εἶεν,
643 2188 822 2244 εἷπον·
863 2190 1128 2254 σκώπτεις
1149 2189 1495 2260 ἐμβεβληκώς
1516 2209 1581 2258 με
1614 2193 1688 2252 εἰς
1717 2187 1890 2257 λόγον

117 2293 183 2338 “33
215 2271 362 2329 οὕτω
387 2271 852 2337 δυσαπόδεικτον;
888 2272 1058 2327 άκουε
1079 2271 1129 2327 δ’
1165 2267 1272 2327 οὖν
1299 2278 1396 2342 τῆς
1426 2270 1658 2340 εἰκόνος,
1694 2269 1767 2326 ἵν’
1811 2276 1888 2326 ἔτι
1936 2295 1938 2297 ·

211 2361 425 2426 μᾶλλον
446 2357 581 2424 ἴδῃς,
603 2374 675 2416 ως
696 2358 963 2422 γλίσχρως
988 2353 1195 2418 εἰκάζω.
1223 2351 1369 2407 οὕτω
1389 2353 1496 2422 γὰρ
1515 2350 1755 2422 χαλεπὸν
1774 2353 1884 2408 πά-

211 2444 316 2500 θος
359 2457 471 2490 των
500 2434 935 2504 ἐπιεικεστάτων,
961 2431 992 2489 ὃ
1019 2433 1158 2506 πρὸς
1184 2432 1281 2498 τὰς
1304 2434 1488 2498 πόλεις
1514 2433 1882 2505 πεπόνθασιν,
1954 2464 1962 2499 q

204 2516 353 2572 ὥστε
374 2514 495 2571 οὐδ’
528 2519 676 2570 ἔστιν
698 2519 759 2571 ἓν
789 2514 955 2570 οὐδεν
988 2515 1122 2571 ἄλλο
1147 2522 1402 2571 τοιοῦτον
1420 2515 1720 2583 πεπονθός,
1743 2513 1881 2571 ἀλλα
1953 2511 1962 2562 ἕ

198 2602 302 2654 ’1δεῖ
317 2602 375 2653 ἐκ
395 2604 616 2653 πολλῶν
635 2595 768 2652 αὐτὸ
791 2602 1119 2668 ξυναγαγεῖν
1140 2598 1421 2664 εἰκάζοντα
1452 2601 1542 2653 καὶ
1567 2596 1883 2667 ἀπολογού--
1945 2594 1962 2638 ἶ·

211 2702 382 2749 μενον
411 2679 550 2750 ὑπὲρ
581 2680 783 2749 αὐτῶν,
813 2678 931 2735 οἷον
962 2684 1017 2735 οἱ
1042 2692 1271 2750 γραφεῖς
1293 2680 1674 2750 τραγελάφους
1698 2679 1788 2732 καὶ
1818 2678 1883 2732 τὰ
1951 2696 1954 2697 ’

208 2768 434 2815 τοιαῦτα
464 2762 756 2831 μιγνύντες
780 2762 1075 2832 γράφουσι.
1113 2762 1324 2831 νόησον
1347 2761 1452 2830 γὰρ
1483 2762 1754 2815 τοιουτονὶ
1787 2781 1881 2829 γε·
1955 2782 1958 2786 ’

210 2841 449 2911 νόμενον
490 2852 595 2898 εἴτε
632 2850 855 2898 πολλῶν
891 2849 1034 2898 νεῶν
1071 2845 1194 2910 πέρι
1231 2850 1336 2897 εἴτε
1374 2847 1522 2910 μιᾶς’
1564 2841 1884 2910 ναύκληρον
1927 2860 1955 2912 ι(
