1962 3236
656 164 1139 213 ΠΟΛΙΤΕΙΑΣ
1169 155 1219 210 ε’.
1663 156 1763 211 137

82 305 273 357 κυνῶν
311 299 517 368 πότερα
548 295 954 369 ξυμφυλάττειν
991 294 1224 366 οἰόμεθα
1262 298 1396 362 δεῖν,
1430 294 1571 365 ἅπερ
1601 292 1674 350 ἂν
1711 298 1770 351 οἱ

83 380 314 451 ἄρρενες
348 379 685 451 φυλάττωσι,
723 378 814 431 καὶ
849 376 1220 447 ξυνθηρεύειν
1264 377 1358 431 καὶ
1392 369 1565 431 τᾶλλα
1601 381 1764 448 κοινῇ

86 463 362 532 πράττειν,
394 458 432 533 ἦ
462 458 559 525 τὰς
587 461 690 530 μὲν
718 462 1000 524 οἰκουρεῖν
1029 460 1196 514 ἔνδον
1226 454 1300 522 ὦς
1328 454 1644 522 ἀδυνάτους
1673 455 1762 512 διὰ

11 576 12 579 =
85 543 184 599 τὸν
201 548 318 599 τῶν
327 540 624 597 σκυλάκων
642 538 811 594 τόκον
827 559 887 593 τε
904 540 994 593 καὶ
1011 538 1247 610 τροφήν,
1267 536 1398 603 τούς
1417 539 1476 594 δὲ
1495 549 1689 594 πονεῖν
1706 557 1766 593 τε

10 663 11 668 =
86 627 175 680 καὶ
196 631 380 679 πᾶσαν
396 622 708 691 ἐπιμέλειαν
726 622 869 688 ἔχειν
887 618 1097 689 περὶτὰ
1126 625 1379 690 ποίμνια;
1408 625 1607 690 Κοινῇ,
1639 624 1764 690 ἔφη,

10 721 12 762 ἴ
85 706 265 761 πάντα
279 723 290 734 ·
326 700 473 772 πλὴν
492 698 566 765 ὡς
585 699 1008 769 ἀσθενεστέραις
1025 701 1307 770 χρώμεθα,
1318 713 1430 765 τοῖς
1446 700 1504 756 δὲ
1518 698 1592 765 ὡς
1611 705 1782 770 ι’σχυε
1797 706 1835 746 Β

9 771 11 779 ¹
88 786 344 854 ροτέροις.
392 777 534 837 Οἷόν
562 778 612 836 τ’
643 774 765 849 οὖν,
797 783 940 850 ἔφην
977 781 1102 850 ἐγώ,
1134 782 1222 836 ἐπὶ
1248 779 1315 834 τά
1345 779 1486 836 αὐτὰ
1527 786 1773 851 χρῆσθαί

9 922 11 926 ⁴
88 889 191 922 τινι
212 865 349 938 ζαίῳ,
370 859 443 918 ἀν
463 863 535 934 μὴ
554 862 656 933 τὴν
679 860 857 932 αὐτὴν
885 862 1103 932 τροφήν
1131 883 1190 917 τε
1221 864 1312 917 καὶ
1343 866 1596 917 παιδείαν
1625 861 1767 917 ἀπο-

88 950 279 1015 διδῷςς
319 944 437 1015 Οὐχ
463 940 586 1000 οἶόν
605 965 676 999 τε.
713 948 785 999 Εἰ
802 942 910 1015 ἄρα
927 955 1043 1007 ταῖς
1059 945 1312 1013 γυναιξὶν
1331 945 1417 998 ἐπὶ
1436 940 1610 998 ταύτά
1633 965 1766 1014 χρη-

88 1029 303 1097 σόμεθα
341 1028 430 1082 καὶ
470 1038 582 1090 τοῖς
616 1024 869 1095 ἀνδράσι,
908 1023 1082 1080 ταύτά
1122 1028 1215 1081 καὶ
1251 1028 1541 1081 διδακτέον
1578 1023 1765 1091 αὐτάς.

9 1106 11 1115 ⁴
87 1115 215 1164 Ναί.
275 1110 531 1178 Μουσικὴ
571 1107 671 1178 μὲν
707 1111 936 1172 ἐκείνοις
968 1129 1027 1162 τε
1064 1111 1155 1163 καὶ
1198 1106 1541 1178 γυμναστικὴ
1579 1107 1766 1178 ἐδόθη.
1797 1119 1890 1163 452

88 1194 217 1245 Ναί.
259 1192 367 1244 Καὶ
386 1201 501 1253 ταῖς
519 1190 773 1258 γυναιξὶν
792 1187 900 1257 ἄρα
929 1189 1106 1244 τούτω
1135 1187 1211 1243 tc&
1240 1190 1401 1258 τέχνα
1431 1190 1522 1243 καὶ
1545 1188 1612 1243 τά
1646 1190 1769 1258 περὶ

10 1283 11 1318 ἶ
88 1273 188 1328 τὸν
206 1272 450 1341 πόλεμον
470 1269 776 1326 ἀποδοτέον
793 1272 884 1326 καὶ
902 1273 1169 1341 χρηστέον
1188 1269 1326 1324 κατά
1359 1268 1546 1325 ταύτά.
1603 1269 1771 1335 Εἰκὸς

90 1357 143 1420 ἐξ
174 1346 255 1408 ὦν
274 1356 464 1423 λέγεις,
495 1358 616 1423 ἔφη.
646 1352 807 1416 Ἴσως
836 1352 923 1422 δή,
957 1351 1129 1421 εἶπον,
1163 1349 1312 1420 παρὰ
1336 1348 1397 1406 τὸ
1431 1355 1563 1415 ἔθος
1583 1359 1769 1420 γελοῖα

90 1431 161 1490 ἂν
180 1442 433 1504 φαίνοιτο
464 1433 640 1490 πολλὰ
672 1435 795 1503 περὶ
821 1432 884 1488 τὰ
917 1440 1025 1489 νῦν
1051 1433 1338 1504 λεγόμενα,
1370 1438 1421 1488 ει’
1444 1433 1707 1503 πράξεται
1735 1425 1772 1504 ᾗ

92 1519 318 1585 λέγεται.
357 1519 465 1571 Καὶ
485 1516 649 1586 μάλα,
671 1521 793 1587 ἔφη.
838 1520 919 1584 Τί,
949 1511 1022 1585 ἦν
1052 1512 1103 1570 δ’
1136 1514 1263 1585 ἐγώ,
1292 1514 1646 1586 γελοιότατον
1667 1512 1771 1569 αὕ-

90 1605 204 1652 τῶν
224 1597 385 1669 ὁρᾷς;
408 1594 443 1667 ἦ
463 1602 602 1667 δῆλα
622 1596 688 1668 δὴ
711 1597 794 1653 ὅτι
813 1600 1028 1668 γυμνάς
1045 1595 1142 1661 τὰς
1161 1609 1428 1668 γυναῖκας
1450 1601 1511 1652 ἐν
1529 1607 1644 1660 ταῖς
1662 1615 1770 1650 πα-

90 1686 369 1746 λαίστραις
388 1683 799 1750 γυμναζομένας
817 1678 950 1750 μετὰ
972 1684 1086 1734 τῶν
1115 1677 1354 1749 ἀνδρῶν,
1382 1676 1450 1734 οὐ
1473 1678 1651 1748 μόνον
1669 1676 1766 1743 τὰς
1798 1686 1829 1726 Β

92 1765 236 1824 νέας.
255 1760 394 1816 ἀλλὰ
415 1763 504 1816 καὶ
522 1761 625 1832 ἤδη
646 1760 742 1826 τάς
759 1765 1148 1832 πρεσβυτέρας,
1166 1759 1350 1830 ὥσπερ
1362 1761 1493 1825 τοὺς
1505 1762 1771 1831 γέροντας

91 1846 118 1898 ἐ
124 1866 152 1897 ν
173 1855 284 1906 τοῖς
303 1849 641 1913 γυμνασίοις,
654 1842 790 1898 ὅταν
808 1844 966 1910 ῥυσοὶ
985 1844 1074 1898 καὶ
1095 1841 1167 1913 μὴ
1182 1839 1328 1911 ἡδεῖς
1349 1841 1452 1912 τὴν
1470 1839 1603 1906 ὄψιν
1621 1839 1770 1911 ὅμως

92 1930 642 1994 φιλογυμναστῶσινς
672 1923 762 1995 Νὴ
783 1922 883 1979 τὸν
902 1929 1029 1986 Δία,
1049 1927 1178 1994 ἔφη·
1211 1931 1430 1994 γελοῖον
1457 1920 1566 1993 γὰρ
1585 1921 1673 1989 ἄν,
1696 1919 1771 1987 ὥς

91 2027 151 2075 γε
173 2008 235 2061 ἐν
252 2011 331 2079 τῷ
348 2014 669 2074 παρεστῶτι,
694 2011 910 2076 φανείη.
951 2004 1196 2076 Οὐκοῦν,
1225 2000 1298 2076 ἦν
1319 2005 1372 2061 δ’
1396 2006 1521 2076 ἐγώ,
1552 2007 1770 2076 ἐπείπερ

94 2085 425 2158 ὡρμήσαμεν
446 2090 644 2158 λέγειν,
667 2086 735 2142 οὐ
748 2089 1024 2159 φοβητέον
1043 2085 1109 2141 τά
1130 2092 1244 2143 τῶν
1263 2090 1563 2157 χαριέντων
1584 2086 1771 2156 σκώμ-

93 2189 253 2237 ματα,
275 2167 380 2223 ὅσα
400 2170 490 2223 καὶ
508 2164 595 2224 οἷα
625 2165 697 2223 ἀν
718 2177 925 2224 εἴποιεν
944 2173 1019 2233 εἰς
1044 2167 1148 2239 τὴν
1175 2170 1437 2239 τοιαύτην
1461 2166 1772 2240 μεταβολὴν

9 2278 12 2283 <
92 2252 398 2319 γενομένην
426 2253 514 2305 καὶ
542 2252 668 2319 περὶ
696 2250 761 2306 τὰ
793 2251 1071 2322 γυμνάσια
1100 2253 1190 2306 καὶ
1218 2253 1343 2320 περὶ
1369 2249 1643 2321 μουσικὴν
1680 2251 1770 2306 καὶ
1805 2252 1836 2293 G

10 2395 12 2399 Ι
94 2326 199 2384 οὐκ
219 2332 469 2400 ἐλάχιστα
489 2334 611 2399 περὶ
630 2331 730 2401 τὴν
749 2337 827 2386 τῶ
833 2354 863 2386 ν
881 2330 1072 2388 ὅπλων
1105 2334 1290 2403 σχέσιν
1317 2333 1408 2388 καὶ
1435 2334 1621 2388 ἳππων
1640 2329 1772 2401 ὀχή-

10 2411 11 2414 ’
94 2427 219 2474 σεις.
245 2408 473 2478 Ὀρθῶς,
493 2414 618 2482 ἔφη,
642 2414 829 2483 λέγεις.
861 2410 1002 2468 Ἀλλ’
1024 2415 1243 2483 ἐπείπερ
1267 2415 1448 2483 λέγειν
1466 2412 1770 2483 ἠρξάμεθα,

9 2496 11 2519 ³
93 2493 395 2558 πορευτέον
414 2489 550 2560 πρὸς
570 2491 630 2547 τὸ
652 2492 822 2562 τραχὺ
841 2499 943 2549 τοῦ
972 2494 1166 2564 νόμου,
1199 2498 1449 2565 δεηθεῖσί
1471 2515 1528 2549 τε
1557 2493 1772 2548 τούτων

10 2589 13 2597 ’
94 2572 168 2642 μὴ
189 2570 252 2626 τὰ
276 2570 463 2627 αὐτῶν
494 2572 754 2639 πράττειν
776 2573 913 2630 ἀλλά
945 2577 1292 2643 σπουδάζειν,
1326 2579 1416 2631 καὶ
1445 2572 1772 2645 ὑπομνήσα-

11 2708 13 2720 ⁴
91 2669 199 2719 σιν,
221 2651 305 2707 ὅτι
326 2650 395 2707 οὐ
414 2653 589 2718 πολὺς
605 2657 803 2725 χρόνος
824 2659 876 2722 ἐξ
897 2650 964 2712 οὖ
983 2657 1357 2728 τοῖςἝλλησιν
1379 2656 1558 2712 ἐδόκει
1577 2655 1772 2727 αἰσχρὰ

91 2731 230 2789 εἶναι
261 2737 351 2788 καὶ
381 2742 582 2803 γελοῖα.
624 2737 763 2805 ἅπερ
786 2745 892 2793 νῦν
920 2751 1031 2804 τοῖς
1068 2745 1289 2803 πολλοῖς
1317 2743 1431 2794 τῶν
1451 2738 1771 2810 βαρβάρων,

90 2814 339 2886 γυμνοὺς
359 2814 568 2883 ἄνδρας
586 2815 845 2888 ὁρᾶσθαι,
860 2822 949 2875 καὶ
970 2820 1059 2875 ὅτε
1075 2820 1310 2892 ἤρχοντο
1325 2825 1440 2876 τῶν
1450 2825 1775 2892 γυμνασίων
