<?xml version="1.0" encoding="UTF-8"?>
<!DOCTYPE html PUBLIC "-//W3C//DTD XHTML 1.0 Transitional//EN"
    "http://www.w3.org/TR/xhtml1/DTD/xhtml1-transitional.dtd">
<html xmlns="http://www.w3.org/1999/xhtml" xml:lang="en" lang="en">
 <head>
  <title>
</title>
<meta http-equiv="Content-Type" content="text/html;charset=utf-8" />
  <meta name='ocr-system' content='tesseract 3.04.00' />
  <meta name='ocr-capabilities' content='ocr_page ocr_carea ocr_par ocr_line ocrx_word'/>
</head>
<body>
  <div class='ocr_page' id='page_1' title='image "./dialogisecumdumt04platuoft_0356.png"; bbox 0 0 1962 3236; ppageno 0'>
   <div class='ocr_carea' id='block_1_1' title="bbox 1072 0 1962 27">
    <p class='ocr_par' dir='ltr' id='par_1_1' title="bbox 1072 0 1962 27">
     <span class='ocr_line' id='line_1_1' title="bbox 1072 0 1962 27; baseline 0.004 -11"><span class='ocrx_word' id='word_1_1' title='bbox 1072 0 1081 7; x_wconf 67' lang='lat'>⁶</span> <span class='ocrx_word' id='word_1_2' title='bbox 1150 3 1158 11; x_wconf 88' lang='lat'><strong><em>··</em></strong></span> <span class='ocrx_word' id='word_1_3' title='bbox 1182 0 1198 13; x_wconf 87' lang='lat'><strong><em>-.-</em></strong></span> <span class='ocrx_word' id='word_1_4' title='bbox 1220 0 1247 17; x_wconf 67' lang='grc' dir='ltr'><strong><em>.ϊἶ</em></strong></span> <span class='ocrx_word' id='word_1_5' title='bbox 1300 0 1321 10; x_wconf 64' lang='lat'><strong><em>-,</em></strong></span> <span class='ocrx_word' id='word_1_6' title='bbox 1343 0 1370 25; x_wconf 49' lang='grc' dir='ltr'><strong><em>«πρ</em></strong></span> <span class='ocrx_word' id='word_1_7' title='bbox 1386 0 1457 22; x_wconf 46' lang='grc' dir='ltr'><strong><em>ν’-ῑψ</em></strong></span> <span class='ocrx_word' id='word_1_8' title='bbox 1505 0 1511 5; x_wconf 83' lang='grc'><em>·</em></span> <span class='ocrx_word' id='word_1_9' title='bbox 1552 3 1555 5; x_wconf 58' lang='lat'>&gt;</span> <span class='ocrx_word' id='word_1_10' title='bbox 1581 3 1592 9; x_wconf 57' lang='lat'>³</span> <span class='ocrx_word' id='word_1_11' title='bbox 1612 0 1911 26; x_wconf 37' lang='lat' dir='ltr'><strong><em>‘tf-,³43⁷521—wfflf,</em></strong></span> <span class='ocrx_word' id='word_1_12' title='bbox 1926 0 1962 27; x_wconf 60' lang='lat'><strong><em>1¹⁷}</em></strong></span> 
     </span>
    </p>
   </div>
   <div class='ocr_carea' id='block_1_2' title="bbox 231 139 1897 224">
    <p class='ocr_par' dir='ltr' id='par_1_2' title="bbox 231 139 1897 224">
     <span class='ocr_line' id='line_1_2' title="bbox 231 139 1897 224; baseline 0.002 -5"><span class='ocrx_word' id='word_1_13' title='bbox 231 169 336 219; x_wconf 82' lang='lat'><strong><em>320</em></strong></span> <span class='ocrx_word' id='word_1_14' title='bbox 509 162 511 165; x_wconf 82' lang='grc'><strong>’</strong></span> <span class='ocrx_word' id='word_1_15' title='bbox 684 139 688 142; x_wconf 46' lang='grc'><strong>’</strong></span> <span class='ocrx_word' id='word_1_16' title='bbox 844 172 1315 219; x_wconf 70' lang='grc' dir='ltr'><strong><em>ΠΛΑΤΩΝοΣ</em></strong></span> <span class='ocrx_word' id='word_1_17' title='bbox 1458 195 1462 197; x_wconf 95' lang='grc'>-</span> <span class='ocrx_word' id='word_1_18' title='bbox 1848 182 1897 224; x_wconf 66' lang='grc'><strong><em>,2</em></strong></span> 
     </span>
    </p>
   </div>
   <div class='ocr_carea' id='block_1_3' title="bbox 160 295 1962 1663">
    <p class='ocr_par' dir='ltr' id='par_1_3' title="bbox 235 295 1897 438">
     <span class='ocr_line' id='line_1_3' title="bbox 378 295 1897 374; baseline 0.003 -18"><span class='ocrx_word' id='word_1_19' title='bbox 378 308 468 357; x_wconf 91' lang='lat' dir='ltr'><strong><em>TI.</em></strong></span> <span class='ocrx_word' id='word_1_20' title='bbox 506 303 612 356; x_wconf 86' lang='grc' dir='ltr'><strong><em>Καὶ</em></strong></span> <span class='ocrx_word' id='word_1_21' title='bbox 636 301 780 370; x_wconf 88' lang='grc' dir='ltr'><strong><em>μάλα</em></strong></span> <span class='ocrx_word' id='word_1_22' title='bbox 807 322 870 370; x_wconf 91' lang='grc' dir='ltr'><strong><em>γε</em></strong></span> <span class='ocrx_word' id='word_1_23' title='bbox 902 299 1049 372; x_wconf 80' lang='grc' dir='ltr'><strong><em>ἡμῖν,</em></strong></span> <span class='ocrx_word' id='word_1_24' title='bbox 1085 295 1128 356; x_wconf 71' lang='grc' dir='ltr'><strong><em>αἶ</em></strong></span> <span class='ocrx_word' id='word_1_25' title='bbox 1160 301 1470 372; x_wconf 71' lang='grc' dir='ltr'><strong><em>Σώκρατες,</em></strong></span> <span class='ocrx_word' id='word_1_26' title='bbox 1504 306 1735 374; x_wconf 75' lang='grc' dir='ltr'><strong><em>ρηθεῖσα</em></strong></span> <span class='ocrx_word' id='word_1_27' title='bbox 1765 311 1897 362; x_wconf 80' lang='grc' dir='ltr'><strong><em>πᾶσι</em></strong></span> 
     </span>
     <span class='ocr_line' id='line_1_4' title="bbox 235 381 551 438; baseline -0.006 0"><span class='ocrx_word' id='word_1_28' title='bbox 235 381 372 438; x_wconf 75' lang='grc' dir='ltr'><strong><em>κατὰ</em></strong></span> <span class='ocrx_word' id='word_1_29' title='bbox 399 389 551 437; x_wconf 83' lang='grc' dir='ltr'><strong><em>νοῦν.</em></strong></span> 
     </span>
    </p>

    <p class='ocr_par' dir='ltr' id='par_1_4' title="bbox 235 457 1899 693">
     <span class='ocr_line' id='line_1_5' title="bbox 376 457 1899 536; baseline 0.003 -17"><span class='ocrx_word' id='word_1_30' title='bbox 376 469 500 519; x_wconf 72' lang='grc' dir='ltr'><strong><em>ΣΩ.</em></strong></span> <span class='ocrx_word' id='word_1_31' title='bbox 528 457 641 533; x_wconf 68' lang='grc' dir='ltr'><strong><em>Ἆρ’</em></strong></span> <span class='ocrx_word' id='word_1_32' title='bbox 666 457 770 518; x_wconf 78' lang='grc' dir='ltr'><strong><em>οὖν</em></strong></span> <span class='ocrx_word' id='word_1_33' title='bbox 790 462 856 518; x_wconf 81' lang='grc' dir='ltr'><strong><em>οὐ</em></strong></span> <span class='ocrx_word' id='word_1_34' title='bbox 875 463 936 520; x_wconf 87' lang='grc' dir='ltr'>τὸ</span> <span class='ocrx_word' id='word_1_35' title='bbox 965 471 1076 520; x_wconf 79' lang='grc' dir='ltr'><strong><em>τῶν</em></strong></span> <span class='ocrx_word' id='word_1_36' title='bbox 1103 473 1364 536; x_wconf 75' lang='grc' dir='ltr'><em>γεωργῶν</em></span> <span class='ocrx_word' id='word_1_37' title='bbox 1394 467 1519 522; x_wconf 80' lang='grc' dir='ltr'><strong><em>ὅσαι</em></strong></span> <span class='ocrx_word' id='word_1_38' title='bbox 1549 488 1606 521; x_wconf 89' lang='grc' dir='ltr'><strong><em>τε</em></strong></span> <span class='ocrx_word' id='word_1_39' title='bbox 1637 465 1794 522; x_wconf 75' lang='grc' dir='ltr'><strong><em>ἄλλαι</em></strong></span> <span class='ocrx_word' id='word_1_40' title='bbox 1813 472 1899 523; x_wconf 87' lang='grc' dir='ltr'><strong><em>τέ-</em></strong></span> 
     </span>
     <span class='ocr_line' id='line_1_6' title="bbox 235 541 1899 616; baseline 0.004 -18"><span class='ocrx_word' id='word_1_41' title='bbox 235 567 358 615; x_wconf 88' lang='grc' dir='ltr'><strong><em>χναι</em></strong></span> <span class='ocrx_word' id='word_1_42' title='bbox 378 549 598 611; x_wconf 72' lang='grc' dir='ltr'><strong><em>πρῶτον</em></strong></span> <span class='ocrx_word' id='word_1_43' title='bbox 610 546 670 597; x_wconf 89' lang='grc' dir='ltr'><strong><em>ἐν</em></strong></span> <span class='ocrx_word' id='word_1_44' title='bbox 682 541 820 615; x_wconf 80' lang='grc' dir='ltr'><strong><em>αὐτῇ</em></strong></span> <span class='ocrx_word' id='word_1_45' title='bbox 837 546 1000 615; x_wconf 84' lang='grc' dir='ltr'><strong><em>χωρὶς</em></strong></span> <span class='ocrx_word' id='word_1_46' title='bbox 1019 546 1335 616; x_wconf 82' lang='grc' dir='ltr'><em>διειλόμεθα</em></span> <span class='ocrx_word' id='word_1_47' title='bbox 1350 545 1455 602; x_wconf 82' lang='grc' dir='ltr'><strong><em>άπὸ</em></strong></span> <span class='ocrx_word' id='word_1_48' title='bbox 1472 554 1571 602; x_wconf 85' lang='grc' dir='ltr'><strong><em>τοῦ</em></strong></span> <span class='ocrx_word' id='word_1_49' title='bbox 1589 549 1782 616; x_wconf 82' lang='grc' dir='ltr'><strong><em>γένους</em></strong></span> <span class='ocrx_word' id='word_1_50' title='bbox 1800 555 1899 604; x_wconf 77' lang='grc' dir='ltr'><strong><em>τοῦ</em></strong></span> 
     </span>
     <span class='ocr_line' id='line_1_7' title="bbox 236 623 931 693; baseline 0 -14"><span class='ocrx_word' id='word_1_51' title='bbox 236 631 349 679; x_wconf 73' lang='grc' dir='ltr'><strong><em>τῶν</em></strong></span> <span class='ocrx_word' id='word_1_52' title='bbox 367 623 931 693; x_wconf 85' lang='grc' dir='ltr'><strong><em>προπολεμησόντων;</em></strong></span> 
     </span>
    </p>

    <p class='ocr_par' dir='ltr' id='par_1_5' title="bbox 382 708 634 757">
     <span class='ocr_line' id='line_1_8' title="bbox 382 708 634 757; baseline 0 0"><span class='ocrx_word' id='word_1_53' title='bbox 382 708 468 757; x_wconf 87' lang='grc' dir='ltr'><strong><em>ΤΙ.</em></strong></span> <span class='ocrx_word' id='word_1_54' title='bbox 509 708 634 757; x_wconf 87' lang='grc' dir='ltr'><strong><em>Ναί.</em></strong></span> 
     </span>
    </p>

    <p class='ocr_par' dir='ltr' id='par_1_6' title="bbox 343 784 1895 856">
     <span class='ocr_line' id='line_1_9' title="bbox 343 784 1895 856; baseline 0.005 -18"><span class='ocrx_word' id='word_1_55' title='bbox 343 823 346 825; x_wconf 19' lang='grc' dir='ltr'><strong>Α</strong></span> <span class='ocrx_word' id='word_1_56' title='bbox 376 789 499 839; x_wconf 74' lang='grc' dir='ltr'><strong><em>ΣΩ.</em></strong></span> <span class='ocrx_word' id='word_1_57' title='bbox 538 786 646 839; x_wconf 83' lang='grc' dir='ltr'><strong><em>Καὶ</em></strong></span> <span class='ocrx_word' id='word_1_58' title='bbox 675 784 812 839; x_wconf 75' lang='grc' dir='ltr'><strong><em>κατα</em></strong></span> <span class='ocrx_word' id='word_1_59' title='bbox 840 786 1011 855; x_wconf 88' lang='grc' dir='ltr'><strong><em>φύσιν</em></strong></span> <span class='ocrx_word' id='word_1_60' title='bbox 1038 786 1103 856; x_wconf 84' lang='grc' dir='ltr'><strong><em>δὴ</em></strong></span> <span class='ocrx_word' id='word_1_61' title='bbox 1126 787 1314 851; x_wconf 80' lang='grc' dir='ltr'><strong><em>δόντες</em></strong></span> <span class='ocrx_word' id='word_1_62' title='bbox 1331 787 1391 842; x_wconf 82' lang='grc' dir='ltr'><strong><em>τὸ</em></strong></span> <span class='ocrx_word' id='word_1_63' title='bbox 1418 787 1550 843; x_wconf 84' lang='grc' dir='ltr'><strong><em>καθ’</em></strong></span> <span class='ocrx_word' id='word_1_64' title='bbox 1576 787 1750 844; x_wconf 83' lang='grc' dir='ltr'><strong><em>αὑτὸν</em></strong></span> <span class='ocrx_word' id='word_1_65' title='bbox 1774 790 1895 845; x_wconf 80' lang='grc' dir='ltr'><strong><em>ἑκά-</em></strong></span> 
     </span>
    </p>

    <p class='ocr_par' dir='ltr' id='par_1_7' title="bbox 235 864 1898 939">
     <span class='ocr_line' id='line_1_10' title="bbox 235 864 1898 939; baseline 0.002 -19"><span class='ocrx_word' id='word_1_66' title='bbox 235 882 343 937; x_wconf 80' lang='grc' dir='ltr'><strong><em>στῳ</em></strong></span> <span class='ocrx_word' id='word_1_67' title='bbox 386 864 711 935; x_wconf 79' lang='grc' dir='ltr'><strong><em>πρόσφορον</em></strong></span> <span class='ocrx_word' id='word_1_68' title='bbox 741 867 803 920; x_wconf 78' lang='grc' dir='ltr'><strong><em>ἓν</em></strong></span> <span class='ocrx_word' id='word_1_69' title='bbox 840 866 1015 936; x_wconf 89' lang='grc' dir='ltr'><strong><em>μόνον</em></strong></span> <span class='ocrx_word' id='word_1_70' title='bbox 1042 867 1370 937; x_wconf 84' lang='grc' dir='ltr'><strong><em>ἐπιτήδευμα</em></strong></span> <span class='ocrx_word' id='word_1_71' title='bbox 1402 871 1509 938; x_wconf 84' lang='grc' dir='ltr'><strong><em>[καὶ</em></strong></span> <span class='ocrx_word' id='word_1_72' title='bbox 1538 866 1637 939; x_wconf 78' lang='grc' dir='ltr'><strong><em>ἀφ’</em></strong></span> <span class='ocrx_word' id='word_1_73' title='bbox 1671 870 1898 926; x_wconf 63' lang='grc' dir='ltr'><strong><em>ἑκάστου</em></strong></span> 
     </span>
    </p>

    <p class='ocr_par' dir='ltr' id='par_1_8' title="bbox 169 943 1959 1020">
     <span class='ocr_line' id='line_1_11' title="bbox 169 943 1959 1020; baseline 0.001 -19"><span class='ocrx_word' id='word_1_74' title='bbox 169 963 201 1002; x_wconf 87' lang='lat' dir='ltr'>D</span> <span class='ocrx_word' id='word_1_75' title='bbox 240 945 342 1017; x_wconf 85' lang='grc' dir='ltr'><strong><em>τὴν</em></strong></span> <span class='ocrx_word' id='word_1_76' title='bbox 361 950 571 1016; x_wconf 84' lang='grc' dir='ltr'><strong><em>τέχνην]</em></strong></span> <span class='ocrx_word' id='word_1_77' title='bbox 590 946 838 1014; x_wconf 81' lang='grc' dir='ltr'><strong><em>τούτους,</em></strong></span> <span class='ocrx_word' id='word_1_78' title='bbox 862 943 956 1011; x_wconf 76' lang='grc' dir='ltr'><strong><em>οὓς</em></strong></span> <span class='ocrx_word' id='word_1_79' title='bbox 976 945 1080 1016; x_wconf 88' lang='grc' dir='ltr'><strong><em>πρὸ</em></strong></span> <span class='ocrx_word' id='word_1_80' title='bbox 1103 948 1326 1002; x_wconf 89' lang='grc' dir='ltr'><strong><em>πάντων</em></strong></span> <span class='ocrx_word' id='word_1_81' title='bbox 1346 952 1452 1003; x_wconf 79' lang='grc' dir='ltr'><strong><em>ἔδει</em></strong></span> <span class='ocrx_word' id='word_1_82' title='bbox 1470 957 1741 1020; x_wconf 78' lang='grc' dir='ltr'><strong><em>πολεμεῖν,</em></strong></span> <span class='ocrx_word' id='word_1_83' title='bbox 1760 960 1900 1006; x_wconf 80' lang='grc' dir='ltr'><strong><em>εἴπο-</em></strong></span> <span class='ocrx_word' id='word_1_84' title='bbox 1950 1000 1959 1003; x_wconf 85' lang='grc'><strong><em>,.</em></strong></span> 
     </span>
    </p>

    <p class='ocr_par' dir='ltr' id='par_1_9' title="bbox 236 1024 1898 1103">
     <span class='ocr_line' id='line_1_12' title="bbox 236 1024 1898 1103; baseline 0.003 -22"><span class='ocrx_word' id='word_1_85' title='bbox 236 1048 338 1097; x_wconf 88' lang='grc' dir='ltr'><strong><em>μεν</em></strong></span> <span class='ocrx_word' id='word_1_86' title='bbox 360 1025 431 1090; x_wconf 76' lang='grc' dir='ltr'><strong><em>ὡς</em></strong></span> <span class='ocrx_word' id='word_1_87' title='bbox 451 1026 558 1095; x_wconf 76' lang='grc' dir='ltr'><strong><em>ἄρα</em></strong></span> <span class='ocrx_word' id='word_1_88' title='bbox 579 1024 779 1090; x_wconf 78' lang='grc' dir='ltr'><strong><em>αὐτοὺς</em></strong></span> <span class='ocrx_word' id='word_1_89' title='bbox 800 1028 912 1081; x_wconf 88' lang='grc' dir='ltr'><strong><em>δέοι</em></strong></span> <span class='ocrx_word' id='word_1_90' title='bbox 931 1029 1180 1095; x_wconf 90' lang='grc' dir='ltr'><strong><em>φύλακας</em></strong></span> <span class='ocrx_word' id='word_1_91' title='bbox 1201 1027 1339 1083; x_wconf 83' lang='grc' dir='ltr'><strong><em>εἶναι</em></strong></span> <span class='ocrx_word' id='word_1_92' title='bbox 1367 1030 1543 1099; x_wconf 91' lang='grc' dir='ltr'><strong><em>μόνον</em></strong></span> <span class='ocrx_word' id='word_1_93' title='bbox 1561 1037 1655 1101; x_wconf 83' lang='grc' dir='ltr'><strong><em>τῆς</em></strong></span> <span class='ocrx_word' id='word_1_94' title='bbox 1674 1033 1898 1103; x_wconf 80' lang='grc' dir='ltr'><strong><em>πόλεως,</em></strong></span> 
     </span>
    </p>

    <p class='ocr_par' dir='ltr' id='par_1_10' title="bbox 237 1103 1897 1183">
     <span class='ocr_line' id='line_1_13' title="bbox 237 1103 1897 1183; baseline 0.004 -21"><span class='ocrx_word' id='word_1_95' title='bbox 237 1115 291 1162; x_wconf 84' lang='grc' dir='ltr'><strong><em>εἰ</em></strong></span> <span class='ocrx_word' id='word_1_96' title='bbox 300 1111 360 1161; x_wconf 86' lang='grc' dir='ltr'><strong><em>τέ</em></strong></span> <span class='ocrx_word' id='word_1_97' title='bbox 376 1129 454 1170; x_wconf 92' lang='grc' dir='ltr'><strong><em>τις</em></strong></span> <span class='ocrx_word' id='word_1_98' title='bbox 474 1103 724 1172; x_wconf 82' lang='grc' dir='ltr'><strong><em>ἔξωθεν</em></strong></span> <span class='ocrx_word' id='word_1_99' title='bbox 698 1129 731 1177; x_wconf 87' lang='grc' dir='ltr'><strong><em>η</em></strong></span> <span class='ocrx_word' id='word_1_100' title='bbox 755 1108 844 1162; x_wconf 88' lang='grc' dir='ltr'><strong><em>καὶ</em></strong></span> <span class='ocrx_word' id='word_1_101' title='bbox 864 1114 975 1162; x_wconf 76' lang='grc' dir='ltr'><strong><em>τῶν</em></strong></span> <span class='ocrx_word' id='word_1_102' title='bbox 1005 1112 1239 1164; x_wconf 82' lang='grc' dir='ltr'><strong><em>ἔνδοθεν</em></strong></span> <span class='ocrx_word' id='word_1_103' title='bbox 1271 1117 1343 1165; x_wconf 88' lang='grc' dir='ltr'><strong><em>ἰόι</em></strong></span> <span class='ocrx_word' id='word_1_104' title='bbox 1371 1112 1785 1183; x_wconf 77' lang='grc' dir='ltr'><strong><em>κακουργήσων,</em></strong></span> <span class='ocrx_word' id='word_1_105' title='bbox 1819 1117 1897 1168; x_wconf 90' lang='grc' dir='ltr'><strong><em>δι-</em></strong></span> 
     </span>
    </p>

    <p class='ocr_par' dir='ltr' id='par_1_11' title="bbox 235 1187 1896 1262">
     <span class='ocr_line' id='line_1_14' title="bbox 235 1187 1896 1262; baseline 0.003 -19"><span class='ocrx_word' id='word_1_106' title='bbox 235 1187 497 1253; x_wconf 82' lang='grc' dir='ltr'><strong><em>κάζοντας</em></strong></span> <span class='ocrx_word' id='word_1_107' title='bbox 516 1209 618 1257; x_wconf 92' lang='grc' dir='ltr'><strong><em>μεν</em></strong></span> <span class='ocrx_word' id='word_1_108' title='bbox 633 1187 821 1255; x_wconf 91' lang='grc' dir='ltr'><strong><em>πράως</em></strong></span> <span class='ocrx_word' id='word_1_109' title='bbox 839 1199 949 1252; x_wconf 79' lang='grc' dir='ltr'><strong><em>τοῖς</em></strong></span> <span class='ocrx_word' id='word_1_110' title='bbox 968 1187 1286 1259; x_wconf 79' lang='grc' dir='ltr'><strong><em>ἀρχομένοις</em></strong></span> <span class='ocrx_word' id='word_1_111' title='bbox 1305 1187 1403 1244; x_wconf 82' lang='grc' dir='ltr'><strong><em>ὑπ’</em></strong></span> <span class='ocrx_word' id='word_1_112' title='bbox 1428 1190 1612 1247; x_wconf 79' lang='grc' dir='ltr'><strong><em>αὐτῶν</em></strong></span> <span class='ocrx_word' id='word_1_113' title='bbox 1631 1195 1718 1248; x_wconf 84' lang='grc' dir='ltr'><strong><em>καὶ</em></strong></span> <span class='ocrx_word' id='word_1_114' title='bbox 1738 1193 1896 1262; x_wconf 78' lang='grc' dir='ltr'><strong><em>φύσει</em></strong></span> 
     </span>
    </p>

    <p class='ocr_par' dir='ltr' id='par_1_12' title="bbox 160 1262 1900 1419">
     <span class='ocr_line' id='line_1_15' title="bbox 160 1262 1900 1344; baseline 0.002 -21"><span class='ocrx_word' id='word_1_115' title='bbox 160 1287 211 1331; x_wconf 81' lang='lat'><strong><em>18</em></strong></span> <span class='ocrx_word' id='word_1_116' title='bbox 238 1273 416 1340; x_wconf 85' lang='grc' dir='ltr'><strong><em>φίλοις</em></strong></span> <span class='ocrx_word' id='word_1_117' title='bbox 437 1262 578 1336; x_wconf 78' lang='grc' dir='ltr'><strong><em>οὖσι,</em></strong></span> <span class='ocrx_word' id='word_1_118' title='bbox 599 1267 868 1337; x_wconf 80' lang='grc' dir='ltr'><strong><em>χαλεποὺς</em></strong></span> <span class='ocrx_word' id='word_1_119' title='bbox 887 1271 990 1322; x_wconf 83' lang='grc' dir='ltr'><strong><em>δὲ’</em></strong></span> <span class='ocrx_word' id='word_1_120' title='bbox 965 1290 1024 1323; x_wconf 90' lang='grc' dir='ltr'><strong><em>εν</em></strong></span> <span class='ocrx_word' id='word_1_121' title='bbox 1043 1281 1156 1334; x_wconf 86' lang='grc' dir='ltr'><strong><em>ταῖς</em></strong></span> <span class='ocrx_word' id='word_1_122' title='bbox 1173 1269 1363 1340; x_wconf 80' lang='grc' dir='ltr'><strong><em>μάχαις</em></strong></span> <span class='ocrx_word' id='word_1_123' title='bbox 1379 1283 1488 1337; x_wconf 84' lang='grc' dir='ltr'><strong><em>τοῖς</em></strong></span> <span class='ocrx_word' id='word_1_124' title='bbox 1509 1275 1900 1344; x_wconf 88' lang='grc' dir='ltr'><strong><em>ἐντυγχάνουσι</em></strong></span> 
     </span>
     <span class='ocr_line' id='line_1_16' title="bbox 234 1349 971 1419; baseline -0.001 -16"><span class='ocrx_word' id='word_1_125' title='bbox 234 1356 346 1403; x_wconf 78' lang='grc' dir='ltr'><strong><em>τῶν</em></strong></span> <span class='ocrx_word' id='word_1_126' title='bbox 366 1351 583 1419; x_wconf 75' lang='grc' dir='ltr'><strong><em>ἐχθρῶν</em></strong></span> <span class='ocrx_word' id='word_1_127' title='bbox 600 1349 971 1417; x_wconf 79' lang='grc' dir='ltr'><strong><em>γιγνομένους.</em></strong></span> 
     </span>
    </p>

    <p class='ocr_par' dir='ltr' id='par_1_13' title="bbox 380 1425 1962 1500">
     <span class='ocr_line' id='line_1_17' title="bbox 380 1425 1962 1500; baseline 0.002 -18"><span class='ocrx_word' id='word_1_128' title='bbox 380 1434 468 1483; x_wconf 92' lang='grc' dir='ltr'><strong><em>ΤΙ.</em></strong></span> <span class='ocrx_word' id='word_1_129' title='bbox 508 1427 831 1482; x_wconf 89' lang='grc' dir='ltr'><strong><em>Παντάπασι</em></strong></span> <span class='ocrx_word' id='word_1_130' title='bbox 850 1429 951 1499; x_wconf 78' lang='grc' dir='ltr'><strong><em>μὲν</em></strong></span> <span class='ocrx_word' id='word_1_131' title='bbox 971 1425 1087 1484; x_wconf 76' lang='grc' dir='ltr'><strong><em>οὖν.</em></strong></span> <span class='ocrx_word' id='word_1_132' title='bbox 1960 1498 1962 1500; x_wconf 10' lang='lat' dir='ltr'>q</span> 
     </span>
    </p>

    <p class='ocr_par' dir='ltr' id='par_1_14' title="bbox 235 1507 1898 1663">
     <span class='ocr_line' id='line_1_18' title="bbox 374 1507 1898 1583; baseline 0.003 -19"><span class='ocrx_word' id='word_1_133' title='bbox 374 1514 495 1564; x_wconf 73' lang='grc' dir='ltr'><strong><em>ΣΩ.</em></strong></span> <span class='ocrx_word' id='word_1_134' title='bbox 536 1507 714 1563; x_wconf 85' lang='grc' dir='ltr'><strong><em>Φύσιν</em></strong></span> <span class='ocrx_word' id='word_1_135' title='bbox 735 1509 840 1579; x_wconf 79' lang='grc' dir='ltr'><strong><em>γὰρ</em></strong></span> <span class='ocrx_word' id='word_1_136' title='bbox 868 1509 1021 1580; x_wconf 82' lang='grc' dir='ltr'><strong><em>οἶμαί</em></strong></span> <span class='ocrx_word' id='word_1_137' title='bbox 1037 1533 1156 1566; x_wconf 89' lang='grc' dir='ltr'><strong><em>τινα</em></strong></span> <span class='ocrx_word' id='word_1_138' title='bbox 1184 1519 1296 1567; x_wconf 76' lang='grc' dir='ltr'><strong><em>τῶν</em></strong></span> <span class='ocrx_word' id='word_1_139' title='bbox 1326 1512 1595 1581; x_wconf 84' lang='grc' dir='ltr'><strong><em>φυλάκων</em></strong></span> <span class='ocrx_word' id='word_1_140' title='bbox 1616 1519 1706 1583; x_wconf 88' lang='grc' dir='ltr'><strong><em>τῆς</em></strong></span> <span class='ocrx_word' id='word_1_141' title='bbox 1727 1518 1898 1583; x_wconf 81' lang='grc' dir='ltr'><strong><em>ψυχῆς</em></strong></span> 
     </span>
     <span class='ocr_line' id='line_1_19' title="bbox 235 1586 1895 1663; baseline 0.003 -20"><span class='ocrx_word' id='word_1_142' title='bbox 235 1591 491 1660; x_wconf 86' lang='grc' dir='ltr'><strong><em>ἐλέγομεν</em></strong></span> <span class='ocrx_word' id='word_1_143' title='bbox 510 1586 621 1659; x_wconf 81' lang='grc' dir='ltr'><strong><em>ἅμα</em></strong></span> <span class='ocrx_word' id='word_1_144' title='bbox 641 1592 739 1659; x_wconf 78' lang='grc' dir='ltr'><strong><em>μὲν</em></strong></span> <span class='ocrx_word' id='word_1_145' title='bbox 759 1595 1048 1662; x_wconf 79' lang='grc' dir='ltr'><strong><em>θυμοειδῆ,</em></strong></span> <span class='ocrx_word' id='word_1_146' title='bbox 1081 1591 1192 1662; x_wconf 81' lang='grc' dir='ltr'><strong><em>ἅμα</em></strong></span> <span class='ocrx_word' id='word_1_147' title='bbox 1217 1595 1275 1647; x_wconf 81' lang='grc' dir='ltr'><strong><em>δὲ</em></strong></span> <span class='ocrx_word' id='word_1_148' title='bbox 1295 1593 1605 1663; x_wconf 89' lang='grc' dir='ltr'><strong><em>φιλόσοφον</em></strong></span> <span class='ocrx_word' id='word_1_149' title='bbox 1627 1596 1742 1648; x_wconf 91' lang='grc' dir='ltr'><strong><em>δεῖν</em></strong></span> <span class='ocrx_word' id='word_1_150' title='bbox 1764 1592 1895 1648; x_wconf 83' lang='grc' dir='ltr'><strong><em>εἶναι</em></strong></span> 
     </span>
    </p>
   </div>
   <div class='ocr_carea' id='block_1_4' title="bbox 233 1669 1962 1822">
    <p class='ocr_par' dir='ltr' id='par_1_15' title="bbox 233 1669 1962 1822">
     <span class='ocr_line' id='line_1_20' title="bbox 236 1669 1962 1778; baseline 0.003 -52"><span class='ocrx_word' id='word_1_151' title='bbox 236 1670 671 1742; x_wconf 87' lang='grc' dir='ltr'><strong><em>διαφερόντως,’</em></strong></span> <span class='ocrx_word' id='word_1_152' title='bbox 647 1693 737 1726; x_wconf 88' lang='grc' dir='ltr'><strong><em>ινα</em></strong></span> <span class='ocrx_word' id='word_1_153' title='bbox 767 1669 902 1742; x_wconf 84' lang='grc' dir='ltr'><strong><em>πρὸς</em></strong></span> <span class='ocrx_word' id='word_1_154' title='bbox 931 1674 1217 1743; x_wconf 81' lang='grc' dir='ltr'><strong><em>ἑκατέρους</em></strong></span> <span class='ocrx_word' id='word_1_155' title='bbox 1246 1673 1502 1778; x_wconf 86' lang='grc' dir='ltr'><strong><em>δύναιντο</em></strong></span> <span class='ocrx_word' id='word_1_156' title='bbox 1525 1672 1707 1745; x_wconf 87' lang='grc' dir='ltr'><strong><em>ὀρθως</em></strong></span> <span class='ocrx_word' id='word_1_157' title='bbox 1737 1694 1895 1747; x_wconf 90' lang='grc' dir='ltr'><strong><em>πραοι</em></strong></span> <span class='ocrx_word' id='word_1_158' title='bbox 1959 1737 1962 1764; x_wconf 61' lang='lat' dir='ltr'>a</span> 
     </span>
     <span class='ocr_line' id='line_1_21' title="bbox 233 1753 889 1822; baseline 0 -16"><span class='ocrx_word' id='word_1_159' title='bbox 233 1753 323 1807; x_wconf 83' lang='grc' dir='ltr'><strong><em>καὶ</em></strong></span> <span class='ocrx_word' id='word_1_160' title='bbox 341 1755 562 1822; x_wconf 83' lang='grc' dir='ltr'><strong><em>χαλεποὶ</em></strong></span> <span class='ocrx_word' id='word_1_161' title='bbox 583 1757 889 1821; x_wconf 87' lang='grc' dir='ltr'><strong><em>γίγνεσθαι.</em></strong></span> 
     </span>
    </p>
   </div>
   <div class='ocr_carea' id='block_1_5' title="bbox 380 1836 635 1886">
    <p class='ocr_par' dir='ltr' id='par_1_16' title="bbox 380 1836 635 1886">
     <span class='ocr_line' id='line_1_22' title="bbox 380 1836 635 1886; baseline 0 0"><span class='ocrx_word' id='word_1_162' title='bbox 380 1838 469 1886; x_wconf 91' lang='grc' dir='ltr'><strong><em>ΤΙ.</em></strong></span> <span class='ocrx_word' id='word_1_163' title='bbox 510 1836 635 1886; x_wconf 89' lang='grc' dir='ltr'><strong><em>Ναί.</em></strong></span> 
     </span>
    </p>
   </div>
   <div class='ocr_carea' id='block_1_6' title="bbox 171 1909 1962 2872">
    <p class='ocr_par' dir='ltr' id='par_1_17' title="bbox 235 1909 1962 2145">
     <span class='ocr_line' id='line_1_23' title="bbox 375 1909 1962 1988; baseline 0.004 -20"><span class='ocrx_word' id='word_1_164' title='bbox 375 1918 498 1968; x_wconf 70' lang='grc' dir='ltr'><strong><em>ΣΩ.</em></strong></span> <span class='ocrx_word' id='word_1_165' title='bbox 542 1917 609 1967; x_wconf 89' lang='grc' dir='ltr'><strong><em>Τί</em></strong></span> <span class='ocrx_word' id='word_1_166' title='bbox 627 1913 684 1968; x_wconf 91' lang='grc' dir='ltr'><strong><em>δε</em></strong></span> <span class='ocrx_word' id='word_1_167' title='bbox 703 1914 944 1985; x_wconf 82' lang='grc' dir='ltr'><strong><em>τροφήν;</em></strong></span> <span class='ocrx_word' id='word_1_168' title='bbox 979 1909 1068 1983; x_wconf 77' lang='grc' dir='ltr'><strong><em>ἆρ’</em></strong></span> <span class='ocrx_word' id='word_1_169' title='bbox 1093 1913 1160 1968; x_wconf 84' lang='grc' dir='ltr'><strong><em>ού</em></strong></span> <span class='ocrx_word' id='word_1_170' title='bbox 1179 1923 1519 1988; x_wconf 81' lang='grc' dir='ltr'><strong><em>γυμναστικῇ</em></strong></span> <span class='ocrx_word' id='word_1_171' title='bbox 1548 1919 1638 1972; x_wconf 86' lang='grc' dir='ltr'><strong><em>καὶ</em></strong></span> <span class='ocrx_word' id='word_1_172' title='bbox 1666 1924 1902 1988; x_wconf 85' lang='grc' dir='ltr'><strong><em>μουσικῇ</em></strong></span> <span class='ocrx_word' id='word_1_173' title='bbox 1955 1915 1962 1975; x_wconf 58' lang='grc' dir='ltr'><strong><em>4ζ</em></strong></span> 
     </span>
     <span class='ocr_line' id='line_1_24' title="bbox 235 1993 1899 2067; baseline 0.002 -19"><span class='ocrx_word' id='word_1_174' title='bbox 235 1994 522 2065; x_wconf 81' lang='grc' dir='ltr'><strong><em>μαθήμασί</em></strong></span> <span class='ocrx_word' id='word_1_175' title='bbox 538 2015 612 2063; x_wconf 93' lang='grc' dir='ltr'><strong><em>τε,</em></strong></span> <span class='ocrx_word' id='word_1_176' title='bbox 635 1993 738 2057; x_wconf 82' lang='grc' dir='ltr'><strong><em>ὅσα</em></strong></span> <span class='ocrx_word' id='word_1_177' title='bbox 757 1997 1019 2064; x_wconf 85' lang='grc' dir='ltr'><strong><em>προσήκει</em></strong></span> <span class='ocrx_word' id='word_1_178' title='bbox 1037 1995 1266 2064; x_wconf 81' lang='grc' dir='ltr'><strong><em>τούτοις,</em></strong></span> <span class='ocrx_word' id='word_1_179' title='bbox 1286 1999 1347 2052; x_wconf 89' lang='grc' dir='ltr'><strong><em>ἐν</em></strong></span> <span class='ocrx_word' id='word_1_180' title='bbox 1367 1997 1535 2052; x_wconf 78' lang='grc' dir='ltr'><strong><em>ἅπασι</em></strong></span> <span class='ocrx_word' id='word_1_181' title='bbox 1555 1998 1897 2067; x_wconf 68' lang='grc' dir='ltr'><strong><em>τεθράφθαι’</em></strong></span> <span class='ocrx_word' id='word_1_182' title='bbox 1886 2040 1899 2063; x_wconf 88' lang='grc'><strong><em>,</em></strong></span> 
     </span>
     <span class='ocr_line' id='line_1_25' title="bbox 381 2075 930 2145; baseline 0.002 -17"><span class='ocrx_word' id='word_1_183' title='bbox 381 2081 469 2129; x_wconf 94' lang='grc' dir='ltr'><strong><em>ΤΙ.</em></strong></span> <span class='ocrx_word' id='word_1_184' title='bbox 509 2075 674 2129; x_wconf 88' lang='grc' dir='ltr'><strong><em>Πάνυ</em></strong></span> <span class='ocrx_word' id='word_1_185' title='bbox 693 2098 792 2145; x_wconf 90' lang='grc' dir='ltr'><strong><em>μεν</em></strong></span> <span class='ocrx_word' id='word_1_186' title='bbox 812 2079 930 2130; x_wconf 82' lang='grc' dir='ltr'><strong><em>οὐν.</em></strong></span> 
     </span>
    </p>

    <p class='ocr_par' dir='ltr' id='par_1_18' title="bbox 174 2155 1947 2711">
     <span class='ocr_line' id='line_1_26' title="bbox 174 2155 1901 2229; baseline 0.003 -21"><span class='ocrx_word' id='word_1_187' title='bbox 174 2182 203 2221; x_wconf 86' lang='lat' dir='ltr'>B</span> <span class='ocrx_word' id='word_1_188' title='bbox 375 2160 498 2209; x_wconf 69' lang='lat'><strong><em>252.</em></strong></span> <span class='ocrx_word' id='word_1_189' title='bbox 542 2155 684 2220; x_wconf 80' lang='grc' dir='ltr'><strong><em>Τοὺς</em></strong></span> <span class='ocrx_word' id='word_1_190' title='bbox 714 2158 776 2210; x_wconf 87' lang='grc' dir='ltr'><strong><em>δέ</em></strong></span> <span class='ocrx_word' id='word_1_191' title='bbox 800 2177 861 2224; x_wconf 90' lang='grc' dir='ltr'><strong><em>γε</em></strong></span> <span class='ocrx_word' id='word_1_192' title='bbox 893 2155 1037 2210; x_wconf 90' lang='grc' dir='ltr'><strong><em>ούτω</em></strong></span> <span class='ocrx_word' id='word_1_193' title='bbox 1074 2161 1378 2226; x_wconf 84' lang='grc' dir='ltr'><strong><em>τραφέντας</em></strong></span> <span class='ocrx_word' id='word_1_194' title='bbox 1405 2160 1598 2228; x_wconf 83' lang='grc' dir='ltr'><strong><em>ἐλέχθη</em></strong></span> <span class='ocrx_word' id='word_1_195' title='bbox 1630 2179 1737 2212; x_wconf 89' lang='grc' dir='ltr'><strong><em>που</em></strong></span> <span class='ocrx_word' id='word_1_196' title='bbox 1768 2159 1901 2229; x_wconf 84' lang='grc' dir='ltr'><strong><em>μήτε</em></strong></span> 
     </span>
     <span class='ocr_line' id='line_1_27' title="bbox 234 2233 1901 2308; baseline 0.003 -20"><span class='ocrx_word' id='word_1_197' title='bbox 234 2233 442 2304; x_wconf 82' lang='grc' dir='ltr'><strong><em>χρυσὸν</em></strong></span> <span class='ocrx_word' id='word_1_198' title='bbox 468 2234 602 2305; x_wconf 80' lang='grc' dir='ltr'><strong><em>μήτε</em></strong></span> <span class='ocrx_word' id='word_1_199' title='bbox 635 2234 881 2304; x_wconf 86' lang='grc' dir='ltr'><strong><em>άργυρον</em></strong></span> <span class='ocrx_word' id='word_1_200' title='bbox 912 2236 1045 2306; x_wconf 81' lang='grc' dir='ltr'><strong><em>μήτε</em></strong></span> <span class='ocrx_word' id='word_1_201' title='bbox 1078 2236 1211 2292; x_wconf 76' lang='grc' dir='ltr'><strong><em>ἄλλο</em></strong></span> <span class='ocrx_word' id='word_1_202' title='bbox 1233 2237 1361 2292; x_wconf 71' lang='grc' dir='ltr'><strong><em>ποτε</em></strong></span> <span class='ocrx_word' id='word_1_203' title='bbox 1382 2238 1552 2308; x_wconf 74' lang='grc' dir='ltr'><strong><em>μηδὲν</em></strong></span> <span class='ocrx_word' id='word_1_204' title='bbox 1581 2244 1752 2308; x_wconf 84' lang='grc' dir='ltr'><strong><em>κτῆμα</em></strong></span> <span class='ocrx_word' id='word_1_205' title='bbox 1773 2240 1901 2294; x_wconf 81' lang='grc' dir='ltr'><strong><em>ἑαυ-</em></strong></span> 
     </span>
     <span class='ocr_line' id='line_1_28' title="bbox 234 2315 1902 2390; baseline 0.003 -20"><span class='ocrx_word' id='word_1_206' title='bbox 234 2321 347 2370; x_wconf 76' lang='grc' dir='ltr'><strong><em>τω”ν</em></strong></span> <span class='ocrx_word' id='word_1_207' title='bbox 366 2319 769 2386; x_wconf 79' lang='grc' dir='ltr'><strong><em>ἴδιοννομίζειν</em></strong></span> <span class='ocrx_word' id='word_1_208' title='bbox 790 2321 922 2387; x_wconf 84' lang='grc' dir='ltr'><strong><em>δεῖν,</em></strong></span> <span class='ocrx_word' id='word_1_209' title='bbox 946 2315 1068 2372; x_wconf 80' lang='grc' dir='ltr'><strong><em>ἀλλ’</em></strong></span> <span class='ocrx_word' id='word_1_210' title='bbox 1094 2316 1165 2382; x_wconf 82' lang='grc' dir='ltr'><strong><em>ὠς</em></strong></span> <span class='ocrx_word' id='word_1_211' title='bbox 1192 2318 1518 2388; x_wconf 82' lang='grc' dir='ltr'><strong><em>ἐπικούρους</em></strong></span> <span class='ocrx_word' id='word_1_212' title='bbox 1538 2319 1743 2388; x_wconf 86' lang='grc' dir='ltr'><strong><em>μισθὸν</em></strong></span> <span class='ocrx_word' id='word_1_213' title='bbox 1763 2326 1902 2390; x_wconf 87' lang='grc' dir='ltr'><strong><em>λαμ-</em></strong></span> 
     </span>
     <span class='ocr_line' id='line_1_29' title="bbox 234 2394 1947 2471; baseline 0.003 -21"><span class='ocrx_word' id='word_1_214' title='bbox 234 2394 507 2466; x_wconf 84' lang='grc' dir='ltr'><strong><em>βάνοντας</em></strong></span> <span class='ocrx_word' id='word_1_215' title='bbox 526 2402 621 2466; x_wconf 84' lang='grc' dir='ltr'><strong><em>τῆς</em></strong></span> <span class='ocrx_word' id='word_1_216' title='bbox 641 2402 894 2467; x_wconf 83' lang='grc' dir='ltr'><strong><em>φυλακῆς</em></strong></span> <span class='ocrx_word' id='word_1_217' title='bbox 913 2395 1058 2466; x_wconf 75' lang='grc' dir='ltr'><strong><em>παρὰ</em></strong></span> <span class='ocrx_word' id='word_1_218' title='bbox 1081 2405 1192 2454; x_wconf 75' lang='grc' dir='ltr'><strong><em>τῶν</em></strong></span> <span class='ocrx_word' id='word_1_219' title='bbox 1224 2402 1545 2469; x_wconf 78' lang='grc' dir='ltr'><strong><em>σωζομένων</em></strong></span> <span class='ocrx_word' id='word_1_220' title='bbox 1573 2397 1671 2453; x_wconf 76' lang='grc' dir='ltr'><strong><em>ὑπ’</em></strong></span> <span class='ocrx_word' id='word_1_221' title='bbox 1699 2397 1899 2471; x_wconf 81' lang='grc' dir='ltr'><strong><em>αὐτῶν,</em></strong></span> <span class='ocrx_word' id='word_1_222' title='bbox 1943 2434 1947 2454; x_wconf 73' lang='lat'>2</span> 
     </span>
     <span class='ocr_line' id='line_1_30' title="bbox 235 2474 1901 2550; baseline 0.003 -20"><span class='ocrx_word' id='word_1_223' title='bbox 235 2474 364 2539; x_wconf 81' lang='grc' dir='ltr'><strong><em>ὅσος</em></strong></span> <span class='ocrx_word' id='word_1_224' title='bbox 385 2474 633 2546; x_wconf 72' lang='grc' dir='ltr'><strong><em>σώφροσι</em></strong></span> <span class='ocrx_word' id='word_1_225' title='bbox 650 2481 880 2548; x_wconf 87' lang='grc' dir='ltr'><strong><em>μέτριος,</em></strong></span> <span class='ocrx_word' id='word_1_226' title='bbox 904 2476 1219 2533; x_wconf 81' lang='grc' dir='ltr'><strong><em>ἀναλίσκειν</em></strong></span> <span class='ocrx_word' id='word_1_227' title='bbox 1238 2501 1296 2534; x_wconf 93' lang='grc' dir='ltr'><strong><em>τε</em></strong></span> <span class='ocrx_word' id='word_1_228' title='bbox 1325 2479 1388 2549; x_wconf 79' lang='grc' dir='ltr'><strong><em>δὴ</em></strong></span> <span class='ocrx_word' id='word_1_229' title='bbox 1415 2486 1573 2550; x_wconf 81' lang='grc' dir='ltr'><strong><em>κοινῇ</em></strong></span> <span class='ocrx_word' id='word_1_230' title='bbox 1607 2482 1695 2535; x_wconf 87' lang='grc' dir='ltr'><strong><em>καὶ</em></strong></span> <span class='ocrx_word' id='word_1_231' title='bbox 1715 2484 1901 2546; x_wconf 84' lang='grc' dir='ltr'><strong><em>ξυνδι-</em></strong></span> 
     </span>
     <span class='ocr_line' id='line_1_31' title="bbox 236 2556 1902 2631; baseline 0.004 -21"><span class='ocrx_word' id='word_1_232' title='bbox 236 2559 571 2626; x_wconf 90' lang='grc' dir='ltr'><strong><em>αιτωμένους</em></strong></span> <span class='ocrx_word' id='word_1_233' title='bbox 585 2558 717 2627; x_wconf 76' lang='grc' dir='ltr'><strong><em>μετα</em></strong></span> <span class='ocrx_word' id='word_1_234' title='bbox 739 2556 992 2628; x_wconf 73' lang='grc' dir='ltr'><strong><em>ἀλλήλων</em></strong></span> <span class='ocrx_word' id='word_1_235' title='bbox 1012 2563 1124 2629; x_wconf 80' lang='grc' dir='ltr'><strong><em>ζῇν,</em></strong></span> <span class='ocrx_word' id='word_1_236' title='bbox 1145 2562 1453 2630; x_wconf 89' lang='grc' dir='ltr'><strong><em>ἐπιμέλειαν</em></strong></span> <span class='ocrx_word' id='word_1_237' title='bbox 1472 2564 1690 2629; x_wconf 80' lang='grc' dir='ltr'><strong><em>ἔχοντας</em></strong></span> <span class='ocrx_word' id='word_1_238' title='bbox 1711 2558 1902 2631; x_wconf 76' lang='grc' dir='ltr'><strong><em>ἀρετῆς</em></strong></span> 
     </span>
     <span class='ocr_line' id='line_1_32' title="bbox 235 2635 1863 2711; baseline 0.003 -21"><span class='ocrx_word' id='word_1_239' title='bbox 235 2635 323 2690; x_wconf 78' lang='grc' dir='ltr'><strong><em>διὰ</em></strong></span> <span class='ocrx_word' id='word_1_240' title='bbox 342 2637 562 2706; x_wconf 89' lang='grc' dir='ltr'><strong><em>παντός,</em></strong></span> <span class='ocrx_word' id='word_1_241' title='bbox 594 2643 705 2692; x_wconf 82' lang='grc' dir='ltr'><strong><em>τῶν</em></strong></span> <span class='ocrx_word' id='word_1_242' title='bbox 724 2637 906 2693; x_wconf 77' lang='grc' dir='ltr'><strong><em>ἄλλων</em></strong></span> <span class='ocrx_word' id='word_1_243' title='bbox 926 2641 1369 2710; x_wconf 77' lang='grc' dir='ltr'><strong><em>ἐπιτηδευμάτων</em></strong></span> <span class='ocrx_word' id='word_1_244' title='bbox 1390 2640 1623 2710; x_wconf 78' lang='grc' dir='ltr'><strong><em>ἄγοντας</em></strong></span> <span class='ocrx_word' id='word_1_245' title='bbox 1650 2641 1863 2711; x_wconf 86' lang='grc' dir='ltr'><strong><em>σχολήν.</em></strong></span> 
     </span>
    </p>

    <p class='ocr_par' dir='ltr' id='par_1_19' title="bbox 171 2715 1936 2872">
     <span class='ocr_line' id='line_1_33' title="bbox 380 2715 1235 2791; baseline 0.005 -21"><span class='ocrx_word' id='word_1_246' title='bbox 380 2722 468 2771; x_wconf 92' lang='grc' dir='ltr'><strong><em>ΤΙ.</em></strong></span> <span class='ocrx_word' id='word_1_247' title='bbox 512 2715 733 2788; x_wconf 86' lang='grc' dir='ltr'><strong><em>Ἐλέχθη</em></strong></span> <span class='ocrx_word' id='word_1_248' title='bbox 752 2720 842 2774; x_wconf 84' lang='grc' dir='ltr'><strong><em>καὶ</em></strong></span> <span class='ocrx_word' id='word_1_249' title='bbox 861 2725 1033 2774; x_wconf 81' lang='grc' dir='ltr'><strong><em>ταῦτα</em></strong></span> <span class='ocrx_word' id='word_1_250' title='bbox 1051 2720 1235 2791; x_wconf 85' lang='grc' dir='ltr'><strong><em>ταύτῃ.</em></strong></span> 
     </span>
     <span class='ocr_line' id='line_1_34' title="bbox 171 2799 1936 2872; baseline 0.005 -23"><span class='ocrx_word' id='word_1_251' title='bbox 171 2818 201 2858; x_wconf 84' lang='lat' dir='ltr'>c</span> <span class='ocrx_word' id='word_1_252' title='bbox 375 2803 494 2851; x_wconf 77' lang='grc' dir='ltr'><strong><em>ΣΩ.</em></strong></span> <span class='ocrx_word' id='word_1_253' title='bbox 536 2801 642 2853; x_wconf 85' lang='grc' dir='ltr'><strong><em>Καὶ</em></strong></span> <span class='ocrx_word' id='word_1_254' title='bbox 662 2799 763 2868; x_wconf 75' lang='grc' dir='ltr'><strong><em>μὲν</em></strong></span> <span class='ocrx_word' id='word_1_255' title='bbox 792 2800 856 2870; x_wconf 78' lang='grc' dir='ltr'><strong><em>δὴ</em></strong></span> <span class='ocrx_word' id='word_1_256' title='bbox 879 2803 970 2856; x_wconf 84' lang='grc' dir='ltr'><strong><em>καὶ</em></strong></span> <span class='ocrx_word' id='word_1_257' title='bbox 998 2803 1119 2869; x_wconf 83' lang='grc' dir='ltr'><strong><em>περὶ</em></strong></span> <span class='ocrx_word' id='word_1_258' title='bbox 1146 2807 1430 2870; x_wconf 72' lang='grc' dir='ltr'><strong><em>γυναικῶν</em></strong></span> <span class='ocrx_word' id='word_1_259' title='bbox 1455 2801 1895 2872; x_wconf 74' lang='grc' dir='ltr'><strong><em>ἐπεμνήσθημεν,</em></strong></span> <span class='ocrx_word' id='word_1_260' title='bbox 1933 2833 1936 2835; x_wconf 60' lang='grc'><strong><em>’</em></strong></span> 
     </span>
    </p>
   </div>
   <div class='ocr_carea' id='block_1_7' title="bbox 1930 1825 1962 3101">
    <p class='ocr_par' dir='ltr' id='par_1_20' title="bbox 1930 1825 1962 3101">
     <span class='ocr_line' id='line_1_35' title="bbox 1930 1825 1962 3101; baseline 0 0"><span class='ocrx_word' id='word_1_261' title='bbox 1930 1825 1962 3101; x_wconf 95' lang='lat' dir='ltr'><strong><em> </em></strong></span> 
     </span>
    </p>
   </div>
  </div>
 </body>
</html>
