1962 3236
215 154 321 206 334
826 152 1302 201 ΠΛΑΤΩΝΟΣ
1839 161 1894 204 16

217 284 271 342 δ’
291 284 446 350 ἐκτὸς
465 282 544 340 ὢν
563 283 741 339 πάντα
761 281 792 337 ὅ
813 304 864 336 τι
879 281 1111 351 μάλιστα
1130 284 1394 352 γενέσθαι
1414 283 1693 355 ἐβουλήθη
1715 305 1862 353 παρα

185 366 187 368 ’
216 367 422 438 πλήσια
458 368 658 439 ἑαυτῷ·
694 363 903 433 ταύτην
939 361 999 416 δὲ
1026 365 1292 431 γενέσεως
1320 365 1413 418 καὶ
1441 364 1656 435 κόσμου
1685 364 1891 436 μάλιστ’

216 449 288 504 ἅν
307 471 386 512 τις
405 445 580 518 ἀρχὴν
598 444 946 515 κυριωτάτην
964 442 1097 511 παρ’
1125 441 1350 511 ἀνδρῶν
1374 452 1665 516 φρονίμων
1691 447 1896 502 ἀποδε-

135 541 193 586 30
219 532 451 603 χόμενος
466 526 744 596 ὀρθότατα
771 523 1080 596 ἀποδέχοιτ’
1110 525 1195 580 ἅν.
1233 531 1533 598 βουληθεὶς
1554 527 1663 599 γάρ
1701 527 1730 584 6
1762 527 1898 593 θεὸς

216 610 403 682 ἀγαθὰ
422 610 526 681 μὲν
543 608 740 678 πάντα,
762 615 1018 707 φλαῦρον
1038 607 1096 663 δὲ
1124 608 1297 678 μηδεν
1317 607 1458 663 εἶναι
1477 610 1615 665 κατὰ
1636 612 1894 681 δύναμιν,

216 693 363 749 οὕτω
396 692 463 762 δὴ
496 696 608 745 πᾶν
636 687 775 744 ὅσον
802 691 875 758 ἦν
912 687 1118 757 ὁρατὸν
1158 689 1498 760 παραλαβών
1529 690 1631 761 οὐχ
1662 690 1898 762 ἡσυχίαν

216 774 357 844 άγον
377 770 517 828 ἀλλά
534 770 867 841 κινούμενον
887 776 1215 840 πλημμελως
1235 772 1326 826 καὶ
1352 770 1615 843 ἀτάκτως,
1639 777 1714 836 είς
1741 774 1895 837 τάξιν

216 853 351 911 αὐτὸ
384 855 591 925 ἤγαγεν
623 856 683 908 ἐκ
721 858 814 922 τῆς
844 849 1097 949 ἀταξίαςζ
1116 849 1463 921 ἡγησάμενος
1491 856 1665 908 έκεῖνο
1694 854 1897 909 τούτου

217 938 439 1001 πάντως
467 935 710 1006 ἄμεινον.
750 937 909 1002 θέμις
939 935 997 987 δὲ
1026 931 1147 987 οὔτ’
1179 927 1253 1002 ἦν
1289 931 1407 987 οὔτ’
1451 939 1588 1018 ἔστιυ
1597 940 1674 1008 τῷ
1694 933 1895 1006 ἀρίστῳ

218 1024 361 1092 δρᾷν
379 1017 514 1072 άλλο
535 1014 680 1086 πλὴν
697 1014 758 1070 τὸ
786 1014 1105 1068 κάλλιστον·
1140 1013 1498 1083 λογισάμενος
1518 1008 1624 1069 οὖν
1643 1013 1898 1085 εὕρισκεν

158 1119 190 1162 Β
224 1103 287 1156 ἐκ
305 1107 419 1155 τῶν
442 1097 579 1154 κατὰ
601 1098 775 1168 φύσιν
794 1093 1010 1165 ὁρατῶν
1029 1094 1238 1151 οὐδεν’
1205 1095 1446 1167 ανόητον
1465 1102 1566 1151 τοῦ
1585 1103 1723 1152 νοῦν
1742 1101 1897 1166 ἔχον-

217 1204 310 1245 τος
345 1178 479 1236 ὅλον
513 1178 651 1234 ὅλου
679 1179 909 1234 κάλλιον
939 1183 1170 1233 ἔσεσθαί
1193 1198 1323 1232 ποτε
1352 1182 1534 1247 ἔργον,
1569 1184 1712 1232 νοῦν
1741 1176 1792 1231 δ’
1824 1171 1897 1231 αἶ’

219 1264 382 1333 χωρὶς
407 1267 584 1331 ψυχῆς
603 1259 886 1315 ἀδύνατον
906 1261 1319 1328 παραγενέσθαι
1338 1281 1429 1332 τω.
1474 1260 1563 1314 διά
1586 1259 1651 1330 δὴ
1682 1259 1781 1315 τὸν
1799 1266 1897 1314 λο-

218 1341 421 1414 γισμόν
436 1341 599 1396 τόνδε
617 1347 758 1395 νοῦν
777 1363 878 1410 μεν
899 1343 961 1395 έν
979 1347 1143 1412 ψυχῇ,
1165 1339 1349 1410 ψυχὴν
1369 1341 1476 1395 δε’
1449 1362 1511 1395 εν
1534 1341 1745 1410 σώματι
1765 1344 1898 1405 ξυν-

220 1422 373 1488 ιστάς
411 1423 471 1479 τὸ
500 1428 613 1477 πᾶν
654 1426 1111 1491 ξυνετεκταίνετο,
1152 1421 1301 1486 ὅπως
1337 1421 1369 1476 ὅ
1403 1444 1455 1476 τι
1483 1422 1778 1477 κάλλιστον
1813 1430 1896 1492 εἴη

219 1502 356 1561 κατὰ
377 1504 551 1574 φύσιν
578 1503 810 1570 ἄριστόν
830 1524 888 1557 τε
908 1508 1073 1571 ἔργον
1096 1499 1542 1573 ἀπειργασμένος.
1598 1502 1774 1568 οὕτως
1793 1506 1898 1558 οὐν

220 1587 289 1655 δὴ
322 1583 459 1640 κατὰ
494 1583 664 1653 λόγον
698 1582 798 1638 τὸν
835 1582 1018 1638 εἰκότα
1041 1587 1127 1637 δεῖ
1148 1586 1344 1654 λέγειν,
1369 1583 1530 1640 τόνδε
1563 1581 1663 1639 τόν
1685 1585 1899 1655 κόσμον

220 1672 362 1733 ζῶον
382 1672 630 1736 ἔμψυχον
647 1669 850 1720 ἔννουν
868 1686 926 1719 τε
945 1670 1011 1735 τῇ
1030 1663 1264 1737 ἀληθείᾳ
1283 1662 1374 1719 διά
1403 1663 1507 1735 τὴν
1525 1671 1627 1720 τοῦ
1643 1674 1787 1721 θεοῦ
1804 1688 1896 1736 γε-

168 1761 199 1803 C
219 1749 420 1804 νέσθαι
455 1746 756 1814 πρόνοιαν·
787 1746 991 1801 τούτου
1020 1746 1073 1800 δ’
1105 1744 1449 1816 ὑπάρχοντος
1482 1739 1556 1800 αὖ
1588 1745 1654 1801 τὰ
1685 1748 1898 1811 τούτοις

219 1831 415 1900 ἐφεξῆς
433 1824 565 1898 ἡμῖν
583 1830 821 1896 λεκτέον,
843 1832 951 1881 τίνι
980 1834 1092 1881 τῶν
1119 1827 1274 1892 ζώων
1300 1825 1475 1882 αὐτὸν
1505 1832 1580 1891 εἰς
1605 1826 1897 1898 ὁμοιότητα

219 1909 248 1966 6
272 1907 527 1976 ξυνιστὰς
547 1910 856 1978 ξυνέστησε.
892 1914 1006 1963 τῶν
1023 1909 1124 1978 μὲν
1142 1903 1248 1964 οὖν
1268 1913 1328 1963 έν
1344 1911 1546 1979 μέρους
1565 1913 1696 1964 εῖδει
1715 1930 1898 1979 πεφυ-θ

220 1992 404 2047 κότων
440 1991 635 2061 μηδενὶ
671 1989 1123 2059 καταξιώσωμεν·
1163 1989 1347 2044 ἀτελεῖ
1368 1989 1475 2059 γάρ
1511 1988 1689 2053 ἐοικὸς
1730 1988 1898 2044 οὐδέν

221 2070 347 2128 ποτ’
370 2071 441 2126 ἀν
459 2073 675 2141 γένοιτο
695 2070 891 2126 καλόν·
930 2063 1000 2124 οὗ
1020 2069 1073 2124 δ’
1097 2075 1209 2125 ἔστι
1227 2064 1398 2124 τάλλα
1426 2075 1535 2134 ζῶα
1565 2067 1700 2124 καθ’
1726 2072 1786 2124 ἓν
1806 2072 1898 2124 καὶ

222 2153 360 2210 κατὰ
381 2156 514 2223 γένη
543 2151 727 2222 μόρια,
746 2152 926 2223 τούτῳ
957 2151 1185 2205 πάντων
1215 2150 1544 2226 ὁμοιότατον
1564 2149 1737 2206 αὐτὸν
1757 2150 1897 2206 εἶναι

220 2241 482 2304 τιθῶμεν.
531 2231 597 2286 τὰ
633 2231 739 2300 γάρ
768 2229 833 2301 δὴ
865 2228 1035 2300 νοητά
1063 2236 1170 2298 ζῶα
1195 2231 1386 2287 ’πάντα
1415 2235 1588 2288 έκεῖνο
1627 2235 1688 2287 ἐν
1721 2234 1899 2303 ἑαυτῷ

220 2312 521 2385 περιλαβὸν
547 2318 671 2383 ἔχει,
692 2311 950 2380 καθάπερ
971 2309 1066 2366 ὅδε
1084 2310 1114 2366 6
1145 2310 1348 2382 κόσμος
1374 2310 1518 2382 ἡμᾶς
1537 2313 1640 2366 ὅσα
1673 2333 1731 2366 τε
1759 2311 1898 2366 ἄλλα

162 2415 198 2456 D
223 2399 511 2467 θρέμματα
531 2395 861 2464 ξυνέστηκεν
879 2391 1066 2460 ὁρατά.
1085 2399 1160 2463 τῷ
1172 2391 1279 2463 γάρ
1296 2399 1409 2448 τῶν
1424 2397 1745 2463 νοουμένων
1763 2399 1899 2447 καλ-

221 2483 386 2553 λίστῳ
405 2480 496 2533 καὶ
513 2476 652 2532 κατὰ
671 2474 853 2530 πάντα
868 2476 1032 2548 τελέω
1051 2473 1285 2544 μάλιστα
1305 2473 1479 2530 αὐτὸν
1497 2472 1525 2529 6
1547 2473 1682 2538 θεὸς
1694 2473 1898 2544 ὁμοιῶ-

225 2578 317 2617 σαι
339 2561 638 2632 βουληθεὶς
667 2562 808 2623 ζῶον
836 2559 898 2611 ἓν
934 2553 1153 2628 ὁρατόν,
1192 2556 1372 2612 πάνθ’
1411 2554 1514 2612 ὅσα
1551 2555 1726 2610 αὐτοῦ
1759 2553 1895 2610 κατὰ

139 2659 194 2703 31
225 2641 401 2713 φύσιν
421 2645 657 2710 ξυγγενῆ
677 2643 784 2704 ζῶα
804 2636 958 2702 ε’ντὸς
978 2643 1103 2708 ἕχον
1121 2638 1337 2708 ἑαυτοῦ,
1370 2640 1678 2707 ξυνέστησε.
1731 2634 1880 2689 πότε-

224 2746 326 2793 ρον
356 2716 460 2778 οὖν
492 2721 680 2792 ὀρθῶς
709 2721 807 2775 ἕνα
838 2719 1086 2788 οὐρανὸν
1111 2718 1563 2789 προσειρήκαμεν,
1592 2713 1631 2786 ἦ
1656 2713 1896 2780 πολλοῦς

221 2806 311 2859 καὶ
348 2802 611 2871 ἀπείρους
648 2805 828 2871 λέγειν
851 2796 922 2872 ἦν
953 2801 1283 2872 ὀρθότερον;
1317 2802 1432 2870 ἕνα,
1470 2807 1622 2866 εἴπερ
1657 2795 1794 2852 κατὰ
1830 2814 1882 2851 το
