1962 3236
637 157 1127 206 ΠΟΛΙΤΕΙΑΣ
1151 148 1206 214 ς’.
1668 151 1768 204 195

74 292 218 350 καλὰ
255 293 450 348 πολλοὶ
485 286 558 347 ἄν
597 292 809 346 ἕλοιντο
849 288 914 345 τὰ
949 293 1243 359 δοκοῦντα,
1279 284 1388 345 κᾶν
1420 288 1495 361 μὴ
1525 282 1580 360 ᾗ,
1622 287 1771 359 ὅμως
1856 286 1858 288 μ

20 423 23 427 .
77 381 252 430 ταῦτα
273 371 535 442 πράττειν
554 373 646 428 καὶ
666 377 971 442 κεκτῆσθαι
1002 372 1093 426 καὶ
1122 374 1324 441 δοκεῖν,
1357 369 1547 442 ἀγαθὰ
1579 370 1638 426 δὲ
1670 368 1773 424 οὐ·

75 460 191 512 δενὶ
204 460 283 512 ἔτι
302 453 462 523 ἀρκεῖ
477 454 543 509 τὰ
564 458 841 510 δοκοῦντα
860 460 1119 524 κτᾶσθαι,
1133 451 1273 509 ἀλλὰ
1292 451 1359 509 τὰ
1382 453 1517 509 ὄντα
1532 456 1769 523 ζητοῦσι,

75 537 181 609 τήν
201 538 260 594 δὲ
282 538 454 603 δόξαν
472 540 721 592 ἐνταῦθα
739 534 846 605 ἤδη
867 541 974 599 πᾶς
993 532 1266 606 ἀτιμάζει;
1302 538 1409 592 Καὶ
1441 535 1603 606 μάλα,
1647 538 1768 604 ἔφη.

61 619 127 676 Ὃ
158 618 225 690 δὴ
265 620 454 674 διῶκει
487 618 589 688 μὲν
625 615 813 672 ἅπασα
847 618 993 686 ψυχὴ
1032 619 1125 672 καὶ
1160 616 1366 672 τούτου
1397 618 1559 672 ἕνεκα
1593 614 1774 671 πάντα
1807 629 1838 669 E

75 702 317 771 πράττει,
339 699 834 771 ἀπομαντευομένη
865 703 916 754 τὶ
945 698 1104 770 εἶναι,
1137 698 1428 771 ἀποροῦσα
1459 699 1518 755 δὲ
1547 700 1639 754 καὶ
1669 695 1773 753 οὐκ

76 791 277 857 ἔχουσα
301 786 532 855 λαβεῖν
508 788 714 846 ικανῶς
732 787 787 837 τί
802 778 916 836 ποτ’
944 782 1091 836 ἐστὶν
1111 778 1244 836 οὐδὲ
1262 787 1440 837 πίστει
1459 779 1775 852 χρήσασθαι

78 871 313 940 μονιμςο,
335 868 425 920 οἵα
442 866 533 920 καὶ
554 866 678 933 περὶ
701 857 892 932 τᾶλλα,
914 861 1006 918 διὰ
1026 869 1189 918 τοῦτο
1214 864 1272 918 δὲ
1292 860 1664 933 ἀποτυγχάνει
1680 862 1775 917 καὶ

74 955 187 1003 τῶν
207 947 399 1003 αλλων
424 954 477 1001 ει
489 968 541 1000 τι
562 944 765 1014 ὄφελος
790 939 881 1016 ἦν,
917 946 1042 1014 περὶ
1075 942 1141 1015 δὴ
1174 944 1235 1000 τὸ
1268 950 1528 1000 τοιοῦτον
1558 945 1650 1000 καὶ
1678 964 1774 998 το-

73 1037 280 1086 σοῦτον
310 1029 457 1085 οὕτω
488 1036 685 1099 φῶμεν
714 1032 831 1085 δεῖν
871 1030 1220 1084 ἐσκοτῶσθαι
1245 1030 1335 1083 καὶ
1366 1029 1612 1090 ἐκείνους
1641 1023 1773 1090 τοὺς
1802 1044 1889 1090 505

70 1119 387 1186 βελτίστους
406 1115 466 1166 ἐν
485 1118 552 1182 τῇ
580 1111 753 1179 πόλει,
777 1107 858 1175 οἷς
887 1131 1066 1166 παντα
1096 1113 1500 1182 ἐγχειριοῦμεν;
1534 1107 1771 1164 Ήκιστά

70 1191 148 1264 γ’,
169 1198 290 1264 ἔφη
334 1192 497 1263 Οἶμαι
526 1199 687 1262 γοῦν,
725 1192 900 1261 εἷπον,
932 1191 1117 1247 δίκαια
1145 1213 1203 1246 τε
1231 1194 1324 1246 καὶ
1354 1191 1495 1246 καλοὶ
1527 1190 1771 1262 ἀγνοού-

70 1296 228 1346 μενα,
250 1273 359 1347 ὅπῃ
379 1275 510 1330 ποτὲ
530 1271 721 1344 ἀγαθά
750 1276 917 1344 ἐστιν,
945 1271 1014 1328 οὐ
1048 1278 1263 1327 πολλοῦ
1291 1271 1442 1336 τινὸς
1469 1271 1627 1338 α’ξιον
1656 1271 1773 1343 φύ-

71 1363 212 1411 λακα
241 1362 548 1427 κεκτῆσθαι
575 1377 647 1410 αν
681 1355 897 1410 ἑαυτῶν
925 1352 1027 1410 τὸν
1058 1360 1223 1408 τοῦτο
1262 1351 1595 1424 ἀγνοοῦντα,
1630 1375 1773 1423 μαν-

73 1438 301 1508 τεύομαι
339 1439 398 1494 δὲ
433 1441 644 1508 μηδένα
682 1435 824 1493 αὐτοὶ
862 1437 1137 1507 πρότερον
1175 1435 1500 1507 γνώσεσθαι
1548 1440 1766 1501 ἱκανῶς.

73 1525 274 1583 Καλῶς
293 1518 421 1588 γάρ,
442 1523 567 1589 ἔφη,
587 1517 864 1589 μαντεύει.
917 1516 1148 1574 Οὐκοῦν
1174 1515 1307 1589 ἡμῖν
1339 1516 1372 1589 ἡ
1403 1523 1650 1574 πολιτεία
1678 1539 1770 1573 τε-

71 1605 209 1666 λέως
228 1600 644 1671 κεκοσμήσεται,
662 1598 762 1655 ἐὰν
780 1598 809 1655 ὁ
829 1607 1079 1664 τοιοῦτος
1090 1598 1268 1669 αὐτὴν
1279 1602 1550 1673 ἐπισκοπῇ
1570 1600 1771 1671 φύλαξ,
1804 1617 1836 1657 Β

74 1679 103 1738 ὁ
134 1681 351 1737 τούτων
369 1682 713 1753 ἐπιστήμων;
824 1727 830 1733 .

212 1767 389 1820 xvlu.
426 1762 681 1835 Ἀνάγκη,
703 1768 826 1834 ἔφη.
848 1760 989 1819 ἀλλὰ
1013 1762 1084 1818 σύ
1106 1764 1191 1834 δή,
1214 1756 1259 1818 ὦ
1277 1762 1589 1833 Σώκρατες,
1603 1764 1771 1820 πότε-

75 1866 178 1915 ρον
200 1846 504 1917 ἐπιστήμην
526 1845 586 1902 τό
610 1843 833 1916 ἀγαθὸν
853 1844 963 1917 φῂς
983 1844 1122 1901 εἶναι
1151 1841 1189 1943 η’
1219 1841 1456 1916 ἡδονήν,
1491 1842 1528 1916 ἢ
1551 1845 1688 1902 ἄλλο
1718 1868 1770 1902 τι

73 1927 223 1997 παρὰ
254 1933 456 1993 ταῦτα;
497 1922 696 1998 Οὗτος,
730 1922 803 1999 ἦν
835 1927 883 1983 δ’
918 1929 1044 1999 ε’γιό,
1079 1926 1242 2023 ἀνήρ,
1283 1934 1464 1992 καλῶς
1493 1922 1648 1998 ἦσθα
1675 1930 1771 1986 καὶ

70 2010 239 2065 πάλαι
274 2009 596 2080 καταφανὴς
625 2009 710 2064 ὅτι
751 2026 840 2065 σοι
879 2008 982 2065 οὐκ
1021 2007 1324 2079 ἀποχρήσοι
1349 2011 1410 2065 τὸ
1443 2022 1554 2075 τοῖς
1584 2009 1770 2076 ἄλλοις

75 2094 285 2147 δοκοῦν
303 2091 429 2160 περὶ
449 2087 651 2146 αὐτῶν.
692 2089 843 2146 Οὐδὲ
876 2090 984 2163 γὰρ
1015 2089 1231 2146 δίκαιόν
1260 2113 1371 2162 μοι,
1403 2095 1528 2162 ἔφη,
1562 2085 1608 2147 ὦ
1635 2092 1766 2149 Σῶ-

70 2194 300 2270 κρατες,
306 2178 561 2243 φαίνεται
580 2172 646 2228 τοὶ
665 2179 779 2228 τῶν
799 2171 987 2228 ἄλλων
1005 2171 1107 2243 μὲν
1126 2178 1269 2244 ἔχειν
1299 2178 1472 2229 εἰπεῖν
1503 2173 1767 2245 δόγματα,

69 2253 133 2312 τὸ
157 2252 208 2311 δ’
233 2251 410 2309 αὑτοῦ
426 2254 519 2325 μή,
534 2262 804 2311 τοσοῦτον
820 2255 1025 2326 χρόνον
1043 2257 1169 2323 περὶ
1188 2262 1362 2311 ταῦτα
1374 2257 1770 2327 πραγματευό-

72 2357 260 2408 μενον.
304 2341 374 2391 Τί
400 2339 518 2401 δαί,
554 2330 627 2407 ἦν
655 2336 708 2391 δ’
743 2337 875 2407 ἐγώ·
913 2341 1069 2393 δοκεῖ
1093 2351 1182 2394 σοι
1211 2341 1429 2393 δικαιον
1467 2337 1606 2394 εἶναι
1639 2340 1766 2412 περὶ
1797 2351 1830 2395 G

75 2411 157 2474 τόν
177 2439 255 2482 τις
273 2415 346 2513 μὴ
367 2415 480 2472 οἶδε
501 2415 738 2488 λέγειν
702 2441 775 2483 ως
797 2418 1008 2483 εἰδότας
1049 2417 1323 2490 Οὐδαμῶς
1343 2421 1419 2490 γ’,
1442 2425 1566 2492 ἔφη,
1591 2418 1665 2486 ῶς
1685 2427 1765 2478 εί-

73 2501 226 2566 δότα,
250 2496 323 2562 ὥς
343 2501 530 2569 μέντοι
561 2498 821 2569 οἰόμενον
847 2499 1020 2557 ταῦθ’
1056 2498 1092 2556 ἂ
1122 2510 1295 2558 οἴεται
1323 2505 1541 2558 ἐθέλειν
1566 2506 1763 2573 λέγειν.

78 2586 149 2637 Τι’
168 2584 256 2646 δε’;
277 2579 433 2635 εἷπον
451 2602 461 2611 ·
502 2577 605 2636 οὐκ
627 2578 874 2652 ᾔσθησαι
893 2580 989 2647 τὰς
1007 2582 1147 2638 ἄνευ
1165 2582 1464 2654 ἐπιστήμης
1487 2582 1664 2655 δόξας,
1689 2581 1766 2650 ῶς

68 2669 243 2720 πᾶσαι
263 2667 484 2733 αἰσχραί
495 2688 509 2728 ;
548 2655 628 2718 ῶν
649 2667 711 2718 αἱ
722 2667 995 2734 βέλτισται
1013 2670 1239 2735 τυφλαί·
1279 2661 1318 2737 ἢ
1338 2668 1573 2722 δοκοῦσί
1595 2671 1651 2722 τί
1677 2683 1766 2724 σοι

71 2751 303 2814 τυφλῶν
321 2749 607 2816 διαφέρειν
626 2744 764 2802 ὁδὸν
785 2743 974 2816 ὀρθῶς
992 2748 1390 2817 πορευομένων
1417 2748 1476 2803 οἰ
1500 2746 1638 2804 ἄνευ
1655 2753 1763 2804 νοῦ

69 2823 275 2899 ἀληθές
302 2850 354 2883 τι
385 2828 731 2895 δοξάζοντες;
775 2827 974 2899 Οὐδέν,
1007 2834 1129 2900 ἔφη.
1187 2827 1390 2886 Βούλει
1420 2822 1528 2954 (ἕξιν
1561 2829 1761 2902 αἰσχροὶ

1410 2914 1423 2955 1
