1962 3236
34 0 58 109 ἶ

76 94 159 137 121
780 77 912 130 ενι
934 76 1140 125 maz.
1535 40 1538 43 “
1655 71 1762 123 439

75 238 240 286 τερον
258 217 660 286 παραβεβηκώς
685 217 787 281 εἴη,
806 208 870 265 τό
902 230 960 265 τε
988 200 1063 263 αὖ
1090 228 1223 279 μετα
1252 213 1417 263 τοῦτο
1446 208 1620 279 μηδὲν
1651 213 1764 264 τῶν

76 297 416 370 γραμμάτων
436 293 656 358 ἑκόντες
683 291 1128 362 παραβήσεσθαι,
1144 290 1283 362 μηδὲ
1300 289 1487 362 ἄρξειν
1505 293 1643 362 μηδὲ
1662 291 1766 360 ἅρ-

79 402 231 451 χοντι
251 382 541 433 πείσεσθαι
557 372 706 446 πλὴν
726 377 865 430 κατὰ
894 376 1027 438 τοὺς
1054 379 1155 429 τοῦ
1184 372 1388 444 πατρὸς
1418 374 1757 431 ἐπιτάττοντι
1788 381 1820 422 Β

80 460 302 530 νόμους.
343 462 516 513 ταῦτα
545 459 910 527 ἐπευξαμενος
928 456 1156 520 ἕκαστος
1175 453 1362 511 αὐτῶν
1390 453 1545 531 αὐτῷ
1569 459 1660 512 καὶ
1690 465 1766 527 τῷ

79 540 172 610 ἀφ’
212 537 387 595 αὑτοῦ
423 544 588 610 γένει,
627 539 773 592 πιων
808 538 898 592 καὶ
934 535 1166 602 ἀναθεὶς
1208 537 1311 608 τὴν
1346 538 1556 611 φιάλην
1589 542 1665 603 εἰς
1704 540 1766 594 τὸ

80 620 231 689 ἱερὸν
251 628 353 676 τοῦ
373 626 534 691 θεοῦ,
556 616 759 688 περὶτὰ
782 621 1009 672 δεῖπνον
1029 620 1121 673 καὶ
1139 617 1443 689 τάναγκαῖα
1464 623 1767 691 διατρίψας,

81 701 266 774 ἐπειδὴ
287 708 531 774 γίγνοιτο
552 700 747 763 σκότος
766 701 856 754 καὶ
883 699 944 754 τὸ
968 704 1082 769 πῦρ
1113 701 1428 771 ἐψυγμένον
1457 701 1519 756 τὸ
1550 702 1675 773 περὶ
1703 700 1771 757 τὰ

83 785 308 854 θύματα
333 791 436 854 εἴη,
468 783 670 847 πάντες
691 779 869 846 οὕτως
887 781 1148 846 ἐνδύντες
1169 780 1202 836 ὅ
1223 805 1274 837 τι
1305 788 1602 854 καλλίστην
1629 805 1773 839 κυα-

81 871 189 936 νῆν
207 865 429 936 στολήν,
453 866 540 920 ἐπὶ
560 864 625 919 τὰ
646 869 758 919 τῶν
777 860 1139 933 ὁρκωμοσίων
1156 863 1411 934 καύματα
1428 866 1594 934 χαμαὶ
1614 870 1772 921 καθί-

83 953 282 1016 ζοντες,
299 946 538 1017 νύκτωρ,
561 951 675 1002 πᾶν
693 945 753 1002 τὸ
775 947 900 1016 περὶ
919 945 979 1001 τὸ
1001 946 1156 1016 ἱερὸν
1174 945 1620 1018 άποσβεννύντες
1638 952 1773 1018 πῦρ,

84 1029 399 1095 ἐδικάζοντό
418 1050 476 1084 τε
494 1030 586 1084 καὶ
615 1031 879 1098 ἐδίκαζον,
910 1036 965 1083 εἴ
992 1032 1072 1092 τίς
1103 1050 1153 1082 τι
1184 1034 1552 1099 παραβαίνειν
1580 1027 1771 1084 αὐτῶν
1798 1037 1829 1078 C

87 1111 308 1184 αἰτιῷτό
335 1132 483 1166 τινα·
517 1111 840 1175 δικάσαντες
870 1111 928 1166 δὲ
957 1109 1021 1165 τοὶ
1052 1114 1404 1182 δικασθέντα,
1435 1109 1620 1183 ἐπειδὴ
1654 1118 1775 1182 φῶς

84 1195 320 1263 γένοιτο,
361 1195 424 1248 ἐν
455 1198 646 1265 χρυσῷ
669 1199 858 1248 πίνακι
891 1191 1204 1262 γράψαντες
1240 1190 1375 1262 μετὰ
1414 1200 1526 1247 τῶν
1559 1199 1776 1249 στολῶν

86 1285 320 1346 μνημεῖα
346 1271 691 1330 ἀνετίθεσαν.
742 1273 902 1344 νόμοι
929 1272 987 1327 δὲ
1018 1275 1210 1328 πολλοὶ
1240 1275 1343 1343 μὲν
1370 1273 1527 1329 ἄλλοι
1556 1276 1682 1343 περὶ
1709 1273 1775 1332 τὰ

86 1360 220 1427 γε’ρα
248 1363 362 1412 τῶν
392 1359 664 1427 βασιλέων
694 1356 943 1412 ἑκάστων
973 1349 1120 1426 ἦσαν
1150 1360 1295 1426 ἴδιοι,
1332 1355 1399 1410 τὰ
1429 1358 1489 1411 δὲ
1527 1360 1772 1428 μέγιστα,

87 1438 223 1509 μήτε
243 1438 373 1493 ποτὲ
393 1436 539 1494 ὅπλα
559 1435 644 1494 ἐπ’
667 1437 940 1509 ἀλλήλους
953 1445 1128 1493 οἴσειν
1138 1437 1448 1510 βοηθήσειν
1467 1460 1525 1494 τε
1545 1438 1775 1507 πάντας,

88 1518 160 1574 ἄν
190 1519 302 1575 πού
334 1542 413 1584 τις
448 1518 636 1575 αὐτῶν
669 1525 729 1576 ἕν
762 1542 870 1574 τινι
890 1519 1048 1574 πόλει
1076 1517 1137 1574 τὸ
1166 1518 1458 1591 βασιλικὸν
1478 1519 1776 1576 καταλύειν

88 1603 330 1672 ἐπιχειρῇ
349 1606 526 1671 γένος,
557 1606 719 1673 κοινῇ
741 1604 816 1669 δέ,
850 1600 1108 1672 καθάπερ
1130 1606 1187 1657 oc
1211 1602 1482 1673 πρόσθεν,
1504 1602 1779 1674 βουλευό-
1812 1598 1845 1638 D

90 1707 249 1755 μενοι
266 1685 332 1740 τὰ
353 1687 589 1750 δόξαντα
609 1687 732 1754 περὶ
762 1689 1006 1755 πολέμου
1027 1687 1115 1740 καὶ
1144 1691 1258 1740 τῶν
1285 1686 1472 1741 ἄλλων
1502 1685 1776 1756 πράξεων,

95 1764 392 1837 ἡγεμονίαν
413 1765 768 1831 άποδιδοντες
786 1774 865 1840 τῷ
890 1764 1215 1839 Ἀτλαντικῷ
1234 1770 1395 1837 γένει.
1433 1768 1690 1823 θανάτου
1720 1768 1779 1822 δὲ

91 1846 191 1903 τὸν
209 1851 436 1919 βασιλέα
456 1855 571 1904 τῶν
592 1856 882 1919 συγγενῶν
911 1848 1147 1920 μηδενὸς
1177 1848 1318 1904 εἶναι
1348 1848 1565 1921 κύριον,
1601 1845 1673 1905 ἂν
1703 1850 1779 1920 μὴ

91 1936 205 1985 τῶν
224 1934 356 1986 δέκα
374 1942 484 1995 τοῖς
505 1928 642 2001 ὑπὲρ
664 1931 834 2001 ἥμισυ
855 1933 1007 2001 δοκῇ.

235 2016 339 2067 xn.
386 2013 606 2084 Ταύτην
636 2013 702 2084 δὴ
731 2013 1008 2083 τοσαύτην
1038 2016 1130 2068 καὶ
1154 2013 1416 2084 τοιαύτην
1445 2011 1690 2084 δύναμιν
1717 2013 1780 2068 ἐν

90 2096 321 2159 ἐκείνοις
339 2094 459 2150 τότε
482 2088 659 2151 οὖσαν
677 2107 790 2160 τοῖς
815 2095 1004 2159 τόποις
1026 2093 1054 2150 ὁ
1077 2093 1210 2160 θεὸς
1229 2097 1316 2151 ἐπὶ
1335 2094 1535 2150 τούσδε
1557 2086 1632 2149 αὖ
1650 2089 1782 2158 τοὺς

95 2178 300 2239 τόπους
333 2177 600 2242 ξυντάξας
637 2177 901 2246 ἐκόμισεν
935 2182 994 2231 ἔκ
1031 2199 1180 2242 τινος
1216 2179 1455 2245 τοιοῖσδε,
1490 2174 1562 2241 ὡς
1598 2175 1779 2246 λόγος,

97 2255 439 2326 προφάσεως.
476 2260 561 2313 ἐπὶ
582 2258 787 2323 πολλὰς
806 2258 908 2330 μὲν
926 2259 1139 2329 γενεάς,
1161 2260 1317 2330 μέχρι
1337 2278 1439 2329 περ
1459 2255 1493 2330 ἡ
1515 2264 1618 2314 τοῦ
1637 2262 1779 2313 θεοῦ

98 2339 265 2406 φύσις
295 2337 480 2403 αὐτοῖς
509 2338 737 2410 ἐξήρκει,
773 2340 1039 2411 κατήκοοί
1060 2363 1118 2396 τε
1148 2334 1293 2412 ἦσαν
1323 2346 1438 2395 τῶν
1466 2339 1660 2411 νόμων
1687 2340 1778 2395 καὶ
1810 2332 1842 2373 Β

99 2423 236 2489 προς
262 2418 323 2476 τὸ
348 2419 602 2491 ξυγγενὲς
630 2430 790 2477 θεῖον
822 2425 1177 2491 φιλοφρόνως
1209 2420 1379 2491 εἶχον
1414 2420 1480 2476 τὰ
1509 2419 1617 2491 γὰρ
1640 2441 1784 2493 φρο-

102 2502 313 2573 νήματα
343 2502 585 2574 ἀληθινὰ
613 2505 703 2559 καὶ
731 2505 910 2574 πάντη
940 2503 1150 2573 μεγάλα
1179 2505 1488 2574 ἐκέκτηντο,
1519 2502 1785 2573 πραότητι

98 2584 233 2655 μετὰ
253 2587 577 2657 φρονήσεως
603 2586 740 2656 πρός
757 2608 811 2641 τε
833 2585 929 2650 τὰς
954 2584 1036 2640 ἀεὶ
1057 2586 1467 2656 ξυμβαινούσας
1495 2585 1661 2656 τύχας
1691 2585 1782 2640 καὶ

99 2671 236 2737 πρὸς
255 2667 528 2740 άλλήλους
546 2669 834 2740 χρώμενοι,
860 2667 944 2723 διό
972 2667 1119 2739 πλὴν
1138 2665 1334 2738 ἀρετῆς
1364 2667 1544 2723 πάντα
1574 2665 1783 2735 ὑπερο-

101 2758 306 2820 ρῶντες
337 2750 538 2822 σμικρὰ
575 2748 816 2821 ἡγοῦντο
854 2748 919 2805 τὰ
950 2750 1199 2821 παρόντα
1228 2750 1319 2805 καὶ
1346 2751 1549 2822 ῥᾳδίως
1576 2753 1782 2821 ἔφερον
