1962 3236
65 151 145 193 105
740 137 1096 185 ΚΡΙΤΙΑΣ.
1247 136 1249 140 ’
1638 132 1744 185 423

62 279 267 347 λέγειν;
302 271 385 329 ὅτι
405 275 464 329 δὲ
483 268 551 328 τά
571 270 933 343 ῥηθησόμενα
953 273 1209 334 πλείονος
1226 266 1558 340 συγγνώμης
1575 271 1746 323 δεῖται

62 355 412 427 χαλεπώτερα
431 350 586 422 ὄντα,
604 357 769 407 τοῦτο
791 353 1084 420 πειρατέον
1102 370 1180 422 πῃ
1198 348 1423 416 διδάξαι,
1448 349 1572 419 περὶ
1589 353 1746 404 θεῶν

61 439 186 508 γάρ,
208 433 253 493 ῶ
293 444 500 509 Τίμαιε,
531 434 765 506 λέγοντά
794 456 845 489 τι
876 432 1016 505 πρὸς
1043 432 1384 504 ἀνθρώπους
1412 434 1598 489 δοκεῖν
1626 434 1750 487 ἰκα-

62 525 172 583 νῶς
196 520 376 587 λέγειν
394 520 536 590 ῥᾷον
553 539 586 587 η
620 517 745 584 περὶ
772 520 1002 586 θνητῶν
1023 513 1163 584 πρὸς
1189 511 1346 586 ἡμᾶς.
1382 511 1418 584 ἡ
1450 511 1558 584 γάρ
1587 510 1748 568 ἀπει-
1778 520 1811 561 Β

61 606 151 668 ρία
172 604 262 655 καὶ
284 596 559 670 σφόδρα”
522 617 720 667 αγνοια
748 603 862 651 τῶν
882 595 1207 652 ἀκουόντων
1227 601 1351 667 περὶ
1373 617 1453 650 ων
1470 590 1542 651 ἀν
1570 592 1749 660 οὕτως

66 686 225 751 ἔχωσι
245 682 457 751 πολλὴν
476 679 747 749 εὐπορίαν
767 683 1115 749 παρέχεσθον
1132 684 1208 752 τῷ
1225 681 1481 749 μέλλοντι
1499 682 1680 748 λέγειν
1697 700 1750 734 τι

64 764 187 831 περὶ
207 760 417 818 αὐτῶν·
454 762 577 831 περὶ
599 760 658 816 δε
679 759 745 831 δὴ
765 765 922 816 θεῶν
951 768 1064 816 ἰστε
1091 762 1193 831 μὲν
1224 757 1298 825 ὡς
1328 763 1595 831 ἔχομεν,”
1570 782 1661 816 ινα
1690 761 1752 816 δὲ
1780 768 1782 770 ’

60 847 403 914 σαφέστερον
427 839 461 898 δ’
480 844 621 911 λέγω
651 842 901 912 δηλώσω,
923 845 1055 915 τῇδέ
1079 863 1172 912 μοι
1193 847 1620 898 συνεπίσπεσθε.
1656 845 1749 913 μί-

61 943 230 997 μησιν
248 927 350 997 μὲν
375 924 481 996 γάρ
514 924 579 996 δὴ
602 926 691 980 καὶ
713 922 1039 980 ἀπεικασιάν
1065 922 1132 979 τά
1161 922 1311 994 παρὰ
1340 923 1568 981 πάντων
1593 921 1754 995 ἡμῶν

66 1013 311 1082 ρηθέντα
325 1009 507 1080 χρεών
525 1028 636 1063 που
655 1010 919 1078 γενέσθαι
933 1031 943 1042 ·
982 1008 1086 1079 τὴν
1108 1010 1167 1063 δὲ
1185 1014 1298 1063 τῶν
1315 1010 1580 1078 γραφέων
1598 1010 1749 1063 εἰδω-

63 1098 319 1148 λοποιίαν
337 1093 461 1159 περὶ
490 1089 556 1144 τά
586 1089 715 1145 θεῖά
745 1112 801 1144 τε
828 1091 918 1146 καὶ
951 1088 1017 1146 τά
1049 1088 1380 1158 ἀνθρώπινα
1409 1087 1637 1159 σώματα
1663 1110 1753 1159 γι-

59 1177 340 1244 γνομένην
360 1176 567 1243 ἴδωμεν
585 1171 872 1244 ῥᾳστώνης
891 1192 949 1226 τε
974 1172 1099 1240 πέρι
1118 1171 1208 1226 καὶ
1228 1169 1595 1241 χαλεπότητος
1613 1167 1754 1241 πρὸς
1784 1178 1816 1221 C

62 1256 124 1311 τὸ
146 1266 260 1319 τοῖς
287 1251 461 1323 ὁρῶσι
481 1256 666 1308 δοκεῖν
685 1251 1054 1321 ἀποχρώντως
1073 1258 1435 1322 μεμιμῆσθαι,
1467 1254 1559 1307 καὶ
1586 1273 1754 1308 κατο-

62 1336 307 1406 ψόμεθα,
330 1333 415 1390 ὅτι
432 1338 542 1405 γῆν
560 1335 661 1403 μὲν
681 1335 771 1389 καὶ
773 1331 890 1439 ὄρη
919 1336 1009 1388 καὶ
1039 1331 1322 1404 ποταμοὺς
1350 1335 1440 1388 καὶ
1475 1332 1620 1404 ὕλην
1652 1331 1755 1389 ού-

62 1418 240 1489 ρανόν
277 1438 334 1472 τε
376 1416 664 1487 ξύμπαντα
700 1417 790 1471 καὶ
827 1414 893 1470 τὰ
931 1417 1055 1485 περὶ
1091 1413 1265 1471 αὐτὸν
1301 1437 1437 1471 οντα
1478 1418 1570 1471 καὶ
1598 1415 1755 1472 ἰόντα

62 1506 287 1570 πρῶτον
306 1499 410 1569 μὲν
439 1498 743 1569 ἀγαπῶμεν
772 1496 845 1552 ἄν
873 1502 953 1560 τίς
978 1518 1030 1551 τι
1058 1499 1149 1553 καὶ
1182 1495 1363 1568 βραχὺ
1390 1495 1530 1566 πρὸς
1560 1495 1755 1568 ὁμοιό-

63 1604 196 1653 τητα
232 1578 420 1635 αὐτῶν
455 1579 852 1651 ἀπομιμεῖσθαι
890 1577 1128 1643 δυνατὸς
1162 1572 1216 1651 ᾗ,
1250 1578 1387 1677 πρὸς
1424 1582 1484 1635 δὲ
1518 1579 1755 1651 τούτοις,

63 1686 162 1720 ατε
190 1662 357 1718 οὐδὲν
381 1662 585 1727 εἰδότες
612 1660 833 1733 ἀκριβες
865 1663 987 1731 περὶ
1015 1666 1130 1716 τῶν
1162 1661 1450 1732 τοιούτων,
1481 1659 1610 1718 οὔτε
1640 1663 1755 1728 ἐξε-

67 1746 299 1816 τάζομεν
336 1744 463 1799 οὔτε
501 1746 789 1815 ἐλέγχομεν
825 1741 891 1798 τά
922 1744 1291 1813 γεγραμμένα,
1328 1748 1667 1816 σκιαγραφίᾳ
1695 1745 1755 1798 δὲ

68 1825 276 1898 ἀσαφεῐ
296 1828 387 1882 καὶ
408 1823 671 1898 ἀπατηλῷ
689 1823 950 1896 χρώμεθα
981 1825 1105 1892 περὶ
1135 1823 1301 1879 αύτά·
1338 1825 1405 1879 τὰ
1432 1824 1491 1880 δὲ
1520 1822 1754 1896 ἡμέτερα
1785 1839 1821 1881 D

66 1906 277 1964 ὁπόταν
303 1930 383 1973 τις
411 1910 652 1979 ἐπιχειρῇ
674 1907 897 1977 σώματα
927 1903 1256 1975 ἀπεικάζειν,
1289 1903 1453 1972 ὀξέως
1482 1905 1758 1962 αἰσθανό-

67 2011 224 2062 μενοι
243 1988 303 2044 τό
324 1988 803 2059 παραλειπόμενον
832 1986 924 2042 διὰ
954 1987 1056 2057 τὴν
1077 1984 1160 2041 ἀεὶ
1192 1985 1452 2052 ξύνοικον
1478 1987 1780 2059 κατανόηέ

67 2089 158 2128 σιν
186 2073 412 2142 χαλεποὶ
441 2070 619 2140 κριταὶ
647 2068 959 2139 γιγνόμεθα
987 2072 1065 2139 τῷ
1095 2068 1168 2139 μὴ
1203 2069 1380 2134 πάσας
1408 2069 1631 2134 πάντως
1660 2065 1757 2133 τὰς

64 2152 391 2223 ὁμοιότητας
410 2147 749 2205 ἀποδιδόντι.
787 2146 993 2204 ταύτὸν
1014 2147 1079 2219 δὴ
1109 2150 1199 2205 καὶ
1219 2149 1356 2205 κατὰ
1387 2148 1521 2215 τοὺς
1551 2149 1756 2220 λόγους

70 2239 207 2291 ἰδεῖν
230 2237 315 2289 δεῖ
339 2232 691 2303 γιγνόμενον,
725 2231 808 2287 ὅτι
837 2230 901 2287 τά
930 2231 1033 2303 μὲν
1063 2230 1299 2299 οὐράνια
1337 2234 1428 2286 καὶ
1458 2239 1588 2287 θεῖα
1616 2229 1758 2302 ἀγα-

67 2322 261 2386 πῶμεν
280 2317 371 2369 καὶ
392 2319 633 2385 σμικρῶς
653 2315 837 2370 εἰκότα
857 2313 1145 2384 λεγόμενα,
1179 2311 1245 2368 τὰ
1267 2313 1325 2370 δὲ
1344 2313 1526 2385 θνητὰ
1547 2314 1639 2370 καὶ
1656 2312 1759 2368 ἀν-

68 2396 329 2466 θρώπινα
367 2394 610 2466 ἀκριβῶς
631 2395 958 2465 ἐξετάζομεν.
1013 2398 1071 2450 ἐκ
1094 2394 1161 2466 δὴ
1180 2401 1281 2451 τοῦ
1301 2402 1632 2467 παραχρῆμα
1651 2402 1760 2451 νῦν
1792 2411 1826 2455 Β

71 2479 358 2550 λεγόμενα,
379 2478 439 2533 τό
472 2481 684 2547 πρέπον
707 2473 782 2531 οἶν
811 2475 882 2547 μὴ
909 2477 1210 2547 δυνώμεθα
1242 2477 1463 2542 πάντως
1490 2476 1760 2534 ἀποδιδό-

74 2585 183 2629 ναι,
217 2562 659 2630 συγγιγνώσκειν
696 2559 897 2629 χρεών·
938 2556 1007 2613 ού
1030 2558 1138 2629 γὰρ
1168 2555 1240 2622 ὡς
1275 2558 1439 2632 ῥᾴδια
1479 2556 1546 2614 τά
1575 2565 1759 2630 θνητα

71 2643 174 2700 ἀλλ
190 2643 201 2663 ’
226 2642 299 2708 ῶς
318 2644 526 2714 χαλεπὰ
549 2641 685 2712 πρὸς
707 2644 876 2708 δόξαν
897 2642 1031 2698 ὄντα
1062 2641 1372 2709 ἀπεικάζειν
1406 2645 1492 2698 δεῖ
1517 2645 1759 2698 διανοεῖ-

75 2734 227 2782 σθαι.
269 2733 441 2781 ταῦτα
464 2724 527 2796 δὴ
552 2725 891 2797 βουλόμενος
921 2722 1064 2795 ὑμᾶς
1092 2723 1426 2796 ὑπομνῆσαι,
1459 2725 1550 2780 καὶ
1578 2722 1640 2779 τὸ
1671 2731 1767 2796 τῆς
1791 2736 1881 2783 108

71 2807 404 2879 συγγνώμης
453 2805 556 2862 οὐκ
597 2812 821 2863 ἔλαττον
865 2805 1003 2863 ἀλλὰ
1045 2811 1229 2878 μεῖζον
1276 2811 1444 2862 αἰτῶν
1487 2807 1611 2875 περὶ
1649 2809 1765 2861 τῶν
