1962 3236
33 0 426 101 F„·AJ.>-?.5„„
495 14 498 15 ⁷
544 0 545 6 ,
619 3 695 21 ,‹.
786 5 790 7 ι

35 102 58 139 a»
617 118 1094 167 ΠΟΛΙΤΕΙΑΣ
1121 109 1174 178 ξ.
1633 115 1736 168 221

30 254 148 314 οὐκ
174 253 326 311 οἶσθ’
350 254 435 311 ὅτι
455 256 547 310 καὶ
568 254 692 323 περὶ
711 250 982 324 ἁρμονίας
1000 253 1190 321 ἕτερον
1209 258 1470 307 τοιοῦτον
1486 258 1736 317 ποιοῦσι;
1767 264 1845 308 53]

44 337 144 404 τὰς
160 335 269 409 γὰρ
290 335 637 408 ἀκουομένας
658 326 734 390 αὖ
759 340 1087 406 συμφωνίας
1117 334 1210 390 καὶ
1243 333 1538 405 φθόγγους
1566 331 1743 405 άλλη·-4

45 427 163 484 λοις
202 418 644 514 ἀναμετροῦντες
684 413 935 486 ἀνήνυτα
966 414 1150 487 ὥσπερ
1183 418 1240 471 οἱ
1267 414 1605 486 ἀστρονόμοι
1635 437 1742 470 πο·-

47 508 262 556 νοῦσιν.
302 501 391 572 Νὴ
421 498 552 564 τοὺς
570 496 760 567 θεούς,
780 501 903 567 ἔφη,
926 499 1018 552 καὶ
1046 502 1275 567 γελοίως
1300 519 1380 568 γε,
1407 494 1737 568 πυκνώματ’

44 605 179 639 αττα
224 581 588 653 ὀνομάζοντες
625 580 716 635 καὶ
764 579 1213 650 παραβάλλοντες
1249 582 1316 635 τὰ
1354 602 1484 650 ωτα,
1521 574 1643 635 οἷον
1678 580 1741 634 ἐκ

44 666 317 738 γειτόνων
335 661 534 735 φωνὴν
552 661 946 765 θηρευόμενοι,
975 664 1031 715 οἱ
1043 662 1147 758 μέν
1167 680 1340 731 φασιν
1360 665 1438 716 ἔτι
1464 659 1741 716 κατακού-

44 771 128 804 ειν
160 750 221 803 έν
241 748 389 820 μέσω
413 745 537 800 τινὰ
566 741 709 814 ἠχὴν
734 744 827 798 καὶ
857 742 1225 813 σμικρότατον
1255 742 1395 798 εἶναι
1424 748 1588 799 τοῦτο
1620 744 1742 798 διά-

45 847 284 903 στημα,
266 822 308 882 ὦ
330 828 646 898 μετρητέον,
668 846 718 880 οι
708 824 800 880 δε
822 821 1302 895 ἀμφισβητοῦντες
1323 822 1396 888 ὡς
1418 822 1614 895 ὅμοιον
1633 823 1739 896 ἤδη

45 911 470 982 φθεγγομένων,
509 907 813 1003 ἀμφότεροι
848 928 959 961 ωτα
995 910 1098 961 τοῦ
1135 911 1243 961 νοῦ
1279 905 1739 978 προστησάμενοι.
1774 919 1804 959 Β

44 991 135 1048 Συ
156 994 276 1062 μέν,
306 985 377 1061 ἦν
404 988 454 1045 δ’
491 989 618 1059 ἐγώ,
644 987 774 1053 τούς
807 985 1077 1059 χρηστοὺς
1104 989 1278 1058 λέγεις
1307 986 1438 1053 τούς
1464 999 1581 1053 ταῖς
1610 1010 1740 1059 χορ-

47 1079 166 1138 δαῑς
203 1073 497 1143 πράγματα
543 1075 883 1141 παρέχοντας
926 1072 1018 1124 καὶ
1054 1075 1465 1141 βασανίζοντας,
1504 1073 1591 1126 ἐπὶ
1626 1078 1743 1127 τῶν

44 1154 340 1211 κολλόπων
372 1158 797 1223 στρεβλοῦντας.
846 1155 939 1205 ’ἵνα
973 1149 1032 1206 δὲ
1057 1149 1131 1222 μὴ
1167 1154 1479 1224 μακροτέρα
1509 1150 1544 1224 ἡ
1573 1150 1743 1208 εἰκών

0 1305 1 1314 ¹
44 1243 312 1308 γίγνηται,
333 1233 592 1306 πλήκτρῳ
612 1254 669 1287 τε
689 1238 915 1302 πληγῶν
937 1237 1284 1302 γιγνομένων
1302 1235 1393 1288 καὶ
1410 1240 1741 1306 κατηγορίας

46 1320 171 1388 πέρι
197 1319 287 1372 καὶ
308 1316 649 1387 ἐξαρνήσεως
667 1315 759 1370 καὶ
780 1311 1099 1379 ἀλαζονείας
1114 1319 1351 1384 χορδῶν,
1382 1316 1630 1386 παύομαι
1645 1323 1744 1388 τῆς

48 1398 263 1464 εἰκόνος
300 1402 392 1454 καὶ
429 1398 498 1454 οὔ
527 1420 669 1469 φημι
698 1397 931 1460 τούτους
968 1397 1165 1466 λέγειν,
1204 1393 1326 1452 ἀλλ’
1370 1399 1616 1464 ἐκείνους
1644 1397 1743 1464 οὓς

47 1486 259 1551 ἔφαμεν
277 1487 387 1536 νῦν
408 1480 474 1552 δὴ
496 1483 620 1549 περὶ
641 1478 908 1550 ἁρμονίας
927 1477 1241 1550 ἐρήσεσθαι.
1264 1477 1470 1535 ταύτὸν
1488 1478 1596 1551 γὰρ
1617 1501 1743 1537 ποι-

47 1569 174 1618 οῦσι
211 1575 324 1627 τοῖς
361 1566 422 1618 ἐν
458 1568 527 1634 τῇ
565 1561 934 1635 ἀστρονομίᾳ·
983 1558 1114 1625 τοὺς
1146 1561 1253 1630 γὰρ
1286 1563 1346 1615 ἐν
1373 1562 1600 1629 ταύταις
1628 1576 1744 1629 ταῖς
1775 1578 1803 1617 C

47 1650 395 1715 συμφωνίαις
430 1657 546 1710 ταῖς
584 1645 953 1715 ἀκουομέναις
994 1642 1272 1714 ἀριθμοὺς
1311 1648 1585 1717 ζητοῦσιν,
1617 1645 1741 1702 ἀλλ’

50 1727 155 1782 οὐκ
177 1732 252 1792 είς
268 1727 630 1799 προβλήματα
658 1725 879 1782 ἀνιάσιν
911 1729 1245 1795 ἐπισκοπεῖν,
1278 1732 1423 1791 τίνες
1453 1729 1744 1799 ξύμφωνοι
1821 1767 1824 1770 -

51 1809 279 1880 ἀριθμοὶ
299 1812 391 1865 καὶ
419 1818 563 1874 τίνες
583 1807 671 1880 οὔ,
694 1812 785 1866 καὶ
807 1808 895 1864 διὰ
917 1814 973 1864 τί
987 1808 1249 1879 ἑκάτεροι.
1282 1809 1598 1880 Δαιμόνιον
1615 1811 1741 1882 γάρ,

52 1898 177 1963 ἔφη,
205 1897 432 1962 πρᾶγμα
464 1895 652 1962 λέγεις.
690 1891 981 1963 Χρήσιμον
1001 1894 1102 1962 μὲν
1121 1885 1243 1962 οὖν,
1280 1884 1351 1962 ἦν
1371 1888 1423 1946 δ’
1457 1892 1584 1963 ἐγώ,
1607 1891 1744 1964 πρὸς

51 1973 154 2044 τὴν
171 1979 273 2028 τοῦ
292 1981 469 2029 καλοῦ
487 1996 543 2029 τε
565 1976 655 2029 καὶ
676 1973 902 2044 ἀγαθοῦ
922 1974 1158 2045 ζήτησιν,
1181 1971 1361 2038 ἄλλως
1383 1975 1443 2030 δὲ
1473 1979 1743 2045 μεταδιω-

50 2055 291 2126 κόμενον
311 2055 602 2126 ἄχρηστον.
644 2057 811 2121 Είκός
829 2055 902 2125 γ’,
925 2061 1048 2126 ἔφη.

193 2141 322 2192 ΧΙΙῙ.
365 2136 532 2208 Οἶμαι
566 2141 631 2194 δέ
661 2160 742 2208 γε,
772 2131 843 2209 ἦν
873 2136 926 2192 δ’
960 2137 1085 2208 ἐγώ,
1114 2139 1203 2193 καὶ
1223 2135 1256 2210 ἡ
1279 2138 1495 2196 τούτων
1514 2139 1742 2196 πάντων

52 2243 132 2277 ων
146 2219 553 2291 διεληλύθαμεν
566 2224 809 2292 μέθοδος
827 2219 1037 2293 ἐᾶνμεν
1051 2222 1136 2277 ἐπὶ
1155 2219 1257 2293 τὴν
1273 2219 1531 2294 ἀλλήλων
1543 2244 1747 2279 κοινω-
1779 2242 1812 2282 D

50 2311 180 2360 νίαν
217 2300 479 2374 ἀφίκηται
515 2304 607 2359 καὶ
646 2308 985 2374 ξυγγένειαν,
1017 2305 1108 2359 καὶ
1140 2307 1478 2379 ξυλλογισθῇ
1505 2311 1678 2362 ταῦτα
1707 2298 1742 2378 ᾗ

52 2391 203 2442 ἔστιν
223 2383 481 2456 ἀλλήλοις
502 2390 693 2455 οἰκεῖα,
725 2388 919 2456 φέρειν
947 2409 998 2441 τι
1028 2385 1214 2443 αὐτων
1244 2393 1320 2453 εἰς
1352 2410 1387 2443 α
1415 2389 1743 2461 βουλόμεθα

52 2468 154 2538 τὴν
185 2473 561 2537 πραγματείαν
589 2470 680 2524 καὶ
710 2490 813 2524 ουκ
843 2467 1088 2540 ἀνόνητα
1130 2479 1444 2542 πονεῖσθαι,
1483 2476 1531 2527 εί
1560 2472 1621 2528 δὲ
1650 2473 1742 2543 μή,

55 2546 316 2619 ἀνόνητα.
356 2551 463 2605 Καὶ
494 2550 620 2620 ἐγώ,
661 2554 783 2622 ἔφη,
814 2550 961 2606 οὕτω
995 2553 1355 2624 μαντεύομαι.
1413 2551 1553 2609 ἀλλὰ
1594 2554 1743 2625 πάμ-

53 2638 199 2686 πολυ
237 2635 403 2701 ἔργον
432 2634 622 2702 λέγεις,
650 2625 694 2688 ὦ
726 2633 1034 2702 Σώκρατες.
1083 2639 1198 2690 Τοῦ
1231 2640 1545 2706 προοιμίου,
1575 2629 1648 2708 ἦν
1689 2633 1739 2691 δ’

53 2711 178 2783 ἐγώ,
202 2708 236 2783 ἦ
256 2719 404 2778 τίνος
425 2717 621 2783 λε’γεις;
641 2710 676 2784 ἦ
697 2713 800 2769 οὐκ
830 2722 1005 2786 ῐσμεν,
1026 2714 1111 2771 ὅτι
1142 2715 1320 2771 πάντα
1345 2722 1518 2772 ταῦτα
1546 2733 1739 2787 προοι-

54 2792 152 2863 μιά
174 2795 324 2851 ἐστιν
355 2793 534 2852 αὐτοῦ
562 2803 665 2851 τοῦ
693 2795 890 2868 νόμου,
925 2795 991 2854 ὃν
1021 2801 1107 2853 δεῖ
1128 2808 1356 2869 μαθεῖν;
1395 2797 1463 2854 οὐ
1491 2799 1598 2872 γάρ
1629 2820 1741 2855 που

0 3084 68 3236 k,
