1962 3236
658 160 1141 210 ΠΟΛΙΤΕΙΑΣ
1170 153 1219 205 ε’.
1694 153 1797 207 147

114 298 265 367 παρά
286 319 438 362 τινας
456 295 717 366 τροφούς,
738 295 902 365 χωρὶς
922 291 1181 357 οἰκούσας
1196 296 1256 348 ἔν
1275 313 1382 346 τινι
1401 294 1553 362 μέρει
1581 296 1676 361 τῆς
1694 288 1785 344 πό-

117 388 280 443 λεως·
314 377 380 433 τὰ
406 380 466 434 δε
486 399 516 432 τ
699 397 900 445 ρονων,
921 376 1013 430 καὶ
1032 372 1132 428 ἐάν
1151 395 1202 428 τι
1224 378 1339 428 τῶν
1360 375 1561 442 ἑτέρων
1579 369 1799 442 ἀνάπη-

122 483 224 527 ρον
243 465 510 530 γίγνηται,
519 397 922 529 wewam
941 476 999 510 τε
1019 457 1108 510 καὶ
1128 452 1314 527 άδήλω
1344 450 1800 521 κατακρύψουσιν

34 578 37 596 ψ
120 540 192 604 ὠς
213 544 422 612 πρέπει.
454 546 628 607 Εἴπερ
647 539 848 607 μέλλει,
874 540 998 606 ἔφη,
1020 533 1278 607 καθαρὸν
1295 532 1356 590 τὸ
1375 537 1536 604 γένος
1554 539 1668 588 τῶν
1687 554 1802 603 φυ-

35 627 37 635 ‘
117 624 303 679 λάκων
318 628 558 678 ἔσεσθαι.
594 617 824 674 Οὐκοῦν
852 622 943 674 καὶ
962 625 1172 690 τροφῆς
1190 613 1345 674 οὗτοι
1363 616 1799 688 ἐπιμελήσονται,

116 706 212 769 τάς
243 725 301 759 τε
335 707 569 773 μητέρας
608 701 694 756 ἐπὶ
729 699 830 755 τὸν
862 698 1035 770 σηκὸν
1062 698 1309 769 ἄγοντες,
1331 698 1468 755 ὅταν
1497 704 1800 770 σπαργῶσι,

122 793 306 840 πᾶσαν
344 782 596 855 μηχανὴν
632 781 1037 854 μηχανώμενοι,
1078 777 1227 846 ὅπως
1259 785 1494 851 μηδεμία
1529 778 1590 835 τὸ
1633 778 1804 850 αὑτῆς
1835 792 1870 833 D

121 870 461 940 αἰσθήσεται,
483 871 574 923 καὶ
595 867 765 930 ἄλλας
783 866 926 938 γάλα
946 865 1175 937 ἐχούσας
1193 868 1586 933 ἐκπορίζοντες,
1607 861 1706 919 ἐὰν
1726 859 1799 933 μὴ

119 950 279 1006 αὐταὶ
301 951 486 1006 ἱκαναὶ
504 943 621 1019 ῶσι,
644 950 735 1004 καὶ
755 946 941 1003 αὐτῶν
959 947 1172 1003 τούτων
1189 945 1627 1018 ἐπιμελήσονται,
1651 942 1804 1007 ὅπως

119 1034 343 1103 μέτριον
360 1032 567 1103 χρόνον
584 1030 947 1101 θηλάσονται,
968 1028 1276 1101 ἀγρυπνίας
1296 1028 1354 1084 δὲ
1383 1029 1476 1083 καὶ
1502 1026 1602 1083 τὸν
1631 1025 1803 1082 ἄλλον

118 1115 298 1169 πόνον
334 1119 548 1176 τίτθαις
585 1133 642 1167 τε
676 1114 766 1167 καὶ
803 1124 1030 1183 τροφοῖς
1065 1110 1522 1181 παραδῶσουσιν;
1577 1107 1803 1178 Πολλὴν

120 1194 432 1269 ῥᾳστώνην,
445 1197 568 1263 ἔφη,
588 1197 760 1262 λέγεις
779 1199 876 1262 τῆς
894 1197 1241 1256 παιδοποιίας
1260 1202 1376 1256 ταῖς
1395 1197 1509 1246 τῶν
1529 1189 1804 1261 φυλάκων

116 1278 384 1347 γυναιξίν.
421 1276 631 1343 Πρέπει
648 1272 773 1343 γάρ,
793 1267 866 1344 ἦν
886 1272 938 1328 δ’
958 1272 1080 1342 ἐγώ.
1119 1271 1180 1328 τὸ
1204 1270 1257 1327 δ’
1280 1274 1474 1342 ἐφεξῆς
1494 1273 1803 1341 διέλθωμεν

120 1357 153 1414 ὃ
175 1356 643 1428 προθυμούμεθα.
687 1360 899 1426 ἔφαμεν
918 1354 1025 1425 γάρ
1046 1352 1112 1424 δὴ
1133 1355 1188 1419 ἐξ
1218 1350 1575 1423 ἀκμαζόντων
1602 1355 1718 1407 δεῖν
1735 1351 1802 1406 τὰ

121 1446 322 1511 ἔκγονα
342 1446 649 1510 γίγνεσθαι.
685 1436 908 1508 Ἀληθῆ.
937 1430 1054 1508 Ἆρ’
1078 1439 1182 1490 οὐν
1201 1453 1288 1490 σοι
1315 1438 1573 1502 ξυνδοκεῖ
1586 1435 1802 1505 μέτριος
1830 1450 1863 1490 Ε

118 1522 318 1594 χρόνος
353 1518 529 1591 ἀκμῆς
562 1519 630 1575 τὰ
667 1527 838 1575 εἴκοσι
873 1521 963 1589 ἔτη
1000 1523 1242 1588 γυναικί,
1273 1515 1436 1586 ἀνδρὶ
1461 1517 1521 1572 δε
1547 1515 1615 1572 τὰ
1645 1515 1803 1619 τριά-

118 1625 314 1668 κοντα;
359 1602 439 1657 Τὰ
478 1613 607 1657 ποῖα
641 1598 853 1665 αύτῶν;
892 1605 1015 1671 ἐφη.
1060 1601 1293 1656 Γυναικὶ
1329 1603 1447 1670 μέν,
1476 1592 1549 1670 ἦν
1581 1596 1632 1652 δ’
1673 1597 1800 1700 ἐγιό,

36 1679 39 1683 ’
121 1682 399 1756 ἀρξαμένῃ
421 1682 528 1739 άπὸ
560 1684 909 1748 εἰκοσιέτιδος
938 1685 1094 1753 μέχρι
1118 1682 1695 1752 τετταρακονταέτιδος
1721 1684 1804 1734 τί-

118 1789 268 1822 κτειν
296 1773 364 1838 τῇ
393 1765 573 1821 πόλει·
610 1763 772 1834 ἀνδρὶ
804 1767 880 1835 δέ,
913 1762 1137 1819 ἐπειδὰν
1166 1761 1269 1834 τὴν
1297 1761 1567 1834 ὀξυτάτην
1591 1761 1804 1832 δρόμου

38 1918 39 1924 1
123 1846 307 1919 ἀκμὴν
327 1854 492 1921 παρῇ,
513 1847 571 1902 τὸ
596 1844 702 1902 άπὸ
728 1846 932 1901 τούτου
951 1851 1161 1918 γεννᾷν
1180 1851 1246 1917 τῇ
1264 1843 1421 1899 πόλει
1440 1844 1596 1914 μέχρι
1615 1862 1799 1899 πεντε-

119 1930 726 2000 καιπεντηκονταέτους.
761 1926 1110 1998 Ἀμφοτέρων
1137 1933 1296 1996 γοῦν,
1330 1931 1454 1997 ἔφη,
1487 1923 1627 1996 αὕτη
1656 1922 1800 1996 ἀκμὴ
1833 1948 1917 1994 451

120 2011 375 2082 σώματός
393 2032 451 2065 τε
475 2012 567 2065 καὶ
597 2010 938 2080 φρονήσεως.
981 2006 1210 2064 Οὐκοῦν
1229 2007 1324 2063 ἐάν
1351 2029 1409 2063 τε
1431 2009 1804 2079 πρεσβύτερος

122 2092 339 2150 τούτων
374 2091 476 2147 ἐάν
513 2112 570 2146 τε
607 2090 874 2160 νεώτερος
910 2097 1024 2145 τῶν
1062 2094 1138 2155 εἰς
1169 2087 1229 2144 τὸ
1262 2086 1456 2144 κοινὸν
1485 2088 1804 2160 γεννήσεων

37 2194 40 2223 t
123 2173 343 2246 ἅψηται,
376 2172 504 2229 οὔτε
529 2172 686 2228 ὅσιον
712 2170 840 2228 οὔτε
872 2176 1086 2227 δίκαιον
1115 2171 1368 2241 φήσομεν
1394 2167 1456 2225 τὸ
1489 2166 1801 2242 ἁμάρτημα,

38 2278 40 2324 5
122 2254 196 2321 ῶς
232 2260 399 2311 παῖδα
428 2255 723 2325 φιτύοντος
758 2261 825 2327 τῇ
862 2255 1035 2324 πόλει,
1067 2251 1143 2324 ὅς,
1178 2249 1249 2309 ἂν
1277 2253 1446 2325 λάθῃ,
1476 2253 1803 2325 γεννήσεται

38 2325 40 2401 f
122 2335 223 2407 οὐχ
242 2335 351 2392 ὑπὸ
372 2342 594 2392 θυσιῶν
606 2334 730 2392 οὐδ’
750 2334 859 2393 ὑπὸ
883 2336 1060 2407 εὐχῶν
1081 2336 1211 2406 φύς,
1233 2332 1296 2400 ἃς
1317 2337 1409 2406 ἐφ’
1432 2336 1680 2400 ἑκάστοις
1691 2345 1803 2400 τοῖς

38 2443 40 2490 g
122 2417 321 2487 γάμοις
343 2416 593 2482 εὔξονται
612 2420 705 2473 καὶ
723 2419 912 2489 ἱέρειαι
929 2421 1018 2474 καὶ
1038 2422 1200 2488 ἱερεῖς
1217 2418 1309 2472 καὶ
1341 2416 1596 2487 ξύμπασα
1627 2415 1663 2487 ἡ
1694 2415 1803 2472 πό-

38 2496 41 2518 ⁵
121 2505 204 2562 λις
223 2500 277 2564 ἐξ
299 2498 535 2568 ἀγαθῶν
553 2498 813 2569 άμείνους
839 2503 929 2556 καὶ
949 2504 1001 2566 ἐξ
1031 2499 1326 2570 ὠφελίμων
1347 2497 1802 2570 ὠφελιμωτέρους

122 2578 207 2635 dez
231 2580 360 2643 τούς
380 2580 645 2650 ἐκγόνους
664 2588 972 2652 γίγνεσθαι,
993 2579 1115 2637 ἀλλ’
1149 2579 1259 2636 ὑπὸ
1293 2581 1500 2637 σκότου
1529 2579 1663 2651 μετὰ
1687 2585 1864 2642 δει-Β

122 2668 221 2732 νῆς
257 2659 545 2729 ἀκρατείας
586 2665 846 2734 γεγονώς.
890 2663 1118 2734 Ὀρθῶς,
1156 2668 1276 2734 ἔφη.
1327 2662 1390 2719 ‘0
1425 2661 1591 2729 αὐτὸς
1627 2667 1690 2720 δέ
1723 2661 1800 2735 γ’,

122 2741 295 2810 εἶπον,
317 2741 505 2812 νόμος,
527 2743 625 2798 ἐάν
643 2767 724 2810 τις
745 2752 857 2799 τῶν
876 2749 954 2800 ἔτι
984 2744 1315 2814 γεννώντων
1338 2743 1412 2816 μὴ
1445 2749 1803 2815 ξυνέρξαντος

121 2822 383 2894 ἄρχοντος
411 2823 644 2897 ἅπτηται
670 2834 782 2882 τῶν
822 2830 885 2883 ἐν
921 2826 1104 2901 ἡλικίᾳ
1132 2834 1443 2899 γυναικῶν·
1485 2828 1667 2885 νόθον
1695 2830 1802 2901 γάρ

1436 2904 1524 2954 10¹⁸¹
