1962 3236
259 182 364 233 352
865 181 1339 228 ΠΛΑΤΩΝΟΣ
1391 150 1397 155 ’
1875 189 1932 232 34

200 331 232 372 Β
263 319 528 385 λοσοφίας
555 315 731 383 γένος,
763 304 836 367 οὗ
860 316 1042 382 μεῖζον
1073 310 1292 380 ἀγαθὸν
1324 310 1442 366 οὔτ’
1473 305 1650 381 ἦλθεν
1672 312 1799 368 οὔτε
1817 313 1933 384 η’ξει

261 399 391 452 ποτὲ
419 417 493 450 τω
523 399 719 468 θνητω
745 394 892 463 γένει
921 391 1177 463 δωρηθεν
1207 395 1265 447 ἐκ
1293 399 1459 447 θεῶν.
1511 395 1651 462 λε’γω
1680 394 1747 464 δὴ
1771 401 1932 450 τοῦτο

262 474 526 547 ὀμμάτων
544 477 803 572 μέγιστον
820 471 1062 543 ἀγαθόν·
1101 466 1270 537 τᾶλλα
1291 475 1365 542 δέ,
1398 472 1501 528 ὅσα
1530 475 1749 544 ἐλαττω,
1788 481 1843 530 τί
1864 473 1936 530 ἀν

261 556 550 627 ὑμνοῖμεν;
590 557 668 609 ὠν
687 553 714 609 ὁ
736 553 808 625 μὴ
830 553 1136 624 φιλόσοφος
1163 556 1478 624 τυφλωθεὶς
1507 552 1889 626 ὀδυρόμενος
1865 554 1936 609 α“ν

261 645 469 705 θρηνοῖ
498 634 703 705 μοὲτην·
755 632 891 689 ἄλλα
917 635 1120 689 τούτου
1157 635 1403 703 λεγέσθω
1431 633 1561 702 παρ’
1599 633 1758 705 ἡμων
1797 634 1934 704 αὕτη

260 718 345 771 ἐπὶ
364 721 537 770 ταῦτα
558 719 718 785 αἰτία,
741 714 880 770 θεὸν
899 713 1028 785 ἡμῖν
1054 713 1312 785 ἀνευρεῖν
1332 716 1694 785 δωρήσασθαί
1709 738 1765 770 τε
1786 714 1933 784 ὄψιν,

259 801 352 852 ἴνα
370 795 467 861 τοὶς
486 799 548 851 ἐν
566 794 791 870 οὐρανῷ
811 795 1124 859 κατιδόντες
1144 802 1246 850 τοῦ
1267 801 1370 850 νοῦ
1393 798 1682 865 περιόδους
1707 801 1936 867 χρησαί-

260 885 407 948 μεθα
437 879 522 931 ἐπὶ
551 875 646 940 τὰς
675 875 980 947 περιφορὰς
1008 875 1103 940 τὰς
1135 883 1229 946 τῆς
1259 874 1388 946 παρ’
1423 875 1555 946 ἡμῖν
1583 878 1934 948 διανοήσεως,

203 972 236 1013 C
263 962 538 1028 ξυγγενεῖς
557 962 788 1022 ἐκείναις
806 956 992 1027 οὔσας,
1008 956 1330 1027 ἀταράκτοις
1349 961 1763 1029 τεταραγμένας,
1779 961 1936 1028 ἐκμα-

260 1039 462 1103 θόντες
482 1039 648 1094 δὲκαὶ
669 1047 948 1110 λογισμῶν
966 1038 1103 1094 κατὰ
1124 1039 1296 1108 φύσιν
1320 1037 1624 1110 ὀρθότητος
1642 1040 1932 1110 μετασχόν-

260 1141 364 1186 τες,
385 1120 714 1190 μιμούμενοι
731 1119 828 1184 τὰς
847 1126 949 1175 τοῦ
966 1125 1108 1175 θεοῦ
1127 1119 1344 1184 πάντως
1364 1118 1622 1184 ἀπλανεῖς
1641 1119 1826 1190 οὔσας,
1841 1119 1936 1183 τὰς

261 1203 320 1254 ἐν
341 1198 473 1271 ἡμῖν
494 1204 908 1272 πεπλανημένας
935 1207 1428 1271 καταστησαίμεθα.
1468 1207 1656 1271 φωνῆς
1675 1223 1731 1255 τε
1753 1199 1818 1271 δὴ
1846 1204 1936 1255 καὶ

262 1279 429 1352 ἀκοῆς
466 1284 589 1353 πέρι
630 1283 796 1337 πάλιν
831 1280 859 1337 ὁ
896 1281 1060 1345 αὐτὸς
1096 1282 1274 1351 λόγος,
1306 1283 1392 1336 ἐπὶ
1422 1282 1593 1336 ταύτὰ
1616 1289 1728 1337 τῶν
1750 1281 1936 1336 αὐτῶν

260 1366 422 1418 ἓνεκα
462 1384 608 1435 παρα
650 1370 802 1418 θεῶν
840 1367 1201 1434 δεδωρῆσθαι.
1241 1363 1400 1432 λόγος
1435 1385 1490 1417 τε
1528 1384 1634 1432 γαρ
1671 1361 1756 1417 ἐπ’
1797 1361 1936 1416 αὐτα

260 1450 434 1498 ταῦτα
472 1447 737 1542 tfwuwc,
777 1442 878 1513 τὴν
914 1451 1172 1514 μεγίστην
1210 1443 1654 1514 ξυμβαλλόμενος
1684 1449 1758 1507 εἰς
1794 1466 1932 1498 αυτα

261 1536 475 1594 μοῖραν,
491 1525 625 1579 ὅσον
644 1523 683 1579 τ’
708 1528 780 1579 αὐ
800 1530 1066 1595 μουσικῆς
1089 1530 1278 1594 φωνῆς
1297 1524 1581 1627 χρησιμον,
1605 1523 1740 1595 πρὸς
1761 1522 1937 1594 ἀκοην

207 1621 241 1662 D
263 1603 702 1676 ε’νεκααρμονίας
716 1608 823 1661 ἐστὶ
845 1608 1030 1661 δοθέν
1051 1629 1084 1676 η
1102 1609 1158 1660 δὲ
1179 1603 1718 1676 αρμονία,ξυγγενεῖς
1737 1610 1934 1676 ἔχουσα

265 1689 442 1758 φορὰς
474 1700 589 1752 ταῖς
625 1691 685 1743 ἐν
720 1686 851 1758 ἡμῖν
886 1693 982 1758 τῆς
1019 1694 1193 1758 ψυχῆς
1231 1686 1520 1756 περιόδοις,
1550 1693 1624 1761 τῷ
1661 1709 1794 1758 μετα
1831 1694 1934 1743 νοῦ

263 1772 667 1866 προσχρωμένω
690 1770 947 1832 Μούσαις
970 1768 1072 1823 οὐκ
1090 1773 1156 1839 ἐφ
1165 1766 1414 1840 ’ἡδονὴν
1433 1744 1654 1839 ἄλογόν,
1676 1769 1930 1838 καθαπερ

262 1855 390 1919 νῦν,
414 1850 550 1906 εἶναι
572 1855 723 1906 δοκεῖ
736 1851 1014 1922 χρήσιμος,
1035 1849 1157 1906 αλλ’
1179 1853 1264 1905 ἐπὶ
1284 1849 1386 1921 τὴν
1403 1863 1701 1921 γεγονυῖαν
1721 1853 1781 1906 ἐν
1803 1849 1935 1922 ημῖν

263 1949 610 2002 αναρμοστον
623 1939 801 2002 ψυχης
812 1936 1072 2001 περιοδον
1090 1936 1164 1995 εἰς
1182 1931 1591 2003 κατακόσμησιν
1602 1933 1690 1987 καὶ
1710 1947 1932 2001 συμφω-

259 2017 386 2067 νίαν
407 2014 570 2085 ἑαυτῇ
592 2013 875 2083 σύμμαχος
896 2012 1003 2067 ὑπὸ
1036 2019 1290 2067 Μουσῶν
1320 2015 1559 2068 δέδοται·
1596 2014 1687 2068 καὶ
1716 2010 1932 2084 ῥυθμὸς

206 2113 239 2152 Ε
262 2088 336 2146 αὖ
361 2092 451 2147 διὰ
473 2092 574 2163 τὴν
597 2094 838 2163 ἄμετρον
857 2097 917 2148 ἐν
936 2091 1067 2163 ἡμῖν
1088 2096 1178 2148 καὶ
1203 2099 1440 2162 χαρίτων
1459 2096 1648 2148 ἐπιδεᾶ
1674 2097 1931 2163 γιγνομέ-

262 2195 366 2243 νην
386 2177 447 2228 ἐν
470 2187 582 2238 τοῖς
610 2180 880 2237 πλείστοις
901 2176 1011 2238 ἕξιν
1043 2176 1331 2244 ἐπίκουρος
1361 2176 1448 2229 ἐπὶ
1479 2172 1650 2228 ταύτὰ
1682 2172 1790 2229 ὑπὸ
1822 2181 1934 2229 τῶν

264 2252 450 2308 αὐτῶν
478 2256 667 2324 ἐδόθη.

401 2340 549 2390 XVII.
615 2334 693 2390 Τὰ
732 2338 833 2406 μὲν
876 2331 981 2391 οὖν
1019 2336 1442 2407 παρεληλυθότα
1485 2343 1596 2391 τῶν
1632 2339 1933 2407 εἰρημένων

264 2415 408 2486 πλὴν
429 2419 678 2487 βραχέων
698 2420 1054 2472 ἐπιδέδεικται
1074 2416 1138 2471 τὰ
1162 2419 1251 2472 δια
1271 2424 1376 2473 νοῦ
1397 2420 1928 2488 δεδημιουργημένα·

263 2502 349 2554 δεῖ
365 2498 422 2553 δε
441 2501 531 2554 καὶ
551 2521 616 2552 τα
633 2495 695 2552 δι’
718 2497 962 2570 ανάγκης
979 2499 1276 2570 γιγνόμενα
1296 2507 1373 2572 τῷ
1393 2499 1538 2572 λόγω
1561 2499 1930 2570 παραθέσθαι.

178 2603 234 2647 43
262 2583 560 2651 μεμιγμένη
581 2601 686 2650 γαρ
717 2584 823 2635 οὐν
845 2578 879 2650 ἡ
913 2584 1075 2635 τοῦδε
1095 2587 1195 2634 τοῦ
1223 2579 1435 2650 κόσμου
1454 2582 1665 2649 γένεσις
1683 2584 1735 2644 ἐξ
1757 2579 1902 2647 ἀνάγ

260 2683 358 2730 κης
392 2682 448 2714 τε
488 2662 578 2716 καὶ
614 2668 719 2716 νοῦ
760 2678 1071 2725 συστασεως
1108 2662 1406 2731 ἐγεννηθη·
1454 2668 1561 2716 νοῦ
1597 2660 1655 2715 δε
1692 2658 1932 2730 ανάγκης

262 2742 525 2811 ἄρχοντος
544 2748 622 2816 τςό
650 2749 866 2798 πείθειν
897 2741 1073 2813 αὐτὴν
1102 2748 1216 2797 τῶν
1246 2744 1587 2812 γιγνομένων
1613 2741 1678 2794 τὰ
1710 2748 1931 2795 πλεῖστα

263 2825 348 2876 ἐπὶ
370 2823 431 2877 τὸ
453 2828 733 2892 βέλτιστον
754 2823 926 2893 ἄγειν,
950 2825 1119 2896 ταύτῃ
1141 2823 1278 2879 κατὰ
1300 2829 1470 2878 ταῦτα
1504 2845 1558 2876 τε
1586 2821 1659 2875 δι’
1689 2821 1931 2894 ἀνάγκης
