1962 3236
263 190 368 242 268
895 193 1371 243 ΠΛΑΤΩΝΟΣ

262 322 459 398 ἡσυχίᾳ
477 329 763 396 γένωνται,
786 321 962 378 αὐτοῦ
987 323 1053 394 δὴ
1085 328 1146 379 ἐν
1174 331 1239 396 τῇ
1260 326 1416 381 πόλει
1442 327 1583 382 κακὰ
1612 334 1782 399 δρῶσι
1811 349 1937 402 σμι-

262 407 368 478 κρὰ
387 407 580 462 πολλά.
625 404 704 460 To}
724 417 854 461 ποῖα
874 409 940 476 δη
962 409 1161 476 λέγεις;
1201 404 1305 463 Οἷα
1334 412 1643 481 κλέπτουσι,
1672 434 1937 483 τοιχωρυ-

261 495 445 559 χοῦσι,
483 494 1005 558 βαλαντιοτομοῦσι,
1049 492 1498 560 λωποδυτοῦσιν,
1529 494 1936 563 ἱεροσυλοῦσιν,

262 570 779 637 ἀνδραποδίζονται·
820 572 932 623 ἔστι
954 568 1004 622 δ’
1029 567 1120 624 ὅτε
1149 577 1616 640 συκοφαντοῦσιν,
1649 572 1745 627 ἐὰν
1765 577 1938 628 δυνα-

261 653 342 705 τοὶ
375 644 472 704 ὦσι
501 653 698 720 λέγειν,
729 653 819 705 καὶ
855 654 1374 747 ψευδομαρτυροῦσι
1395 655 1485 707 καὶ
1505 656 1935 723 δωροδοκοῦσιν.

204 747 233 787 c
263 730 485 828 Σμικρά
502 729 578 800 γ’,
601 735 723 801 ἔφη,
749 729 894 785 κακὰ
916 733 1104 801 λέγεις,
1125 731 1222 787 ἐὰν
1238 731 1412 802 ὀλίγοι
1433 727 1568 788 ῶσιν
1599 757 1650 789 οι
1680 743 1935 791 τοιοῦτοι.

266 810 346 866 Τὰ
365 812 472 882 γὰρ
493 805 802 883 σμικρά,ἦν
831 810 880 866 δ’
916 812 1042 881 ἐγῶ,
1073 812 1210 880 πρὸς
1238 834 1304 866 τα
1335 814 1544 881 μεγάλα
1573 817 1774 920 σμικρά
1805 820 1932 884 ἐστι,

262 895 352 947 καὶ
371 900 542 948 ταῦτα
559 891 624 963 δὴ
648 892 826 947 πάντα
845 892 983 958 πρὸς
1002 893 1281 961 τύραννον
1302 893 1538 968 πονηρίᾳ
1560 917 1616 950 τε
1637 899 1727 951 καὶ
1748 896 1936 952 ἀθλιό·

260 996 377 1044 τητι
395 975 623 1042 πόλεως,
643 974 703 1028 τὸ
736 973 1055 1043 λεγόμενον,
1089 970 1215 1027 ουδ’
1249 981 1405 1042 ἰκταρ
1425 974 1649 1044 βάλλειῐ
1666 974 1800 1030 ὅταν
1829 999 1937 1046 γαρ

262 1053 327 1124 δὴ
350 1056 542 1109 πολλοὶ
554 1057 614 1109 ἐν
633 1054 791 1109 πόλει
809 1056 1078 1122 γένωνται
1097 1056 1152 1107 οὗ
1172 1060 1411 1109 τοιοῦτοι
1429 1057 1518 1109 καὶ
1538 1055 1694 1111 ἄλλοι
1717 1061 1770 1111 οἱ
1789 1063 1936 1122 ξυνε-

258 1135 492 1205 πόμενοι
530 1135 732 1203 αὐτοῖς,
753 1137 843 1189 καὶ
872 1143 1179 1189 αἴσθωνται
1216 1136 1429 1190 ἑαυτῶν
1455 1134 1514 1191 τὸ
1556 1143 1786 1207 πλῆθος,
1816 1138 1937 1192 τότε

259 1211 419 1272 οὗτοί
433 1222 571 1272 εἰσιν
593 1219 650 1271 οἱ
663 1216 761 1271 τὸν
779 1216 1058 1287 τύραννον
1075 1222 1379 1285 γεννῶντες
1397 1218 1530 1286 μετὰ
1553 1218 1730 1288 δήμου
1750 1219 1940 1283 ἀνοίας

200 1306 202 1308 ’
259 1302 488 1368 ἐκεῖνον,
508 1296 567 1362 ὂς
588 1295 659 1352 ἀν
678 1295 866 1352 αὐτῶν
883 1298 1115 1367 μάλιστα
1135 1296 1300 1361 αὐτὸς
1320 1301 1378 1351 ἐν
1409 1295 1557 1370 αὐτῷ
1577 1301 1830 1368 μέγιστον
1849 1302 1938 1354 καὶ

199 1399 234 1439 D
263 1388 519 1435 πλεῖστον
534 1381 594 1434 ἐν
614 1386 680 1450 τῇ
697 1385 847 1449 ψυχῇ
862 1378 1142 1448 τύραννον
1163 1383 1270 1449 ἔχῃ.
1309 1379 1552 1442 Εἰκότως
1572 1378 1645 1448 γῖ,
1668 1384 1773 1453 ἔφη
1790 1402 1801 1411 ·
1839 1402 1933 1435 τυ-

261 1461 668 1530 ραννικῶτατος
685 1459 791 1528 γὰρ
813 1457 885 1513 ὅὶν
904 1467 1000 1529 εἴη.
1044 1457 1272 1514 Οὐκοῦν
1291 1457 1389 1514 ε’ἀν
1407 1458 1508 1529 μὲν
1537 1460 1755 1524 ἑκόντες
1783 1458 1938 1515 ὑπεί-

260 1558 457 1596 κωσιν
496 1540 592 1596 ἐάν
613 1540 670 1595 δὲ
700 1540 771 1610 μὴ
805 1542 1062 1638 ἐπιτρέπῃ
1090 1537 1122 1609 ἡ
1154 1539 1327 1608 πόλις,
1360 1538 1542 1608 ῶσπερ
1580 1540 1701 1595 τότε
1736 1544 1940 1611 μητέρα

259 1625 350 1679 καὶ
371 1626 578 1691 πατέρα
596 1621 869 1690 ἐκόλαζεν,
891 1621 1037 1676 οὕτω
1059 1621 1226 1676 πάλιν
1243 1619 1344 1690 τὴν
1361 1624 1659 1692 πατρίδα,’
1633 1623 1730 1677 εὰν
1747 1617 1859 1686 οἶός
1883 1620 1936 1676 τ’

259 1699 313 1775 ᾗ,
335 1705 624 1759 κολάσεται
643 1703 1064 1774 ἐπεισαγόμενος
1084 1706 1243 1766 νέους
1263 1704 1527 1772 ἑταίρους,
1559 1704 1650 1756 καὶ
1678 1698 1784 1756 ὑπὸ
1807 1702 1940 1756 τού-

259 1807 371 1850 τοις
391 1784 457 1855 δὴ
480 1785 865 1840 δουλεύουσαν
883 1786 984 1854 τὴν
1002 1785 1171 1838 πάλαι
1191 1788 1359 1852 φίλην
1379 1786 1612 1853 μητρίδα
1632 1804 1705 1853 τε,
1727 1787 1938 1853 Κρῆτές

262 1881 416 1934 φασι,
438 1868 530 1920 καὶ
547 1870 782 1936 πατρίδα
803 1868 906 1930 ἕξει
925 1887 981 1920 τε
1007 1868 1097 1920 καὶ
1116 1869 1314 1934 θρέψει
1328 1886 1340 1896 ·
1378 1865 1469 1919 καὶ
1498 1870 1661 1919 τοῦτο
1685 1862 1750 1932 δὴ
1771 1862 1832 1918 τὸ
1853 1865 1941 1918 τέ-

200 1961 233 2000 E
264 1956 357 2013 λος
376 1945 448 2003 ἂν
470 1957 551 2019 εἴη
572 1954 668 2019 τῆς
687 1950 980 2019 ἐπιθυμίας
1001 1954 1101 2002 τοῦ
1130 1947 1385 2001 τοιούτου
1414 1944 1633 2013 ἀνδρός.
1680 1952 1874 2014 Τοῦτο,
1905 1935 1940 2013 ἦ

261 2029 311 2086 δ’
334 2029 412 2101 ὅς,
438 2030 758 2085 παντάπασί
771 2052 847 2099 γε.
891 2027 1135 2097 Οὐκοῦν,
1158 2022 1230 2097 ἦν
1252 2026 1305 2081 δ’
1328 2027 1453 2096 ἐγώ,
1475 2020 1633 2080 οὗτοί
1656 2047 1718 2094 γε
1739 2028 1937 2079 τοιοίδε

259 2118 543 2182 γίγνονται
563 2116 674 2183 ἰδία
693 2113 783 2166 καὶ
803 2112 935 2178 πρὶν
956 2109 1165 2179 ἄρχειν·
1204 2115 1423 2178 πρῶτον
1443 2110 1543 2177 μὲν
1567 2104 1646 2171 οἷς
1665 2103 1734 2161 ἀν
1758 2111 1936 2171 ξυνῶ-

260 2209 366 2261 σιν,
391 2190 426 2261 ἤ
446 2193 669 2255 κόλαξιν
690 2193 903 2246 ἑαυτῶν
922 2190 1177 2255 ξυνόντες
1206 2193 1298 2244 καὶ
1328 2196 1440 2243 πᾶν
1470 2191 1702 2258 ἑτοίμοις
1731 2185 1938 2258 ὑπηρε-

144 2288 229 2333 576
258 2285 387 2343 τεῒν,
409 2269 443 2342 ἦ
464 2272 562 2327 ἐάν
583 2271 681 2327 τού
701 2294 751 2327 τι
772 2274 1017 2342 δέωνται,
1038 2269 1193 2326 αὐτοὶ
1212 2268 1603 2340 ὑποπεσόντες,
1618 2269 1798 2323 πάντα
1818 2269 1938 2338 σχή-

260 2376 402 2425 ματα
421 2360 728 2423 τολμῶντες
747 2364 924 2407 ποιεῖν
943 2351 1014 2416 ὡς
1036 2357 1239 2422 οἰκεῖοι,
1263 2352 1689 2421 διαπραξάμενοι
1703 2353 1761 2405 δὲ
1783 2347 1937 2404 ἀλλό-

260 2458 426 2504 τριοι;
463 2437 571 2490 Καὶ
592 2435 812 2505 σφόδρα
831 2457 906 2505 γε.
948 2434 1036 2490 Ἐν
1062 2437 1225 2489 παντὶ
1256 2433 1363 2504 ἄρα
1393 2439 1470 2488 τῶ
1497 2438 1598 2505 βίω
1630 2437 1759 2498 ζῶσι
1789 2437 1939 2501 φίλοι

261 2540 363 2587 μεν
393 2515 657 2572 ουδέποτε
688 2515 892 2586 οὐδενί,
918 2515 1002 2571 ἀεὶ
1031 2518 1095 2570 δέ
1119 2537 1220 2570 του
1250 2489 1604 2580 δεσπόζοντες
1635 2509 1671 2582 ἢ
1704 2511 1934 2567 δουλεύ-

262 2620 418 2663 οντες
437 2597 603 2672 ἄλλῳ,
626 2601 945 2669 ἐλευθερίας
964 2592 1023 2652 δε
1049 2599 1139 2652 καὶ
1159 2602 1342 2666 φιλίας
1362 2595 1612 2695 022122803133
1631 2591 1931 2664 τυραννικὴ

262 2681 428 2748 φύσις
447 2677 530 2734 ἀεὶ
556 2679 834 2749 άγευστος.
873 2678 1038 2734 Πάνυ
1055 2702 1156 2749 μεν
1176 2683 1295 2735 οὐν.
1337 2673 1451 2746 Ἆρ’
1485 2681 1590 2732 οῦν
1618 2674 1722 2730 οὐκ
1752 2671 1940 2741 ὀρθῶς

262 2756 333 2813 ἀν
358 2761 488 2824 τοὺς
516 2760 804 2825 τοιούτους
833 2758 1095 2824 ἀπίστους
1125 2767 1414 2830 καλοῖμεν;
1451 2763 1580 2820 Πῶς
1610 2753 1662 2809 δ’
1694 2753 1791 2819 οὔ;
1830 2756 1939 2808 Καὶ

262 2837 373 2909 μὴν
395 2839 618 2904 ἀδίκους
637 2863 698 2911 γε
721 2839 793 2906 ὡς
824 2838 944 2896 οἷόν
970 2864 1029 2897 τε
1059 2841 1310 2911 μάλιστα,
1343 2849 1494 2909 εἴπερ
1525 2837 1709 2906 ὀρθῶς
1742 2839 1801 2890 ἐν
1830 2846 1941 2898 τοῖς
