1962 3236
630 141 1107 220 HQAITEIAZ
1138 133 1190 200 ζ’.
1650 137 1753 192 217

73 265 107 341 ἧ
124 274 178 331 δ’
200 275 277 342 ὃς.
304 276 371 332 ’Ἀ
389 298 447 332 τε
468 278 534 348 δὴ
557 275 629 331 σύ
651 268 899 346 εἷπες,ἦν
918 271 973 330 δ’
997 273 1124 345 ἐγώ,
1142 272 1208 328 τὰ
1228 275 1354 342 περὶ
1373 272 1472 328 τὸν
1491 275 1754 345 πόλεμον,

66 360 157 414 καὶ
179 360 246 429 δὴ
267 358 516 427 καὶπρὸς
536 359 715 422 πάσας
742 354 1032 427 μαθήσεις,
1062 354 1203 411 ὥστε
1231 355 1463 411 κάλλιον
1491 354 1756 428 ἀποδέχε-

68 447 220 509 σθαι,
242 447 401 510 ῖσμεν
420 460 531 494 που
550 438 636 495 ὅτι
656 443 731 511 τῷ
752 436 864 510 ὅλῳ
894 438 987 493 καὶ
1018 439 1182 492 παντὶ
1208 440 1398 493 διοίσει
1428 434 1670 509 ἡμμένος
1699 458 1758 494 τε

69 527 398 592 γεωμετρίας
418 524 507 579 καὶ
526 522 617 592 μή.
663 525 755 594 Τῶ
773 521 938 574 παντὶ
966 522 1154 589 μέντοι
1170 517 1240 589 νὴ
1260 516 1375 590 Δί’,
1399 523 1521 591 ἔφη.
1546 520 1759 576 Δεύτε-

72 623 174 670 ρον
194 604 260 674 δὴ
282 611 446 660 τοῦτο
466 608 714 674 τιθῶμεν
742 601 976 673 μάθημα
995 611 1108 664 τοῖς
1126 604 1298 668 νέοις;
1334 607 1611 674 Τιθῶμεν,
1635 607 1755 674 ἔφη.

210 689 271 740 Χ.
314 689 383 740 Τί
397 688 512 749 δαίς
549 688 736 753 τρίτον
749 687 947 752 θῶμεν
974 679 1374 754 ἀστρονομίαν;
1405 680 1442 755 ἢ
1473 680 1543 740 οὐ
1573 687 1754 750 δοκεῖς
1788 702 1824 743 1)

54 757 271 836 ”Εμοιγ’
293 760 417 835 οὖν,
440 770 545 836 ἔφη
560 787 570 796 ·
599 764 661 820 τό
683 763 791 835 γὰρ
811 771 938 834 περὶ
958 762 1106 833 ὥρας
1126 763 1600 836 εὐαισθητοτέρως
1618 770 1760 835 ἔχειν

70 849 160 902 καὶ
177 853 369 918 μηνῶν
390 848 481 901 καὶ
499 849 770 902 ἐνιαυτῶν
798 843 868 901 ού
888 845 1066 916 μόνον
1082 850 1323 918 γεωργίᾳ
1345 843 1476 901 οὐδὲ
1503 851 1766 942 ναυτιλίξ

70 929 354 998 προσήκει,
377 927 514 984 ἀλλὰ
533 931 622 983 καὶ
644 933 944 1001 στρατηγίᾳ
964 925 1067 998 ούχ
1098 920 1279 999 ἦττον.
1311 926 1478 992 Ἡδύς
1508 926 1571 996 εἷ,
1599 920 1672 998 ἦν
1704 929 1736 980 δ

68 1013 196 1083 ἐγώ,
216 1011 300 1068 ὅτι
331 1017 511 1077 ἔοικας
536 1012 743 1068 δεδιότι
756 1011 894 1077 τούς
918 1013 1179 1083 πολλούς,
1211 1010 1284 1083 μὴ
1320 1015 1486 1085 δοκῇς
1514 1012 1756 1082 ἄχρηστα

13 1152 20 1163 ,
70 1095 372 1165 μαθήματα
392 1095 769 1163 προστάττειν.
789 1093 850 1150 τὸ
873 1092 923 1149 δ’
947 1099 1097 1149 ἔστιν
1117 1093 1186 1149 ού
1204 1094 1357 1149 πάνυ
1377 1098 1600 1164 φαῦλον
1619 1089 1760 1148 ἀλλά
1842 1165 1848 1172 ·

67 1175 310 1248 χαλεπὸν
339 1182 646 1247 πιστεῦσαι,
679 1175 765 1232 ὅτι
794 1180 854 1231 ἐν
884 1178 1102 1242 τούτοις
1130 1190 1243 1242 τοῖς
1272 1177 1599 1248 μαθήμασιν
1633 1173 1758 1232 ἑκά-

0 1298 1 1331 3
70 1275 206 1313 στου
237 1256 483 1327 ὄργανόν
514 1281 567 1313 τι
609 1264 786 1329 ψυχῆς
824 1260 1219 1329 ἐκκαθαίρεταί
1242 1280 1299 1313 τε
1338 1260 1430 1313 καὶ
1464 1256 1759 1324 ἀναζωπυ-

71 1352 241 1405 ρεῖται
277 1338 667 1411 ἀπολλύμενον
707 1343 798 1395 καὶ
834 1341 1230 1412 τυφλούμενον
1267 1337 1378 1394 ὑπὸ
1419 1346 1533 1394 τῶν
1570 1338 1758 1393 ἄλλων
1786 1351 1820 1391 Ε

70 1423 536 1492 ἐπιτηδευμάτων,
558 1433 810 1490 κρεῖττον
839 1421 908 1478 ὂν
936 1429 1190 1494 σωθῆναι
1218 1426 1436 1494 μυρίων
1465 1417 1755 1492 ὀμμάτων·

70 1502 225 1575 μόνῳ
244 1502 354 1573 γὰρ
374 1501 526 1577 αὐτῷ
545 1501 781 1574 ἀλήθεια
802 1502 1011 1572 ὁρᾶται.
1051 1500 1131 1569 οἷς
1161 1505 1266 1575 μὲν
1294 1497 1401 1559 οὖν
1428 1508 1601 1558 ταῦτα
1622 1506 1761 1568 ξυν-

14 1645 21 1654 ‚
73 1589 240 1652 δοκεῖ,
263 1584 558 1656 ἀμηχάνως
580 1583 653 1651 ῶς
681 1580 746 1642 εὖ
775 1586 949 1653 δόξεις
968 1590 1174 1658 λέγειν·
1208 1585 1331 1642 ὅσοι
1350 1588 1411 1642 δὲ
1428 1585 1634 1642 τούτου
1653 1607 1762 1656 μη-

76 1671 222 1737 δαμῇ
248 1666 552 1738 ᾐσθημένοι
565 1672 720 1737 εἰσίν,
742 1667 964 1732 εἰκότως
981 1665 1289 1739 ἡγήσονταί
1302 1670 1364 1723 σε’
1382 1670 1563 1738 λέγειν
1577 1665 1757 1723 οὐδέν·

71 1747 247 1818 ἄλλην
267 1746 372 1816 γὰρ
393 1746 490 1802 ἀπ’
513 1748 700 1805 αὐτῶν
731 1748 830 1820 οὐχ
851 1748 1060 1819 ὁρῶσιν
1080 1747 1239 1815 ἀξίαν
1267 1748 1442 1819 λόγου
1472 1746 1760 1819 ὠφέλειαν.

74 1829 267 1885 σκόπει
286 1823 392 1883 οὖν
411 1828 676 1901 αὐτόθεν,
699 1830 837 1899 πρὸς
866 1834 1134 1901 ποτέρους
1164 1833 1420 1902 διαλέγει,
1452 1827 1490 1902 ἢ
1519 1829 1588 1885 οὐ
1616 1827 1758 1898 πρὸς
1791 1836 1878 1880 528

72 1908 415 1979 οὐδετέρους,
429 1910 568 1967 ἀλλὰ
590 1919 802 1967 σαυτοῦ
821 1914 982 1968 ἕνεκα
995 1911 1055 1967 τὸ
1076 1915 1334 1983 μέγιστον
1354 1922 1502 1968 ποιεῖ
1515 1909 1646 1976 τούς
1665 1908 1762 1966 λό-

12 2011 22 2027 ’
72 2012 222 2062 γους,
245 1998 484 2061 φθονοῖς
507 1992 620 2063 μὴν
658 1991 781 2047 οὐδ’
823 1990 894 2047 ἄν
923 1992 1091 2066 ἄλλῳ,
1124 2001 1179 2048 εἴ
1202 2001 1281 2058 τίς
1316 2015 1368 2048 τι
1402 1992 1629 2048 δύναιτο
1661 1989 1759 2046 ἀπ’

15 2098 24 2146 ζ
70 2072 258 2127 αὐτῶν
275 2071 533 2129 ὄνασθαι.
575 2073 786 2145 Οὕτως,
808 2078 931 2146 ἔφη,
953 2079 1234 2147 αἱροῦμαι,
1256 2078 1499 2147 ἐμαυτοῦ
1515 2076 1679 2130 ἕνεκα
1699 2074 1759 2129 τὸ

73 2162 329 2210 πλεῖστον
349 2158 531 2226 λέγειν
547 2178 604 2212 τε
626 2158 717 2212 καὶ
735 2160 951 2229 ἐρωτᾷν
985 2158 1076 2212 καὶ
1105 2155 1525 2228 ἀποκρίνεσθαι.
1558 2155 1758 2226 ’Ἀναγε

70 2243 283 2306 τοίνυν,
304 2231 375 2306 ἦν
395 2235 449 2292 δ’
469 2236 596 2308 ἐγώ,
619 2243 694 2302 είς
714 2238 985 2294 τούπίσω·
1014 2246 1122 2294 νῦν
1144 2238 1209 2310 δὴ
1232 2238 1340 2309 γὰρ
1361 2236 1465 2294 ούκ
1486 2234 1674 2308 ὀρθῶς
1693 2235 1753 2293 τὸ

0 2315 19 2378 ῑζ
76 2317 198 2387 ἑξῆς
217 2317 487 2387 ἐλάβομεν
513 2325 581 2390 τῇ
609 2327 928 2393 γεωμετρίᾳ.
967 2326 1096 2385 Πῶς
1124 2320 1415 2392 λαβόντες;
1446 2324 1567 2391 ἔφη.
1601 2317 1760 2375 Μετὰ

76 2401 353 2467 ἐπίπεδον,
377 2393 447 2470 ἦν
467 2397 520 2454 δ’
543 2400 667 2470 ἐγώ,
690 2404 752 2457 έν
770 2409 1045 2475 περιφορᾷ
1073 2402 1140 2457 ὂν
1158 2402 1265 2474 ἤδη
1295 2400 1525 2473 στερεὸν
1553 2399 1762 2473 λαβόν-

77 2500 180 2547 τες,
203 2483 334 2549 πρὶν
353 2478 487 2536 αὐτὸ
510 2481 645 2537 καθ’
670 2481 804 2538 αὑτὸ
831 2490 1046 2555 λαβεῖν·
1079 2481 1265 2552 ὀρθῶς
1284 2486 1343 2540 δὲ
1363 2488 1470 2554 ἔχει
1488 2485 1607 2554 ἑξῆς
1626 2480 1759 2553 μετὰ
1799 2502 1829 2542 Β

8 2609 9 2612 ,
75 2564 341 2630 δευτέραν
357 2561 533 2634 αὔξην
551 2571 740 2635 τρίτην
761 2565 1080 2637 λαμβάνειν.
1115 2570 1228 2621 ἔστι
1247 2569 1313 2620 δέ
1325 2585 1435 2620 που
1454 2572 1618 2620 τοῦτο
1638 2567 1764 2632 περὶ

0 2663 18 2693 τ
70 2643 176 2713 τήν
193 2650 305 2698 τῶν
323 2645 516 2717 κύβων
538 2646 714 2717 αὔξην
734 2649 822 2701 καὶ
843 2645 903 2702 τὸ
935 2647 1156 2719 βάθους
1185 2649 1426 2718 μετέχον.
1456 2645 1611 2702 ’Ἐστι
1638 2646 1762 2718 γάρ,

0 2763 2 2767 >
71 2732 204 2800 ἔφη·
245 2722 383 2783 ἀλλὰ
406 2729 579 2783 ταῦτά
601 2750 680 2798 γε,
704 2723 748 2784 ὦ
771 2727 1085 2799 Σώκρατες,
1109 2733 1270 2785 δοκεῖ
1291 2727 1448 2785 οὔπω
1470 2726 1762 2801 εὑρῆσθαι.

69 2821 245 2870 Διττα
275 2806 395 2884 γάρ,
420 2797 492 2873 ἦν
510 2807 560 2864 δ’
587 2809 713 2882 ἐγώ,
735 2811 799 2865 τά
823 2818 991 2866 αἴτια·
1033 2808 1115 2866 ’ὅτι
1144 2832 1201 2866 τε
1230 2807 1462 2882 οὐδεμία
1489 2810 1649 2875 πόλις
1675 2812 1763 2865 ἐν-

0 2975 68 3236 *t
