1962 3236
571 92 1059 173 ⁷110A1TE1A2
1082 115 1150 170 θ’.
1419 86 1421 88 ’
1602 119 1702 174 271

0 265 193 329 ,ραχῆς
211 258 303 314 καὶ
321 261 673 328 μεταμελείας
689 253 857 327 μεστὴ
888 258 1053 311 ἔσται.
1089 259 1219 319 Πῶς
1246 252 1354 324 γὰρ
1383 252 1480 320 οὕς
1517 261 1706 310 Πλου-

0 371 3 399 ς
26 345 153 395 σίαν
183 338 243 395 δὲ
267 331 645 409 ἦὶεενομένην
672 334 887 407 ἀνάγκη
925 334 1026 405 τὴν
1053 337 1512 406 τυραννουμένην
1540 335 1705 391 πόλιν

29 418 195 483 εἶναι;
224 420 570 489 ,Πενομένημ
607 417 717 472 Καὶ
735 414 919 487 ψυχὴν
945 415 1054 485 ἄρα
1080 412 1423 487 τυραννικὴν
1442 415 1707 486 πενιχρὰν
1732 423 1820 471 578

27 504 117 556 καὶ
145 500 428 571 ἄπληστον
453 495 666 568 ἀνάγκη
691 497 776 552 ἀεὶ
807 496 958 551 εἶναι.
1011 495 1221 566 Οὕτως,
1243 490 1282 567 ἦ
1314 494 1368 550 δ’
1396 493 1470 562 ὅς.
1518 502 1588 552 Τι’
1619 500 1680 552 δέ
1689 521 1704 564 ;

28 582 212 652 φόβου
230 586 417 652 γέμειν
434 573 528 648 ἆρ’
551 576 653 633 οὐκ
673 576 887 648 ἀνάγκη
907 577 1012 647 τήν
1032 598 1095 647 γε
1124 578 1386 650 τοιαύτην
1413 578 1579 635 πόλιν
1605 578 1707 634 τόν

27 686 82 719 τε
102 669 355 719 τοιοῦτον
374 660 576 729 ἇνδρα;
608 659 798 730 Πολλή
819 681 897 728 γε.
946 657 1247 728 Ὀδυρμούς
1276 661 1335 717 δὲ
1363 663 1454 716 καὶ
1474 677 1706 730 στεναγ-

25 745 165 815 μούς
180 744 269 799 καὶ
287 741 539 813 θρήνους
559 742 651 797 καὶ
671 737 982 810 ἀλγηδόνας
1002 747 1103 795 οἴει
1122 744 1184 795 ἒν
1200 763 1307 796 τινι
1327 741 1465 815 ἄλλῃ
1485 748 1707 806 πλείους

26 823 307 895 εὑρήσειν;
331 822 616 892 Οὐδαμῶς.
650 819 739 877 Ἐν
756 820 916 890 ἀνδρὶ
936 821 996 876 δὲ
1014 817 1209 890 ἡγεῑτά
1231 829 1457 877 τοιαῦτα
1479 826 1538 877 έν
1557 822 1705 896 ἄλλῳ

27 909 132 961 τινὶ
151 911 317 961 πλείω
338 903 476 960 εἶναι
494 900 530 975 ἢ
550 906 611 960 ἐν
630 910 708 976 τῷ
723 904 1036 975 μαινομένῳ
1054 899 1164 957 ὑπὸ
1197 905 1510 974 ἐπιθυμιῶν
1537 925 1595 959 τε
1617 906 1709 960 καὶ

29 988 247 1055 ἐρώτων
285 984 460 1056 τούτῳ
501 990 575 1059 τῷ
612 989 953 1057 τυραννικῶς
995 988 1126 1047 Πῶς
1159 981 1266 1052 γὰρ
1300 983 1399 1051 άν;
1431 987 1552 1055 ἔφη.
1609 990 1708 1051 Εἰς

28 1068 205 1121 πάντα
232 1065 318 1137 δή,
348 1064 515 1135 οἶμαι,
551 1064 723 1119 ταῦτά
759 1085 816 1119 τε
846 1066 935 1119 καὶ
969 1062 1107 1119 ἄλλα
1135 1070 1360 1120 τοιαῦτα
1390 1063 1706 1137 ἀποβλέψας
1739 1085 1772 1124 Β

28 1149 130 1217 τήν
150 1169 209 1216 γε
230 1147 395 1202 πόλιν
415 1153 527 1201 τῶν
556 1147 773 1200 πόλεων
803 1143 1153 1216 ἀθλιωτάτην
1182 1150 1414 1214 ἔκρινας.
1477 1146 1707 1204 Οὐκοῦν

25 1227 238 1297 ὀρθῶς;
275 1231 395 1297 ἔφη.
433 1228 541 1281 Καὶ
560 1226 723 1297 μάλα,
744 1219 814 1296 ἦν
834 1224 885 1281 δ’
908 1224 1027 1296 ἐγώ.
1066 1226 1206 1297 ἀλλὰ
1226 1229 1349 1295 περὶ
1374 1235 1477 1283 τοῦ
1502 1227 1707 1299 ἀνδρὸς

26 1303 99 1364 αὖ
119 1315 218 1364 τοῦ
238 1313 578 1377 τυραννικοῦ
602 1313 658 1362 τί
673 1310 844 1377 λέγεις
863 1311 938 1371 εἰς
955 1303 1129 1362 ταύτά
1148 1314 1321 1363 ταῦτα
1342 1306 1704 1380 ἀποβλέπων,

26 1397 265 1462 Μακρῷ,
302 1394 427 1460 ἔφη,
475 1386 823 1444 ἀθλιώτατον
863 1386 1003 1443 εἶναι
1044 1394 1156 1443 τῶν
1192 1385 1377 1444 ἄλλων
1424 1386 1703 1445 ἁπάντων.

32 1477 229 1539 Τοῦτο,
269 1464 343 1541 ἦν
362 1467 423 1524 ’δ’
459 1469 584 1539 ἐγώ,
628 1467 809 1525 οὐκέτ’
842 1467 1029 1538 ὀρθῶς
1063 1473 1251 1539 λέγεις.
1290 1477 1450 1538 Πῶς;
1487 1464 1524 1542 ἦ
1544 1470 1596 1527 δ’
1627 1470 1702 1537 ὅς.

0 1600 5 1621 ,
32 1552 223 1620 Οὔπω,
246 1556 405 1622 ἔφην,
427 1549 591 1621 οἶμαι,
614 1544 777 1615 οὗτός
798 1554 944 1606 ἐστιν
965 1548 992 1606 ὁ
1012 1557 1259 1615 τοιοῦτος
1277 1552 1527 1622 μάλιστα.
1545 1549 1704 1609 Ἀλλά

0 1645 5 1706 J.
28 1642 107 1699 τίς
126 1634 199 1704 μή
207 1656 261 1694 ν;
286 1630 414 1688 “Ode
434 1641 564 1697 ἴσως
583 1650 671 1687 σοι
693 1636 770 1688 ἔτι
790 1631 934 1698 δόξει
955 1630 1094 1687 εἶναι
1116 1632 1320 1687 τούτου
1348 1630 1705 1704 ἀθλιώτερος.

0 1718 11 1760 ἶ
27 1721 221 1780 Ποῖος;
242 1714 335 1779 Ὃς
360 1714 447 1783 ἄν,
470 1708 541 1785 ἦν
561 1712 614 1769 δ’
638 1714 763 1784 ἐγώ,
785 1713 1116 1782 τυραννικὸς
1135 1710 1216 1769 ῶν
1240 1713 1312 1785 μὴ
1335 1715 1561 1787 ἰδιώτην
1579 1719 1705 1787 βίον
1737 1738 1766 1780 c

27 1804 284 1871 καταβιῷ,
307 1795 447 1852 ἀλλὰ
469 1796 739 1867 δυστυχὴς
759 1789 795 1867 ᾗ
812 1796 904 1851 καὶ
932 1795 1081 1870 αὐτῷ
1112 1792 1221 1851 ὑπό
1244 1817 1394 1860 τινος
1415 1803 1710 1868 συμφορᾶς

36 1882 334 1950 ἐκπορισθῇ
354 1875 491 1933 ὥστε
511 1878 769 1951 τυράννῳ
790 1878 1066 1947 γενέσθαι.
1095 1882 1468 1949 Τεκμαίρομαί
1485 1896 1563 1949 σε,
1583 1882 1707 1950 ἔφη,

0 1984 1 1988 ’
27 1964 85 2015 ἐκ
106 1967 218 2016 τῶν
236 1965 650 2030 προειρημένων
668 1955 855 2029 ἀληθῆ
873 1961 1068 2028 λέγειν.
1106 1965 1237 2028 Ναί,
1258 1953 1332 2030 ἦν
1351 1958 1404 2014 δ’
1426 1960 1535 2029 ἐγώ
1549 1983 1559 1994 ·
1593 1957 1705 2015 ἀλλ’

28 2041 134 2097 οὐκ
162 2048 379 2096 οἴεσθαι
415 2041 514 2111 χρὴ
553 2039 620 2096 τὰ
657 2047 901 2112 τοιαῦτα,
932 2038 1053 2096 ἀλλ’
1094 2035 1159 2096 εὖ
1188 2042 1334 2111 μάλα
1362 2049 1440 2116 τῷ
1473 2041 1706 2116 τοιούτῳ

28 2121 172 2196 λόγῳ
194 2133 435 2179 σκοπεῖν,
472 2125 595 2193 περὶ
615 2123 720 2193 γάρ
740 2145 824 2178 τοι
851 2129 953 2179 τοῦ
982 2129 1243 2193 μεγίστου
1270 2122 1303 2194 ἡ
1334 2130 1538 2193 σκέψις,
1570 2122 1709 2193 ἀγα-

30 2209 142 2258 θοῦ
161 2224 216 2258 τε
236 2208 363 2273 βίου
381 2207 471 2259 καὶ
486 2210 679 2260 κακοῦ.
716 2204 1035 2273 Ὁρθότατα,
1055 2197 1091 2275 ἦ
1111 2203 1164 2260 δ’
1187 2203 1262 2269 ὅς.
1306 2205 1518 2261 Σκόπει
1546 2204 1633 2276 δή,
1663 2209 1713 2260 εἰ

28 2283 135 2352 ἄρα
153 2285 202 2340 τὶ
222 2285 376 2354 λέγω.
411 2288 566 2341 δοκεῖ
588 2284 695 2356 γάρ
724 2308 818 2357 μοι
849 2289 964 2342 δεῖν
991 2289 1251 2358 ἐννοῆσαι
1281 2288 1341 2342 ἐκ
1378 2289 1554 2342 τῶνδε
1585 2286 1706 2355 περὶ
1734 2309 1769 2349 1)

30 2365 204 2422 αὐτοῦ
224 2372 581 2432 σκοποῦντας.
617 2366 703 2422 Ἐκ
722 2375 915 2432 τίνων;
936 2365 1018 2435 Ἐξ
1038 2367 1159 2433 ἑνὸς
1180 2368 1414 2424 ἑκάστου
1434 2374 1548 2423 τῶν
1567 2372 1709 2423 ἰδιω-

29 2456 158 2514 τῶν,
181 2446 302 2504 ὅσοι
324 2448 579 2505 πλούσιοι
598 2451 658 2504 ἐν
678 2450 903 2506 πόλεσιν
931 2449 1254 2519 ἀνδράποδα
1274 2449 1450 2507 πολλὰ
1479 2452 1711 2520 κέκτην-

31 2553 130 2586 ται.
153 2524 307 2586 οὖτοι
319 2528 424 2601 γὰρ
444 2529 606 2586 τοῦτό
625 2552 686 2600 γε
708 2531 1050 2602 προσόμοιον
1069 2537 1253 2602 ἔχουσι
1271 2544 1383 2597 τοῖς
1395 2531 1709 2601 τυράννοις,

31 2611 90 2667 τὸ
111 2618 334 2668 πολλῶν
352 2610 564 2682 ἄρχειν·
604 2614 853 2682 διαφέρει
876 2613 933 2669 δὲ
953 2612 1013 2668 τὸ
1035 2616 1252 2670 ἐκείνου
1279 2617 1511 2683 πλῆθος.
1568 2618 1712 2667 Δια-

31 2697 185 2763 φέρει
204 2693 325 2765 γάρ.
364 2691 530 2750 Οἷσθ’
556 2687 660 2749 οὖν
679 2693 765 2749 ὅτι
793 2689 947 2750 οὖτοι
974 2693 1147 2760 ἀδεῶς
1175 2698 1359 2765 ἔχουσι
1391 2694 1482 2749 καὶ
1511 2691 1579 2748 οὐ
1603 2714 1711 2764 φο-

31 2781 259 2846 βοῦνται
276 2776 406 2842 τούς
425 2781 662 2843 clu-{tam
690 2783 757 2833 Τι’
774 2776 881 2847 γάρ
902 2773 974 2832 ἂν
994 2782 1288 2849 φοβοῖντο;
1313 2774 1514 2846 Οὐδέν,
1538 2773 1710 2832 εἷπον·
