1962 3236
236 166 305 217 90
390 193 392 195 ·
863 171 1333 220 ΠΛΑΤΩΝΟΣ

174 314 207 357 Β
238 305 468 372 ἰατρικῇ,
491 299 786 357 ἀπέκναισε
807 308 1027 371 πρῶτον
1038 302 1138 371 μὲν
1151 303 1241 357 καὶ
1255 303 1491 373 μάλιστα
1511 306 1725 377 ἑαυτόν,
1751 307 1906 364 ἔπειτ’

235 382 438 446 ἄλλους
470 381 707 453 ὕστερον
723 382 977 446 πολλούς.
1015 388 1106 455 Πῇ
1140 383 1235 454 δή;
1268 387 1390 455 ἔφη.
1465 388 1722 459 Μακρόν,
1755 382 1826 459 ἦν
1855 389 1909 445 δ’

233 463 360 534 ἐγώ,
384 461 483 518 τὸν
502 463 756 519 θάνατον
775 460 927 534 αὑτῳ
949 464 1197 534 ποιήσας.
1233 474 1683 534 παρακολουθων
1703 467 1811 539 γὰρ
1831 491 1906 542 τῳ

234 544 502 615 νοσήματι
519 549 812 617 θανασίμῳ
834 541 953 600 ὅντι
971 543 1100 601 οὔτε
1118 545 1403 619 ἰάσασθαι,
1427 547 1594 620 οἶμαι,
1616 544 1731 614 οἷός
1759 549 1808 604 τ’
1839 543 1911 620 ἦν

233 624 451 695 ἑαυτόν,
475 626 536 680 ἐν
555 622 783 698 ἀσχολία
803 647 860 680 τε
880 626 1105 682 πάντων
1124 627 1512 699 ἰατρευόμενος
1543 627 1632 684 διά
1663 634 1790 701 βίου
1819 634 1906 700 ἔζη

230 701 689 776 ἀποκναιόμενος,
711 714 826 762 εἴτι
844 712 938 778 τῆς
958 711 1220 772 εἰωθυίας
1242 713 1448 781 διαίτης
1460 712 1671 781 ἐκβαίη,
1689 714 1909 766 δυσθα-

230 791 414 840 νατῶν
435 785 494 842 δὲ
514 784 624 841 ὑπὸ
651 791 848 856 σοφίας
880 792 956 851 εἰς
984 794 1155 859 γῆρας
1186 786 1430 859 ἀφίκετο.
1487 790 1678 847 Καλὸν
1709 789 1816 860 ἄρα
1845 791 1905 846 τὸ

226 869 409 938 γέρας,
432 871 556 938 ἔφη,
577 873 672 938 τῆς
690 870 881 939 τέχνης
900 867 1187 939 ἠνέγκατο.
1229 866 1365 925 Οἷον
1395 871 1557 941 εἰκός,
1586 866 1659 942 ἧν
1691 869 1742 927 δ’
1779 873 1904 942 ἐγώ,

169 962 201 1003 C
231 944 330 1002 τὸν,
360 947 433 1019 μὴ
466 947 665 1017 εἰδότα,
701 946 785 1003 ὅτι
818 947 1140 1019 Ἀσκληπιὸς
1170 949 1273 1005 οὐκ
1302 950 1499 1023 ἀγνοία
1530 950 1660 1008 οὐδὲ
1689 951 1907 1024 ἀπειρία

225 1029 431 1084 τούτου
465 1036 567 1083 τοῦ
604 1032 787 1093 εἴδους
822 1035 918 1099 τῆς
947 1034 1191 1101 ἰατρικῆς
1227 1042 1339 1095 τοῖς
1369 1031 1619 1102 ἐκγόνοις
1648 1030 1716 1087 οὐ
1745 1036 1906 1087 κατέ-

186 1098 404 1182 δειξεν
425 1106 580 1178 αὐτό,
601 1106 725 1164 ἀλλ’
751 1108 953 1174 εἰδῶς’
921 1131 1004 1165 οτι
1023 1130 1158 1166 πασι
1170 1123 1282 1176 τοις
1301 1111 1729 1184 εὐνομουμένοις
1740 1116 1906 1184 ἔργον

147 1223 152 1233 1>
224 1212 276 1246 τι
297 1190 507 1263 ἑκάστω
538 1193 598 1247 έν
628 1197 694 1263 τῇ
725 1189 879 1246 πόλει
908 1193 1319 1263 προστέτακται,
1351 1190 1382 1248 ὃ
1413 1192 1715 1264 ἀναγκαῖον
1738 1193 1903 1264 ἐργά-

228 1277 438 1340 ζεσθαι,
462 1273 554 1327 καὶ
574 1271 763 1327 οὐδενὶ
782 1270 948 1343 σχολὴ
973 1272 1063 1328 δια
1082 1278 1210 1344 βίου
1239 1275 1472 1344 κάμνειν
1502 1278 1899 1347 ἰατρευομένῳ·

225 1351 257 1408 ὃ
285 1350 439 1423 ἡμεῖς
468 1356 695 1421 γελοίως
723 1354 809 1407 ἐπὶ
836 1353 937 1423 μὲν
967 1360 1080 1408 τῶν
1112 1358 1465 1426 δημιουργῶν
1493 1356 1902 1427 αἰσθανόμεθα,

225 1435 313 1490 ἐπὶ
338 1434 398 1489 δὲ
416 1440 530 1488 τῶν
548 1439 830 1489 πλουσίων
850 1457 907 1490 τε
937 1436 1029 1491 καὶ
1049 1433 1399 1507 εὐδαιμόνων
1420 1438 1742 1494 δοκούντων
1763 1437 1900 1493 εἶναι

226 1514 330 1572 οὐκ
354 1515 762 1586 αἰσθανόμεθα.
801 1522 956 1581 Πῶς;
994 1521 1114 1587 ἔφη.

156 1621 191 1662 D
363 1602 466 1652 XV.
509 1598 730 1652 Τέκτων
749 1598 869 1667 μέν,
899 1591 972 1668 ἦν
995 1596 1047 1652 δ’
1073 1598 1198 1668 ἐγώ,
1231 1600 1459 1670 κάμνων
1478 1598 1622 1666 ἀξιοῖ
1635 1599 1782 1671 παρὰ
1802 1607 1905 1656 τοῦ.

224 1683 420 1746 ἰατροῦ
439 1678 739 1749 φάρμακον
765 1677 910 1734 πισὸν
939 1681 1182 1750 ἐξεμέσαι
1210 1679 1271 1735 τὸ
1303 1681 1519 1752 νόσημα
1553 1678 1589 1752 ἦ
1617 1682 1766 1737 κάτω
1796 1704 1898 1737 κα-

220 1757 512 1834 θαρθεὶςῆ
538 1761 731 1816 καύσει
750 1757 785 1832 ἢ
807 1768 945 1834 τομῇ
963 1764 1304 1834 χρησάμενος
1323 1761 1695 1835 ἀπηλλάχθαι·
1725 1763 1822 1820 εἀν
1841 1765 1904 1840 δέ

221 1865 301 1907 τις
320 1840 470 1914 αὐτῷ
490 1840 710 1914 μακράν
740 1846 956 1898 δίαιταν
975 1845 1306 1916 προστάττῃ,
1327 1846 1535 1900 πιλίδιά
1555 1867 1612 1900 τε
1643 1846 1766 1913 περὶ
1797 1843 1899 1915 τὴν

220 1922 474 1995 κεφαλὴν
504 1924 802 1992 περιτιθεὶς
828 1926 918 1979 καὶ
953 1923 1019 1979 τά
1048 1925 1264 1990 τούτοις
1295 1926 1551 1995 ἑπόμενα,
1582 1924 1718 1996 ταχὺ
1747 1925 1898 1981 εἶπεν

221 2001 305 2059 ὅτι
325 2002 394 2060 οὐ
415 2000 580 2074 σχολὴ
602 2004 833 2073 κάμνειν
853 2002 983 2059 οὐδὲ
1006 2011 1281 2059 λυσιτελεῖ
1305 2004 1452 2059 οὕτω
1485 2010 1600 2075 ζῇν,
1629 2005 1894 2074 νοσήματι

219 2083 320 2138 τὸν
339 2090 481 2139 νοῦν
500 2087 856 2154 προσέχοντα,
877 2090 973 2154 τῆς
999 2085 1058 2139 δὲ
1087 2087 1448 2154 προκειμένης
1479 2086 1732 2154 ἐργασίας
1761 2083 1896 2155 ἀμε-

220 2169 452 2219 λοῦντα·
491 2166 582 2218 καὶ
601 2163 734 2233 μετὰ
753 2171 924 2219 ταῦτα
942 2170 1153 2234 χαίρειν
1171 2165 1342 2220 εἰπών
1362 2173 1438 2235 τῷ
1450 2165 1680 2239 τοιούτῳ
1704 2170 1891 2238 ἰατρῷ,

161 2263 195 2304 Ε
227 2250 301 2309 εἰς
328 2244 431 2315 τὴν
452 2250 719 2301 εἰωθυῖαν
748 2249 962 2301 δίαιταν
988 2247 1174 2317 ἐμβάς,
1214 2245 1374 2316 ὑγιὴς
1410 2246 1708 2317 γενόμενος
1744 2251 1804 2319 ζῇ
1828 2247 1894 2303 τὰ

217 2329 418 2383 ἑαυτοῦ
440 2327 719 2396 πράττων·
740 2326 839 2383 ἐὰν
861 2330 919 2383 δὲ
938 2327 1010 2399 μὴ
1028 2329 1222 2383 ἰκανὸν
1244 2324 1280 2400 ᾖ
1300 2327 1359 2383 τὸ
1382 2336 1536 2399 σωμα
1550 2326 1890 2399 ὑπενεγκεῖν,

214 2407 543 2477 τελευτήσας
572 2408 908 2479 πραγμάτων
944 2407 1247 2480 ἀπηλλάγη.
1302 2410 1410 2464 Καὶ
1432 2431 1506 2483 τῳ
1530 2410 1760 2483 τοιούτῳ
1791 2414 1892 2480 μέν

214 2487 289 2557 γ’,
325 2492 450 2558 ἔφη,
483 2491 639 2544 δοκεῖ
668 2492 897 2558 πρέπειν
926 2488 1102 2554 οὕτως
1132 2495 1346 2561 ἰατρικῇ
1373 2495 1628 2560 χρῆσθαι.
1658 2482 1784 2558 Αρ’,
1819 2484 1890 2560 ἦν

101 2591 185 2637 407
218 2565 271 2623 δ’
296 2568 421 2638 ἐγώ,
444 2567 529 2624 ὅτι
547 2562 619 2639 ἦν
641 2592 691 2624 τι
711 2568 861 2643 αύτῷ
882 2574 1063 2641 ἔργον,
1087 2568 1116 2625 ὃ
1137 2576 1187 2626 εἰ
1210 2570 1282 2642 μὴ
1308 2572 1552 2640 πράττοι,
1584 2569 1686 2626 οὐκ
1707 2574 1889 2625 ἐλυσι-

214 2650 354 2703 τέλει
392 2653 515 2720 ζῇν;
554 2657 763 2720 Δῆλον,
802 2655 921 2721 ε’φη.
955 2649 1014 2706 Ὁ
1052 2651 1110 2706 δε
1154 2650 1219 2722 δὴ
1257 2651 1535 2718 πλούσιος,
1575 2649 1648 2715 ω’ς
1685 2670 1886 2719 φαμεν,

218 2725 383 2783 οὐδὲν
420 2734 527 2800 ἔχει
561 2738 818 2787 τοιοῦτον
854 2736 1019 2802 ἔργον
1057 2737 1439 2803 προκείμενον,
1476 2753 1544 2785 ου
1581 2729 1886 2798 ἀναγκαζο-

220 2811 364 2880 μένῳ
386 2807 685 2880 ἀπέχεσθαι
704 2812 954 2884 ἀβίωτον.
999 2812 1228 2869 Οὔκουν
1248 2812 1313 2883 δὴ
1335 2818 1545 2882 λέγεταί
1561 2833 1636 2882 γε.
1685 2817 1894 2866 Φωκυ-
