1962 3236
182 105 285 158 240
797 106 1274 154 ΠΛΑΤῼΝΟΣ

58 255 147 302 550
175 260 273 304 τας
299 237 431 304 τοὺς
460 240 747 304 τοιούτους
775 240 866 293 καὶ
900 235 1040 307 ἀνὴρ
1076 243 1288 307 μᾶλλον
1324 241 1473 294 ἔσται
1507 246 1610 295 τοῦ
1639 241 1859 310 πατρός,

174 319 446 387 nal-{gam
464 322 621 392 ἕτερα
640 325 865 375 τοιαῦτα
886 315 1079 372 ἀκούει
1105 320 1196 374 καὶ
1215 316 1340 391 ὁρᾷ,
1373 321 1503 385 τοὺς
1534 321 1635 391 μὲν
1662 319 1728 375 τὰ
1758 320 1849 376 αὖ·
1947 359 1961 392 3

175 408 288 457 τῶν
309 402 651 470 πράττοντας
676 402 736 456 έν
756 405 821 470 τῇ
843 398 999 454 πόλει
1016 395 1271 468 ἠλιθίους
1288 421 1345 454 τε
1373 404 1750 472 καλουμένους
1772 407 1861 458 καὶ

176 486 236 539 έν
256 489 471 555 σμικρῷ
498 482 645 555 λόγῳ
673 481 855 551 ὄντας,
875 477 1007 543 τούς
1035 482 1094 535 δὲ
1119 479 1192 551 μὴ
1216 481 1281 536 τὰ
1302 479 1491 538 αὑτῶν
1519 486 1860 553 τιμωμένους

175 585 234 618 τε
265 564 356 617 καὶ
387 565 834 634 ἐπαινουμένους.
869 559 992 616 τότε
1023 558 1090 631 δὴ
1121 558 1150 616 ὁ
1182 565 1305 627 νέος
1332 563 1510 618 πάντα
1539 563 1604 618 τὰ
1636 570 1861 618 τοιαῦτα

177 642 402 698 ἀκούων
442 665 500 698 τε
538 645 630 700 καὶ
669 642 835 714 ὁρῶν,
873 643 963 696 καὶ
999 635 1073 702 αὖ
1110 641 1242 706 τοὺς
1287 650 1385 697 τοῦ
1417 644 1623 715 πατρὸς
1662 644 1862 713 λόγους

178 723 401 780 ἁκούων
436 747 494 780 τε
534 727 627 781 καὶ
662 725 813 796 ὁρῶν
849 721 916 778 τὰ
950 723 1349 794 ἐπιτηδεύματα
1395 723 1570 780 αὐτοῦ
1615 726 1861 796 ἐγγύθεν

178 805 326 877 παρὰ
347 806 413 863 τὰ
441 814 554 863 τῶν
583 807 784 877 ἄλλων,
818 804 1114 876 ἑλκόμενος
1141 802 1239 859 ὑπ’
1278 805 1605 877 ἀμφοτέρων
1629 806 1858 877 τούτων,

114 905 146 944 Β
177 896 278 944 τοῦ
297 894 396 959 μὲν
427 891 631 962 πατρὸς
660 889 835 945 αὐτοῦ
860 888 920 944 τὸ
953 889 1266 956 λογιστικὸν
1296 891 1357 943 ἐν
1387 896 1453 960 τῇ
1477 897 1626 960 ψυχῇ
1654 889 1860 961 ἄρδον-

174 970 267 1035 τός
288 991 346 1025 τε
364 974 453 1026 καὶ
474 971 754 1041 αὔξοντος,
775 976 889 1024 τῶν
908 969 966 1024 δὲ
983 967 1172 1024 ἄλλων
1189 969 1252 1024 τό
1273 990 1331 1024 τε
1348 969 1750 1067 ἐπιθυμητικὸν
1771 974 1860 1025 καὶ

168 1049 235 1124 ,τὸ
266 1053 581 1121 θυμοειδές,
609 1048 698 1105 διὰ
726 1050 788 1104 τὸ
820 1047 893 1120 μὴ
920 1055 1096 1104 κακοῦ
1118 1046 1324 1119 ανὸρός
1356 1047 1495 1104 εἶναι
1533 1050 1633 1121 τὴν
1667 1049 1858 1119 φύσιν,

176 1129 412 1201 ὁμιλίαις
433 1135 492 1187 δὲ
511 1145 626 1198 ταῖς
648 1136 760 1186 τῶν
779 1130 965 1186 ἄλλων
990 1141 1182 1194 κακαῖς
1205 1137 1528 1201 κεχρῆσθαι,
1563 1135 1638 1194 εἰς
1667 1129 1727 1185 τὸ
1762 1133 1859 1200 μέ-

178 1229 279 1267 σον
311 1212 605 1282 ἑλκόμενος
638 1210 734 1266 ὑπ’
767 1210 1097 1282 ἀμφοτέρων
1125 1210 1339 1266 τούτων
1362 1204 1522 1281 ἦλθε,
1555 1213 1645 1266 καὶ
1675 1209 1777 1281 τὴν
1800 1214 1859 1266 ἐν

178 1294 355 1366 ἑαυτῷ
374 1292 551 1364 ἀρχὴν
572 1295 856 1363 παρέδωκε
873 1313 949 1363 τω
972 1294 1116 1364 μέσω
1135 1312 1195 1346 τε
1218 1294 1308 1346 καὶ
1324 1297 1618 1365 φιλονείκω
1641 1294 1731 1347 καὶ
1748 1299 1870 1346 θυ-·
1943 1314 1955 1331 ·=

177 1349 397 1445 μοειᾶεἴ,
427 1376 517 1429 καὶ
550 1376 765 1445 ἐγένετο
792 1372 1140 1444 ὑψηλόφρων
1170 1395 1228 1428 τε
1260 1375 1352 1429 καὶ
1381 1374 1669 1444 φιλότιμος
1698 1373 1856 1444 ἀνήρ.

166 1459 393 1544 Κομιδῇ
413 1478 523 1526 μοι,
541 1461 665 1526 ἔφη,
680 1460 856 1520 δοκεῖς
871 1455 975 1526 τὴν
993 1454 1195 1510 τούτου
1214 1458 1433 1524 γένεσιν
1454 1458 1856 1525 διεληλυθέναι.

115 1546 148 1589 C
166 1526 397 1607 Εχομεν
423 1558 548 1608 αρα,
579 1539 653 1607 ἠν
686 1535 739 1591 6’
777 1537 903 1608 ἐγώ,
934 1537 1036 1607 τήν
1067 1558 1124 1591 τε
1155 1539 1418 1606 δευτέραν
1456 1542 1733 1592 πολιτείαν
1769 1558 1859 1591 και

173 1618 272 1674 τὸν
292 1618 556 1686 δεύτερον
576 1617 767 1687 ἄνδρα.
796 1617 1045 1688 Ἕχομεν,
1078 1622 1199 1689 ἔφη.

314 1703 395 1753 VI.
439 1698 669 1754 Οὐκοῦν
688 1698 822 1770 μετὰ
843 1705 1026 1770 τοῦτο,
1057 1697 1118 1754 τὸ
1155 1707 1256 1754 τοῦ
1279 1701 1579 1771 Αἰσχύλου,
1613 1704 1856 1771 λέγωμεν

175 1779 346 1835 ἄλλον
364 1779 506 1851 ἄλλῃ
524 1778 664 1851 πρὸς
692 1780 849 1836 πόλει
876 1783 1226 1851 τεταγμένον,
1259 1788 1471 1851 μᾶλλον
1497 1782 1558 1839 δὲ
1590 1781 1727 1838 κατὰ
1757 1781 1858 1852 τὴν

173 1860 456 1916 ὑπόθεσιν
475 1864 752 1931 προτέραν
770 1860 873 1933 τὴν
900 1862 1091 1929 πόλιν;
1129 1864 1294 1918 Ποῖνυ
1318 1886 1421 1934 μεν
1441 1859 1562 1934 οὖν,
1585 1867 1705 1935 ἔφη.
1750 1870 1854 1931 Εἴη

174 1944 238 1997 δέ
258 1940 315 2012 γ’
339 1941 426 2012 ἄν,
450 1939 522 2006 ὡς
547 1945 768 2014 ἐγῷμαι,
791 1942 1118 2015 ὀλιγαρχίαὴ
1137 1966 1272 2014 μετα
1293 1943 1395 2013 τὴν
1415 1944 1678 2014 τοιαύτην
1698 1950 1856 1998 πολι-

173 2028 338 2078 τείαν.
377 2026 568 2093 Λέγεις
587 2027 662 2094 δέ,
695 2018 731 2094 ἦ
764 2023 818 2078 δ’
840 2023 919 2095 ὅς,
951 2023 1052 2094 τὴν
1083 2030 1248 2080 ποίαν
1272 2023 1608 2079 κατάστασιν
1627 2021 1854 2093 ὀλιγαρ-

175 2108 322 2172 χίαν;
368 2103 483 2174 Τὴν
503 2103 611 2160 ἀπὸ
633 2106 972 2175 τιμημάτων,
994 2128 1067 2175 ην
1086 2104 1140 2160 6'
1167 2105 1294 2206 ἐγώ,
1317 2112 1610 2178 πολιτείαν,
1647 2107 1707 2160 ἐν
1733 2107 1767 2177 ᾐ
1801 2108 1856 2159 οἱ

109 2202 143 2241 D
175 2185 277 2254 μὲν
299 2185 556 2240 πλούσιοι
576 2185 824 2255 ἄρχουσι,
848 2188 1039 2256 πένητι
1053 2186 1112 2241 δὲ
1131 2184 1201 2241 οὐ
1219 2189 1466 2257 μέτεστιν
1486 2186 1668 2258 ἀρχῆς.
1695 2192 1854 2242 Μαν-

174 2263 355 2335 θάνω,
379 2259 416 2335 ἦ
433 2263 486 2319 6’
510 2265 583 2330 ὅς.
625 2264 855 2321 Οὐκοῦν
883 2264 956 2330 ὡς
979 2273 1292 2339 μεταβαίνει
1317 2277 1539 2337 πρῶτον
1563 2273 1622 2325 ἐκ
1646 2278 1742 2341 τῆς
1772 2292 1854 2325 τι-

105 2419 107 2421 ,
174 2351 405 2447 μαρχίας
427 2351 503 2411 εἰς
522 2346 624 2418 τὴν
656 2346 991 2420 ὀλιγαρχίαν,
1021 2352 1242 2420 ρητέον;
1280 2357 1407 2406 Ναί.
1482 2355 1591 2407 Καὶ
1621 2352 1749 2422 μήν,
1779 2344 1853 2421 ἦν

177 2426 227 2480 6'
250 2426 377 2497 ἐγώ,
398 2429 489 2482 καὶ
507 2435 702 2501 τυφλῷ
720 2450 782 2498 γε
804 2433 990 2501 δῆλον,
1013 2453 1085 2496 ως
1104 2437 1430 2503 μεταβαίνει.
1469 2439 1624 2499 Πως;
1652 2431 1727 2486 T6
1754 2453 1853 2486 τα-

174 2521 367 2579 μιεῑον,
398 2502 472 2579 ἦν
503 2506 556 2564 6'
591 2509 713 2581 ἐγώ,
745 2512 920 2566 έκεῖνο
959 2531 1166 2567 εκαστω
1203 2518 1436 2584 χρυσίου
1468 2513 1851 2584 πληρούμενον

175 2585 449 2644 απόλλυσι
467 2589 570 2661 τὴν
589 2591 850 2663 τοιαύτην
871 2598 1162 2648 πολιτείαν.
1185 2614 1405 2663 πρωτον
1425 2594 1526 2665 μὲν
1545 2594 1651 2663 γὰρ
1674 2594 1850 2648 δαπα-

175 2689 274 2731 νας
302 2668 489 2735 αὑτοῖς
513 2675 906 2746 ἐξευρίσκουσι,
927 2677 1018 2729 καὶ
1040 2675 1170 2739 τοὺς
1189 2675 1398 2745 νόμους
1417 2678 1501 2730 ἐπὶ
1523 2681 1684 2730 τοῦτο
1706 2694 1849 2745 παρ-

114 2759 144 2798 E
177 2749 427 2822 ἄγουσιν,
461 2751 826 2820 ἀπειθοῦντες
855 2755 1016 2811 αὐτοί
1035 2779 1092 2812 τε
1122 2760 1212 2812 καὶ
1231 2769 1491 2827 γυναῖκες
1511 2757 1708 2811 αὐτῶν.
1750 2761 1847 2811 Εἰ-

1951 403 1962 483 αι’-νο»

1954 1307 1958 1315 «
1943 1267 1962 1291 Α·
1948 1251 1957 1259 =
1929 631 1962 1237 affltmzfflfflukffi..
1952 590 1962 619 κ,
1951 575 1953 579 -
1953 559 1960 564 .
