1962 3236
558 170 1045 222 ΠοΛιΤΕιΑΣ
1070 162 1130 234 β’.
1485 181 1489 185 ·
1622 166 1688 218 61

0 302 117 379 'Ap’
140 301 273 376 οὖν,
314 304 346 362 ὃ
366 303 442 378 μὴ
470 303 775 377 βλαβερόν,
816 301 1071 376 βλάπτεις
1115 300 1405 371 Οὐδαμῶς.
1446 295 1510 357 Ὀ
1538 299 1597 355 δὲ
1614 322 1688 371 μη

6 390 238 463 βλάπτει
250 432 267 461 ,
287 386 464 446 κακόν
485 408 537 443 τι
556 397 724 452 ποιετ;
766 384 915 442 Οὐδὲ
930 389 1111 440 τοῦτο.
1145 379 1210 440 Ὀ
1233 384 1297 439 δέ
1312 403 1376 453 γε
1395 384 1568 454 μηδὲν
1586 404 1691 437 κα-

7 471 112 527 κὸν
133 482 301 541 ποιεῖ,
342 467 472 526 οὐδ’
494 491 567 524 αν
584 489 735 532 τινος
753 474 838 538 εἴη
859 472 1039 523 κακοῦ
1057 473 1260 530 αἴτιον;
1293 469 1425 529 Πῶς
1448 462 1584 534 γάρ;
1626 468 1695 519 Τί

10 554 103 619 δέ;
143 551 424 623 ῶφέλιμον
450 547 512 605 τό
539 546 790 619 ἀγαθόικ
826 553 955 602 Ναί.
1010 544 1264 603 Αίτιον”
1225 568 1335 617 αρα
1356 542 1688 616 εύπραγίας;

7 638 135 689 Ναί.
192 629 312 688 Οὐκ
341 629 452 702 ἄρα
477 630 704 685 πάντων
722 649 787 699 γε
809 636 988 683 αἴτιον
1018 626 1079 683 τὸ
1112 625 1362 698 ἀγαθόν,
1402 622 1541 684 ἀλλά
1576 633 1691 683 τῶν

7 714 111 785 μὲν
132 735 197 770 ευ
176 708 456 784 ἐχόντων
475 719 653 768 αἴτιον
665 753 681 782 ,
719 716 833 765 τῶν
863 709 924 764 δὲ
940 716 1131 764 κακῶν
1150 709 1416 765 ἀναίτιον.
1471 716 1690 765 Παντε-

4 802 116 861 λῶς
134 792 208 865 γ’,
246 798 368 866 ἔφη.
425 790 567 850 Οὐδ’
593 792 732 864 ἄρα,
771 785 845 863 ἦν
865 788 917 846 δ’
940 790 1077 861 ἐγώ,
1099 788 1129 845 ὁ
1150 791 1315 862 θεός,
1336 789 1522 862 ἐπειδὴ
1546 788 1752 861 ἀγα-0

2 875 139 947 θός,
178 876 405 932 πάντων
425 873 496 931 ἂν
515 883 597 947 εἴη
617 882 813 944 αἴτιος,
857 870 932 939 ῶς
950 875 1007 928 οἱ
1021 875 1216 929 πολλοὶ
1234 876 1521 942 λέγουσιν,
1561 868 1687 927 ἀλλ’

5 958 212 1030 ὀλίγων
241 961 344 1030 μὲν
374 970 486 1023 τοῖς
507 955 831 1029 ἀνθρώποις
852 963 1054 1026 αἴτιος,
1091 961 1316 1011 πολλῶν
1335 954 1396 1012 δὲ
1418 952 1687 1019 ἀναίτιος·

6 1039 154 1098 πολὺ
180 1040 287 1111 γὰρ
316 1041 519 1097 ἐλάττω
541 1036 761 1109 τάγαθὰ
789 1044 902 1093 τῶν
929 1044 1119 1093 κακῶν
1136 1035 1292 1108 ἡμῖν·
1330 1038 1423 1093 καὶ
1450 1042 1564 1092 τῶν
1587 1034 1690 1106 μὲν

4 1120 241 1194 ἀγαθῶν
260 1120 464 1178 οὐδένα
483 1120 656 1177 ἄλλον
682 1124 969 1188 αἰτιατέον,
990 1124 1102 1174 τῶν
1123 1119 1183 1175 δὲ
1202 1125 1392 1175 κακῶν
1411 1114 1534 1174 ἄλλ’
1555 1117 1690 1173 ἅττα

6 1208 94 1261 δεῖ
107 1210 283 1276 ζητεῖν
297 1202 365 1259 τὰ
385 1211 533 1258 αἴτια
546 1244 562 1272 ,
599 1199 725 1257 ἀλλ’
747 1198 816 1256 οὐ
839 1201 938 1256 τὸν
956 1200 1112 1256 θεόν.
1146 1200 1541 1272 Ἀληθέστατα,
1562 1205 1688 1272 ἔφη,

6 1289 185 1350 δοκεῖς
205 1306 299 1356 μοι
317 1285 512 1354 λέγειν.
570 1281 691 1340 Οὐκ
712 1282 847 1353 ἄρα,
869 1277 943 1354 ἦν
962 1282 1015 1337 δ’
1040 1281 1149 1353 ἐγώ
1163 1325 1176 1350 ,
1198 1283 1535 1338 ἀποδεκτέον
1558 1282 1687 1338 οὕτε

10 1364 240 1438 Ομήρου
265 1362 387 1422 οὔτ’
419 1363 595 1421 ἄλλον
622 1370 858 1436 ποιητοῦ
885 1363 1095 1435 ’ταύτην
1122 1363 1224 1435 τήν
1262 1364 1534 1436 ἁμαρτίαν
1563 1365 1688 1433 περὶ
1716 1375 1752 1416 D

5 1446 137 1513 τοὺς
154 1447 325 1514 θεοὺς
344 1445 592 1520 ἀνοήτως
611 1446 1028 1518 ἁμαρτάνοντος
1045 1449 1138 1502 καὶ
1156 1447 1431 1518 λέγοντος,
1455 1443 1528 1511 ῶς
1546 1446 1686 1501 δοιοὶ

4 1536 166 1587 πίθοι

916 1614 1265 1665 κατακείαται
1285 1612 1345 1664 ἐν
1367 1606 1509 1673 Διὸς
1531 1607 1687 1685 οὔδει

145 1696 334 1761 κηρῶν
355 1693 598 1760 ἔμπλειοι
612 1732 627 1759 ,
650 1687 680 1744 ὁ
701 1689 803 1760 μὲν
822 1692 1060 1758 ἐσθλῶν,
1086 1687 1262 1761 αὐτὰρ
1282 1687 1314 1746 ὃ
1334 1692 1558 1746 δειλῶνι

5 1773 96 1828 καὶ
118 1765 163 1845 ᾦ
181 1774 284 1843 μὲν
304 1768 377 1827 ἀν
396 1776 550 1843 μίξας
570 1771 599 1829 ὁ
621 1770 762 1836 Ζεὺς
778 1775 856 1846 δῷ
877 1769 1234 1843 ἀμφοτέρων,

148 1852 341 1908 ἄλλοτε
361 1857 462 1924 μέν
485 1875 541 1908 τε
564 1858 715 1927 κακῷ
735 1851 767 1909 ὅ
795 1875 858 1923 γε
887 1853 1140 1923 κύρεται,
1174 1852 1371 1909 ἄλλοτε
1402 1850 1454 1908 δ’
1481 1856 1684 1928 ἐσθλῷ,

4 1929 48 2009 ᾦ
71 1932 123 1990 δ’
146 1930 220 1990 ἄν
235 1933 338 2005 μή,
359 1932 483 1990 ἀλλ’
503 1933 715 2005 ἄκρατα
734 1933 798 1990 τὰ
819 1936 1003 2004 ἕτερα,

144 2013 245 2071 τὸν
266 2016 326 2072 δὲ
344 2018 487 2087 κακὴ
507 2015 852 2087 βούβρωστις
871 2017 956 2070 ἐπὶ
985 2014 1167 2085 χθόνα
1189 2019 1314 2071 δῖαν
1334 2016 1575 2072 ἐλαύνει·

4 2094 130 2154 οὐδ’
154 2095 227 2162 ὥς
245 2103 437 2169 ταμίας
467 2097 600 2168 ἡμῖν
629 2096 773 2163 Ζεὺς
795 2096 1030 2168 ἀγαθῶν
1048 2119 1106 2152 τε
1126 2104 1315 2153 κακῶν
1339 2119 1398 2153 τε
1414 2102 1682 2156 τέτυκται.
1717 2112 1750 2153 Ε

148 2183 274 2235 ΧΙΧ.
338 2177 454 2252 Τὴν
475 2179 532 2236 δὲ
552 2185 666 2235 τῶν
684 2202 870 2248 ορκων
890 2181 981 2236 καὶ
1002 2184 1264 2235 σπονδῶν
1282 2180 1579 2251 σύγχυσιν,
1618 2179 1689 2253 ἣν

7 2257 37 2314 ὀ
59 2260 355 2329 Πάνδαρος
373 2262 658 2332 συνέχεεν,
682 2262 780 2317 ἐοίν
798 2284 878 2327 τις
895 2267 975 2335 φῇ
1001 2260 1074 2317 δι’
1102 2260 1343 2333 Ἀθηνᾶς
1363 2284 1420 2318 τε
1439 2265 1531 2318 καὶ
1548 2263 1689 2331 Διὸς

5 2344 310 2411 γεγονέναι,
331 2340 435 2398 οὐκ
457 2343 889 2414 ἐπαινεσόμεθα·
921 2342 1052 2400 οὐδὲ
1072 2350 1228 2400 θεῶν
1246 2348 1365 2415 ἔριν
1381 2367 1440 2401 τε
1457 2348 1548 2402 καὶ
1567 2352 1690 2420 κρί-
1758 2388 1762 2390 v

8 2438 99 2477 σιν
118 2420 208 2477 διὰ
229 2423 459 2494 Θέμιτός
474 2446 533 2480 τε
556 2428 648 2481 καὶ
666 2426 831 2491 Διός·
869 2424 995 2482 οὐδ’
1016 2449 1115 2496 av,
1138 2448 1211 2492 ως
1229 2428 1507 2499 Αἰσχύλος
1524 2431 1805 2501 λέγει,380

5 2500 248 2559 ἐατέον’
216 2503 445 2561 ακούειν
462 2505 594 2571 τούς
611 2508 854 2578 νίους,”
822 2530 907 2563 οτι

349 2585 484 2651 θεὸς
501 2588 603 2657 μὲν
620 2594 799 2644 αἰτίαν
819 2589 951 2659 φύει
969 2597 1202 2663 βροτοῖς,

150 2666 285 2722 ὅταν
303 2674 550 2724 κακῶσαι
570 2673 726 2741 δῶμα
747 2672 1046 2744 παμπήδην
1063 2676 1220 2744 θέλῃ.

3 2744 129 2805 ἄλλ’
152 2749 253 2805 ἐάν
273 2772 351 2815 τις
371 2758 502 2822 ποιῇ
516 2794 530 2820 ,
570 2754 629 2807 ἐν
649 2749 729 2818 οἷς
746 2761 918 2809 ταῦτα
936 2753 1003 2809 τὰ
1022 2759 1240 2827 ἰαμβεῖα
1262 2760 1469 2826 ἔνεστι,
1503 2755 1572 2810 τὰ
1591 2761 1687 2827 τῆς

4 2830 218 2905 Νιόβης
242 2832 396 2905 πάθη
418 2829 454 2905 ἦ
473 2833 539 2889 τὰ
560 2840 889 2892 Πελοπιδῶν
907 2833 945 2908 ἦ
964 2835 1029 2892 τὰ
1056 2835 1275 2908 Τρωϊκὰ
1294 2836 1332 2910 ἤ
1347 2859 1399 2894 τι
1418 2836 1554 2895 ἄλλο
1574 2843 1687 2895 τῶν
