1962 3236
88 219 195 248 xxvi
786 205 1179 249 PRAEFATIO.

86 320 213 373 huJus
254 320 545 361 auctoritatem
584 319 648 360 vel
690 320 786 361 ideo
818 320 1016 372 praetuli,
1063 320 1160 370 quia
1202 319 1293 371 ipse
1331 319 1465 359 Bekk.
1500 324 1544 358 ut
1580 331 1715 371 nuper
1747 320 1871 358 etiam

87 377 235 419 Stallb.
269 389 471 430 praesens
501 378 694 425 retinuit;
726 390 818 417 meo
851 377 1021 428 quidem
1044 377 1204 433 judicio
1234 376 1289 415 ad
1320 387 1491 415 sensum
1523 388 1690 426 quoque
1718 376 1872 428 aptius,

85 435 158 486 qui
191 434 237 475 id
269 442 434 487 tempus
463 435 660 487 respicit,
704 447 785 484 quo
818 435 999 474 maxime
1031 430 1093 473 dii'
1128 444 1302 485 corpora
1330 433 1516 472 humana
1546 432 1870 472 fabricabantur.

86 516 143 523 —
184 493 230 534 P.
262 491 317 532 73
357 492 391 531 D
432 491 671 561 praeclarae
695 491 964 531 Valckenarii
996 490 1259 541 conjecturae
1298 489 1353 530 ad
1390 490 1532 542 Eurip.
1570 488 1726 529 Phoen.
1764 487 1873 529 1085

86 546 335 604 περίβολον
370 561 446 600 Ριο
487 544 594 600 περὶ
622 539 733 588 όλον
774 548 911 588 locum
947 559 1104 600 negare
1144 546 1281 594 nolni;
1325 548 1523 599 deinceps
1564 558 1662 586 velo
1695 546 1750 586 ad
1778 546 1870 585 Pa1.

86 618 281 647 ieversus
319 604 607 644 κατελείπετο
648 618 724 658 pro
763 601 1053 652 κατελίπετο,
1102 605 1200 644 item
1239 616 1282 656 p.
1327 605 1381 644 75
1417 608 1453 643 A
1495 599 1602 654 περὶ
1645 596 1702 642 τὰ
1743 601 1870 655 vulgo

86 663 291 717 omissum
323 675 419 702 cum
451 661 595 702 Stallb.
632 670 670 702 et
703 661 956 703 Schneidero
988 662 1207 709 revocavi,
1238 672 1316 700 nec
1347 674 1392 714 p.
1424 660 1480 701 76
1502 660 1534 700 Β
1567 659 1758 712 quamvis
1790 660 1874 698 ele-

83 713 202 775 ganti
234 718 378 759 Cmais
416 720 649 771 suspicioni
680 719 724 758 id
756 720 907 768 tribui,
949 725 994 758 ut
1028 691 1285 770 τρηθέντος
1320 719 1410 771 poti
1413 731 1462 758 us
1495 731 1587 758 cum
1618 715 1716 757 BST
1747 728 1871 782 quam

85 771 350 827 τρωθέντος
382 789 479 815 cum
514 775 770 816 Schneidero
811 782 851 816 et
890 775 1006 815 libris
1044 777 1292 826 retineiem3
1332 776 1578 828 praesertim
1619 787 1745 825 quum
1783 774 1874 825 ipsa

84 834 265 887 pilmum
308 833 427 886 origo
467 846 550 874 non
589 833 795 873 foramina
831 839 1016 881 tantum,
1055 834 1132 873 sed
1163 834 1288 872 etiam
1328 832 1646 873 exsudationem
1687 831 1873 898 aliquam

84 893 282 957 requirat,
316 902 424 941 quae
455 891 675 931 commode
703 903 728 930 a
754 890 997 930 vulneribus
1024 890 1108 929 cuti
1141 889 1271 929 illatis
1301 891 1521 942 repetitur.
1541 913 1600 921 —
1619 889 1728 929 Ibid.
1765 881 1872 926 εἴλι-

84 960 240 1000 κρινες
270 960 348 1000 pro
375 941 616 999 εἰλικρινες
649 949 906 988 constantiae
936 946 1114 995 indulsi;
1147 959 1191 999 Ρ.
1223 948 1277 986 77
1305 946 1339 985 D
1365 953 1505 986 autem
1534 940 1758 996 διδύμους
1790 956 1873 984 ιιοιι

85 1012 130 1046 ut
149 1005 284 1045 Bekk.
307 1004 436 1044 uadit
463 1018 517 1044 ex
543 1018 647 1048 corr.
677 1005 732 1053 P,
763 1005 839 1045 sed
860 1007 898 1044 si
928 1004 1117 1043 Bastium
1143 1004 1359 1054 sequimur
1390 1016 1442 1043 ex
1464 1003 1599 1054 prima
1631 1003 1723 1054 ejus
1749 1012 1874 1040 manu

83 1056 238 1115 recepi,
269 1062 336 1101 cui
360 1063 412 1102 ab
434 1062 564 1102 altera
587 1062 754 1102 demum
778 1062 892 1114 vulg.
921 1057 1120 1111 δίδυμον
1140 1060 1428 1112 suprascripta
1449 1066 1536 1106 est3
1569 1071 1809 1111 quanquam
1831 1061 1870 1097 in

84 1120 168 1162 hoc
197 1119 291 1161 cod.
326 1119 450 1158 etiam
484 1119 706 1159 coirectmi
734 1118 896 1169 aliquid
926 1117 1193 1157 uibuendum
1222 1129 1315 1157 esse
1346 1123 1387 1156 ct
1414 1117 1609 1169 superius
1641 1116 1874 1169 significavi

86 1184 127 1218 et
157 1190 255 1217 mox
283 1188 328 1228 p.
348 1174 451 1216 790
474 1177 642 1228 agnovi,
674 1176 747 1215 ubi
779 1188 872 1216 cum
904 1175 973 1215 illo
1004 1167 1058 1213 τὸ
1075 1181 1170 1214 aute
1187 1172 1269 1214 τοῦ
1286 1169 1542 1225 πλεύμονος
1561 1174 1874 1214 omisiibidem-

85 1248 167 1286 que
198 1224 559 1284 προσεικάζομεν
579 1245 654 1285 Ριο
683 1225 1031 1286 προσῃκάζομεν
1054 1232 1228 1284 scripsi,
1254 1231 1429 1271 alterum
1455 1238 1681 1297 praeeunte
1703 1229 1875 1270 Schnei-

85 1293 202 1342 dero,
234 1291 411 1331 alterum
440 1290 593 1338 invito,
622 1290 696 1330 sed
722 1297 769 1329 ut
796 1292 835 1330 ei
865 1290 1015 1330 rationi
1043 1296 1291 1337 constan-em,
1320 1301 1444 1339 quam
1467 1289 1556 1340 jam
1584 1288 1707 1340 Reip
1726 1299 1769 1339 Ρ
1790 1286 1875 1326 473

86 1349 117 1390 C
147 1354 318 1388 secutus
353 1359 505 1388 essem.
545 1367 604 1376 -—-
640 1349 688 1391 P.
720 1346 776 1388 80
811 1347 846 1387 D
876 1341 1178 1411 αἰωρουμένω
1211 1359 1287 1399 pro
1323 1341 1644 1412 αἰωρουμένου
1678 1358 1731 1384 ex
1762 1344 1871 1395 conj.

85 1405 227 1454 edidi,
255 1404 370 1456 quod
397 1405 475 1445 etsi
500 1405 594 1455 quis
621 1405 680 1444 ita
707 1404 903 1457 explicet,
931 1411 977 1444 ut
1003 1387 1317 1470 αἰωρούμενος
1342 1404 1453 1456 ignis
1482 1403 1676 1466 spiritum
1704 1406 1875 1441 secutus

86 1476 183 1503 esse
214 1463 389 1512 dIcatur,
418 1462 545 1515 hujus
575 1468 714 1502 tamen
746 1463 917 1514 proptia
948 1455 1194 1514 αἰώρησις,
1229 1461 1340 1514 ignis
1373 1452 1683 1510 συναιώρησις
1715 1464 1873 1497 tantum

86 1528 172 1570 est,
202 1525 332 1571 utque
365 1520 633 1560 incommode
662 1520 744 1559 duo
771 1520 1088 1583 participiorum
1110 1519 1287 1572 genitivi
1310 1518 1415 1570 jung,
1403 1525 1560 1564 untur,
1592 1518 1650 1556 ita
1678 1515 1874 1556 facillime

85 1575 355 1631 intelligitur,
387 1577 597 1628 quomodo
624 1578 874 1617 antecedens
900 1569 1047 1627 πυρὸς
1081 1587 1261 1626 sequens
1287 1575 1562 1639 participium
1590 1575 1631 1613 in
1666 1573 1733 1612 sui
1764 1584 1876 1612 com-

86 1635 327 1675 munionem
365 1634 531 1674 trahere
562 1635 765 1701 potuerit;
808 1635 850 1673 in
880 1633 1053 1685 leliquis
1083 1640 1221 1672 autem
1254 1639 1294 1672 et
1324 1625 1441 1671 κατὰ
1476 1622 1619 1670 ταύτὰ
1648 1643 1723 1683 pro
1758 1623 1873 1668 κατὰ

84 1689 231 1731 ταῦτα
262 1698 303 1731 et
328 1687 498 1746 φλέβας
526 1702 574 1730 τε
599 1703 675 1743 pro
706 1685 755 1730 δε
780 1697 819 1730 et
842 1713 897 1720 —
923 1690 992 1731 hic
1017 1691 1163 1731 saltem
1191 1691 1316 1730 etiam
1345 1689 1600 1730 Schneidero
1624 1693 1797 1728 auctore
1820 1708 1876 1715 —-

85 1743 246 1802 γέγονε
267 1761 343 1802 Ρι·ο
363 1744 609 1814 γεγονέναι
635 1761 817 1799 moxque
843 1760 887 1800 p.
915 1748 968 1789 81
1002 1750 1039 1787 A
1069 1740 1408 1798 οἷποπέμποντα
1437 1758 1513 1798 pro
1540 1737 1818 1810 oinom'eaenoa
1837 1749 1878 1783 et

88 1819 133 1859 p.
165 1805 220 1848 81
253 1807 287 1846 E
317 1800 470 1858 γήρως
502 1818 579 1858 pro
619 1803 764 1856 γῆρας
795 1818 846 1844 ex
876 1805 967 1846 Par.
1000 1806 1162 1857 recepi
1199 1816 1376 1855 quorum
1413 1809 1600 1843 extrema
1629 1803 1754 1842 etiam
1786 1801 1877 1840 sine

86 1864 213 1904 codd.
246 1875 397 1903 sensus
424 1864 759 1906 commendabat.
815 1863 952 1902 -Immo
983 1869 1023 1902 et
1052 1875 1095 1914 Ρ
1131 1861 1186 1902 85
1218 1861 1248 1902 C
1271 1867 1311 1901 et
1336 1861 1392 1902 86
1418 1861 1458 1899 Α
1477 1861 1676 1926 quamvis
1706 1858 1877 1899 dubiam

91 1920 232 1960 multis
272 1920 438 1972 ipsique
473 1919 729 1960 Schneidero
756 1921 893 1960 visam
928 1919 1105 1960 formam
1144 1911 1275 1971 μόλις
1310 1931 1386 1972 pro
1426 1910 1559 1969 μόγις
1591 1917 1738 1956 eodem
1769 1915 1876 1954 libro

88 1983 221 2018 iretus
253 1977 463 2027 revocavi,
498 1977 650 2028 quibus
683 1977 735 2017 de
767 1977 912 2017 formis
940 1989 1046 2028 quae
1069 1976 1166 2016 olim
1189 1975 1302 2018 All.
1329 1974 1552 2017 Schulzeit.
1583 1973 1705 2019 1831,
1727 1984 1772 2036 Ρ.
1793 1970 1877 2012 719

86 2036 240 2086 statui,
274 2035 400 2074 etiarn
432 2046 542 2073 nunc
574 2040 719 2099 tene03
750 2046 828 2073 nec
856 2046 899 2086 Ρ.
928 2034 984 2075 85
1011 2034 1046 2073 D
1074 2026 1191 2084 παρ’
1213 2030 1355 2083 αυτῆς
1379 2044 1455 2084 pro
1488 2023 1606 2083 παρ’
1634 2022 1776 2080 αὐτῆς
1806 2034 1877 2068 aut

87 2105 133 2145 p.
164 2090 222 2132 86
251 2091 290 2131 Α
320 2085 371 2130 τὸ
406 2082 456 2130 δ’
484 2082 533 2129 ἐκ
558 2103 635 2143 pro
663 2084 715 2129 τὸ
749 2084 800 2130 δὲ
835 2091 1024 2131 indidem
1053 2091 1240 2143 iecipere
1276 2089 1487 2135 dubitavi;
1530 2086 1874 2141 orthographiam

87 2149 274 2199 denique
315 2149 506 2200 ejusdem
536 2155 576 2187 et
604 2160 647 2200 p.
675 2148 731 2189 85
762 2148 796 2187 Ε
823 2145 1019 2188 καίουσα
1050 2145 1129 2199 (cf.
1163 2152 1203 2187 et
1230 2158 1325 2198 sup.
1360 2158 1403 2198 p.
1436 2119 1492 2186 00
1520 2144 1576 2198 Β)
1607 2151 1648 2184 et
1681 2157 1722 2196 p.
1754 2143 1808 2184 87
1839 2143 1877 2181 A

86 2202 383 2258 δυσμαθείας
415 2204 489 2258 (cf.
521 2204 643 2257 Reip.
678 2205 734 2248 X.
766 2217 810 2257 Ρ.
844 2204 928 2247 618
959 2203 1018 2258 D)
1050 2212 1089 2244 et
1120 2217 1164 2256 p.
1195 2203 1252 2245 90
1273 2204 1305 2243 B
1336 2200 1632 2254 φιλομαθιάν
1659 2200 1739 2254 (cf
1774 2201 1877 2240 Ant-

87 2270 214 2304 erast.
246 2275 291 2316 p.
327 2262 412 2304 133
443 2261 499 2315 D)
540 2269 579 2302 et
616 2274 659 2314 p.
694 2261 751 2303 90
780 2262 813 2301 Ε
853 2256 1178 2314 ἐμμετρότερος
1213 2260 1288 2312 (cf.
1325 2259 1521 2303 Schneid.
1557 2260 1612 2300 ad
1648 2257 1872 2324 Rempubl.

85 2320 302 2372 T.11.p.
338 2318 418 2372 33)
447 2327 488 2359 et
516 2332 561 2372 p.
593 2318 645 2359 91
680 2320 718 2358 Α
750 2312 878 2371 πόμα
909 2319 987 2371 (cf.
1021 2332 1062 2372 p.
1093 2318 1148 2360 70
1177 2317 1230 2371 C)
1262 2317 1482 2358 smibendo
1514 2316 1720 2369 expiessi.
1782 2313 1875 2353 Duo

85 2383 249 2418 tantum
272 2376 355 2418 loci
383 2377 608 2423 restabant,
635 2376 786 2427 quibus
813 2377 981 2418 aliunde
1008 2375 1213 2416 medelam
1244 2375 1467 2427 petendam
1489 2374 1725 2420 arbitrarer,
1752 2384 1794 2424 p.
1820 2370 1877 2411 86

88 2434 142 2482 C,
173 2435 247 2474 ubi
277 2428 358 2473 καὶ
392 2440 488 2474 ante
517 2428 780 2484 καθαπερεὶ
812 2433 1191 2474 circumscribendo
1223 2432 1490 2472 durissimam
1519 2431 1739 2470 modorum
1765 2427 1878 2467 enal-

87 2492 213 2558 lagen
255 2492 411 2556 vitavi,
456 2497 496 2530 et
525 2504 570 2545 p.
604 2491 661 2532 86
690 2491 746 2539 Ε,
787 2492 857 2531 ubi
886 2493 976 2544 Jam
1009 2489 1154 2533 Stallb.
1190 2490 1407 2542 egregiam
1437 2489 1535 2530 Vat.
1569 2500 1592 2527 o
1632 2492 1673 2527 et
1703 2486 1813 2528 Flor
1847 2498 1875 2524 x

104 2549 313 2589 ectionem
343 2539 504 2587 ἄκοντι
533 2561 609 2602 pro
641 2541 786 2587 κακόν
819 2560 864 2587 τι
895 2549 1065 2596 ascivit3
1099 2552 1242 2587 contra
1267 2558 1312 2599 p.
1345 2544 1402 2587 89
1430 2543 1463 2584 Β
1491 2544 1556 2585 vel
1585 2544 1674 2584 sine
1706 2541 1877 2584 Schnei-

89 2606 190 2645 dero
221 2597 328 2645 κατ’
357 2597 468 2645 αὐτὸ
499 2618 575 2658 pro
600 2598 721 2645 καθ’
746 2598 884 2658 αυτό,
913 2618 957 2659 Ρ.
986 2604 1044 2648 90
1072 2605 1105 2644 B
1137 2610 1276 2644 autem
1301 2616 1397 2642 cum
1426 2601 1496 2642 illo
1528 2608 1567 2642 et
1594 2599 1739 2644 Stallb.
1769 2595 1877 2649 περὶ

89 2668 187 2702 ante
229 2660 518 2713 φιλονεικίας
553 2676 608 2704 ex
642 2664 736 2716 ipso
771 2663 865 2703 Par.
900 2663 1062 2715 recepi,
1103 2674 1182 2701 nec
1210 2673 1254 2714 p.
1289 2660 1343 2702 91
1379 2658 1410 2700 C
1442 2660 1605 2699 cautius
1647 2658 1717 2711 agi
1748 2667 1876 2709 posse

89 2721 249 2772 putavi,
282 2732 407 2771 quam
436 2721 473 2759 si
505 2733 599 2760 cum
627 2719 772 2760 Stallb.
807 2719 934 2772 hujus
964 2720 1164 2760 lectiones
1195 2712 1580 2783 ξυνδιαγαγόντες
1607 2713 1740 2779 (hanc
1765 2714 1873 2753 enim

89 2776 255 2816 Bastius
286 2782 481 2824 testatum
507 2776 640 2818 Bekk.
675 2784 715 2818 et
745 2776 1023 2817 Schneiderus
1051 2767 1409 2828 ξυναγαγόντες)
1436 2779 1476 2813 et
1499 2766 1878 2822 καταδρέψαντες
