1962 3236
626 162 1202 220 110A1T31A2oe'.
1706 167 1742 218 5

63 306 239 378 αὐτὴν
277 309 495 377 ἐποίησε
522 310 618 376 τῆς
651 310 761 358 νῦν
797 299 990 372 οὔσης·
1027 298 1132 371 ἐγώ
1171 300 1231 355 δὲ
1261 298 1485 370 άγαπω,
1532 297 1632 357 ἐὰν
1664 299 1739 371 μὴ

64 389 267 444 ἐλάττω
297 392 574 443 καταλίπω
609 388 879 452 τουτοισί,
918 380 1056 438 α’λλά
1085 386 1278 452 βραχεῖ
1299 382 1367 450 γέ
1382 402 1492 435 τινι
1512 377 1738 436 πλείω”
1698 403 1734 452 η

63 470 394 539 παρέλαβον
471 458 560 521 Οὔ
586 486 670 519 τοι
688 465 847 518 ἕνεκα
876 461 1121 533 ἠρόμην,
1157 456 1230 533 ἦν
1261 460 1312 516 δ’
1342 461 1481 531 ἐγώ,
1528 483 1612 516 οτι
1642 483 1738 532 μοι

61 554 250 616 ἔδοξας
271 547 341 604 οὐ
360 547 580 618 σφόδρα
599 543 823 616 ἀγαπᾷν
841 542 907 597 τὰ
927 543 1193 614 χρήματα.
1215 549 1379 598 τοῦτο
1400 542 1460 597 δὲ
1479 548 1738 597 ποιοῦσιν
1765 555 1797 598 0

64 629 138 695 ὡς
156 629 217 686 τὸ
248 626 391 685 πολὺ
422 633 479 683 οἳ
499 624 572 682 ἂν
599 626 673 697 μὴ
695 623 851 680 αὐτοὶ
876 625 1183 695 κτήσωνται
1199 647 1209 656 ·
1232 628 1289 680 οἱ
1313 626 1373 680 δὲ
1403 623 1739 695 κτησάμενοι

65 716 232 782 διπλῇ
247 707 283 780 ἦ
303 713 360 765 οἰ
376 708 533 764 ἄλλοι
553 705 890 774 ἀσπάζονται
912 704 1070 760 αὐτά.
1112 706 1295 778 ὥσπερ
1317 703 1426 777 γὰρ
1447 708 1503 761 oc
1518 706 1739 775 ποιηταὶ

64 791 129 847 τά
149 789 337 846 αὐτῶν
363 790 639 861 ποιήματα
670 790 761 844 καὶ
781 791 838 843 oc
853 790 1079 856 πατέρες
1097 786 1227 851 τούς
1246 792 1444 851 παῖδας
1463 784 1736 857 ἀγαπῶσι,

60 874 233 945 ταύτῃ
276 893 334 927 τε
380 871 448 942 δὴ
485 874 577 928 καὶ
613 875 669 927 οἰ
710 869 1171 942 χρηματισάμενοι
1217 871 1339 938 περὶ
1386 866 1454 923 τοὶ
1488 868 1737 940 χρήματα

65 954 475 1020 σπουδάζουσιν
504 951 578 1018 ὦς
617 957 782 1023 ἔργον
823 954 1058 1021 ἑαυτῶν,
1099 953 1189 1007 καὶ
1229 950 1368 1006 κατὰ
1397 948 1500 1020 τὴν
1527 955 1733 1022 χρείαν,

62 1028 204 1107 ᾗπερ
224 1038 280 1089 οἱ
294 1034 466 1091 ἄλλοι.
497 1036 722 1105 χαλεποὶ
746 1027 852 1088 οὖν
875 1035 965 1089 καὶ
986 1034 1350 1102 ξυγγενέσθαι
1369 1037 1535 1103 εἰσίν,
1566 1029 1735 1088 οὐδὲν

0 1133 1 1176 fi
59 1119 346 1179 ἐθέλοντες
378 1117 626 1170 ἐπαινεῖν
662 1113 788 1169 ἀλλ’
826 1112 865 1185 ἢ
904 1115 1004 1170 τὸν
1033 1120 1292 1187 πλοῦτον.
1345 1111 1552 1185 Ἀληθῆ
1562 1155 1578 1184 ,
1607 1115 1733 1184 ἔφη,

60 1201 247 1268 λέγεις.

200 1283 255 1332 V.
293 1278 458 1333 Πάνυ
487 1277 589 1349 μὲν
610 1271 742 1348 οὖν,
772 1272 843 1348 ἦν
873 1276 924 1333 δ’
958 1279 1080 1348 ἐγώ.
1129 1275 1269 1334 ἀλλά
1291 1299 1385 1349 μοι
1403 1282 1482 1334 ἔτι
1502 1278 1731 1334 τοσόνδε
1755 1297 1792 1338 D

62 1364 199 1416 εἰπέ·
228 1365 285 1416 τί
305 1362 564 1431 μέγιστον
582 1368 683 1416 οἴει
704 1358 926 1431 άγαθόν
944 1359 1381 1416 ἀπολελαυκέναι
1405 1366 1507 1416 τοῦ
1525 1359 1736 1431 πολλὴν

59 1440 259 1498 οὐσίαν
275 1447 602 1512 κεκτῆσθαι;
618 1440 710 1512 Ὅ,
743 1435 780 1512 ἦ
798 1440 853 1497 δ’
875 1441 962 1513 ὅς,
993 1450 1124 1507 ἴσως
1143 1440 1245 1498 οὐκ
1265 1438 1337 1498 ἄν
1356 1442 1596 1507 πολλοὺς
1615 1447 1737 1497 πεί-

58 1541 212 1593 σαιμι
237 1526 428 1593 λέγων.
472 1517 537 1579 εὖ
554 1523 661 1596 γὰρ
683 1531 828 1595 ἴσθι,
855 1528 989 1595 ἔφη,
1013 1518 1060 1579 ὦ
1079 1524 1402 1595 Σώκρατες,
1441 1522 1551 1593 ὅτι,
1584 1525 1734 1579 ἐπει-

59 1605 166 1662 δάν
183 1628 264 1670 τις
283 1606 446 1675 ἐγγὺς
463 1600 502 1678 ᾗ
518 1614 620 1662 τοῦ
637 1615 855 1663 οἴεσθαι
873 1606 1219 1676 τελευτήσειν
1231 1649 1246 1678 ,
1269 1608 1564 1677 εἰσέρχεται
1583 1602 1731 1680 αὐτῷ

57 1686 180 1749 δέος
212 1690 302 1740 καὶ
338 1689 566 1756 φροντὶς
609 1690 735 1758 περὶ
777 1682 858 1743 οἷν
887 1693 1206 1759 ἔμπροσθεν
1232 1685 1335 1743 οὐκ
1367 1686 1551 1758 εἰσῄει.
1600 1689 1656 1742 οἵ
1677 1706 1736 1742 τε

56 1766 166 1836 γὰρ
196 1767 480 1837 λεγόμενοι
498 1774 676 1838 μῦθοι
701 1772 824 1839 περὶ
852 1776 965 1824 τῶν
993 1767 1279 1839 ἐν’Ἀιδου,
1314 1767 1388 1832 ὥς
1408 1767 1506 1823 τὸν
1529 1766 1735 1823 ἐνθάδε

56 1846 398 1919 ἀδικήσαντα
428 1853 515 1905 δεῖ
537 1852 650 1905 ἐκεῖ
669 1849 884 1905 διδόναι
904 1853 1095 1921 δίκην,
1122 1849 1563 1920 καταγελώμενοι
1582 1850 1733 1916 τέως,

54 1930 175 1985 τότε
175 1928 296 2029 ⁸nd»)
289 1934 627 2029 στρέφουσιν
646 1930 820 1987 αὐτοῦ
838 1931 941 2003 τὴν
960 1934 1143 2003 ψυχήν
1161 1930 1234 2002 μὴ
1254 1930 1483 2025 άληῆεῖς
1502 1922 1627 1985 ωσι·
1644 1929 1735 1984 καὶ
1761 1941 1794 1983 Ε

56 2008 223 2077 αὐτὸς
256 2009 380 2083 ἤτοι
411 2010 520 2067 ὑπὸ
566 2019 662 2084 τῆς
696 2019 798 2068 τοῦ
825 2014 1011 2085 γήρως
1043 2012 1339 2077 ἀσθενείας
1366 2005 1402 2082 ἦ
1428 2013 1520 2067 καὶ
1547 2009 1734 2081 ωσπερ

54 2091 163 2164 ἤδη
184 2096 457 2164 ἐγγυτέρω
493 2118 572 2151 ων
597 2118 711 2152 των
728 2100 841 2154 ἐκεῖ
855 2098 1065 2168 μᾶλλόν
1082 2120 1133 2153 τι
1150 2102 1372 2170 καθορᾷ
1390 2095 1546 2151 αὐτά.
1591 2093 1735 2150 ὑπο-

54 2173 246 2240 φίαςσῖ
278 2168 386 2231 οὖν
414 2180 503 2232 καὶ
524 2182 775 2251 δείματος
793 2180 988 2251 μεστὸς
1015 2186 1259 2251 γίγνεται
1294 2182 1384 2236 καὶ
1412 2177 1733 2249 ἀναλογίζε-

54 2277 143 2311 ται
168 2253 273 2327 ἤδη
308 2262 399 2315 καὶ
433 2273 651 2332 σκοπεῖ,
690 2269 747 2318 ει*
767 2262 891 2318 τινά
921 2286 971 2318 τι
997 2261 1275 2334 ἠδίκηκεν.
1325 2259 1354 2318 ὁ
1378 2261 1481 2332 μὲν
1511 2253 1618 2315 οὖν
1639 2257 1735 2315 εὑ-

57 2341 266 2405 ρίσκων
299 2339 502 2395 ἑαυτοῦ
530 2343 590 2397 ἐν
617 2348 693 2415 τῷ
716 2348 818 2418 βίω
858 2342 1035 2400 πολλα
1063 2342 1372 2415 ἀδικήματα
1403 2344 1495 2399 καὶ
1523 2345 1582 2398 ἐκ
1618 2349 1734 2398 ταῖν

55 2438 252 2473 υπνων
262 2438 486 2492 ,ωσπερ
506 2427 562 2479 οἱ
577 2429 793 2495 παῖδες,
813 2426 968 2497 θαμὰ
989 2427 1335 2498 ἐγειρόμενος
1354 2430 1621 2496 δειμαίνει
1642 2425 1734 2480 καὶ

53 2503 116 2571 ζῇ
142 2502 275 2568 μετὰ
306 2509 479 2572 κακῆς
505 2506 746 2570 ἐλπίδος·
777 2513 853 2578 τῷ
886 2509 944 2563 δὲ
974 2509 1203 2580 μηδὲν
1176 2515 1354 2580 εαυτῷ
1384 2506 1580 2563 ἄδικον
1600 2510 1731 2571 ξυν-
1744 2514 1830 2561 331

57 2581 224 2635 ειδότι
264 2579 416 2652 ἡδεῖα
454 2586 602 2648 ἐλπὶς
632 2584 716 2642 ἀεὶ
747 2588 976 2657 πάρεστι
1013 2593 1103 2646 καὶ
1141 2588 1326 2661 ἀγαθὴ
1363 2587 1732 2659 γηροτρόφος,

52 2683 126 2726 ως
145 2664 232 2718 καὶ
256 2667 534 2732 Πίνδαρος
558 2669 717 2736 λέγει.
761 2672 1053 2770 χαριέντως
1084 2673 1191 2741 γάρ
1211 2693 1322 2740 τοι,
1356 2692 1400 2725 ω
1419 2670 1734 2741 Σώκρατες,

26 2749 181 2799 ·τοῦτ
191 2742 432 2810 ’ἐκεῖνος
454 2745 686 2817 εἶπεν,
665 2747 748 2804 ότι
778 2747 838 2814 ὃς
867 2774 938 2806 αν
957 2756 1181 2816 δικαίως
1201 2756 1290 2807 καὶ
1311 2749 1474 2817 ὁσίως
1491 2749 1590 2808 τὸν
1609 2757 1736 2824 βίον

50 2825 284 2899 διαγάγῃ
297 2868 312 2897 ,
