1962 3236
618 139 1181 196 ΠΟΛΙΤΕΙΑΣὸ.
1639 144 1743 198 109

61 292 205 358 γοῦν
229 286 563 353 παρανομία,
595 285 720 352 ἐφη,
756 281 959 352 ῥαδίως
987 275 1128 351 αὕτη
1155 277 1428 336 λανθανει
1460 283 1750 350 παραδυο-

62 369 215 438 μένη.
253 370 384 435 Ναί,
407 369 566 436 ἔφην,
588 359 664 427 ὥς
680 364 742 417 έν
760 364 981 426 παιδιας
998 381 1060 431 γε
1078 363 1229 431 μέρει
1247 362 1338 416 καὶ
1359 383 1433 427 ως
1450 360 1628 417 κακόν
1647 360 1749 417 οὐ-

63 448 158 504 δὲν
170 449 519 519 ἐργαζομένη.
560 440 709 500 Οὐδὲ
726 441 836 514 γὰρ
856 442 1150 514 ἐργάζεται,
1174 446 1298 514 ἔφη,
1317 440 1454 499 αλλο
1477 464 1541 514 γε
1558 439 1594 514 ἦ
1610 441 1749 499 κατὰ

0 575 2 585 .
63 530 302 599 σμικρὸν
329 526 734 597 εἰσοικισαμένη
754 522 931 596 ἠρέμα
952 522 1190 596 ὑπορρεῖ
1205 524 1342 595 πρὸς
1360 521 1427 580 τὰ
1446 521 1562 596 ἤθη
1581 545 1639 580 τε
1657 527 1750 581 καὶ

61 612 128 666 τὰ
170 610 600 682 ἐπιτηδεύματα·
649 610 710 664 ἐκ
742 606 802 664 δὲ
836 606 1054 663 τούτων
1090 612 1166 672 εἰς
1199 605 1266 663 τὰ
1304 608 1444 677 πρὸς
1478 606 1749 679 ἀλλήλους

64 694 370 764 ξυμβόλαια
387 694 586 763 μείζων
604 692 865 761 ἐκβαίνει,
886 690 946 744 ἐκ
970 688 1029 744 δὲ
1051 688 1117 760 δὴ
1139 696 1253 744 τῶν
1272 692 1624 762 ξυμβολαίων
1654 693 1748 758 ἔρ·-

0 801 2 814 ·
60 796 211 845 χεται
238 777 324 829 ἐπὶ
343 771 473 838 τοὺς
507 770 719 843 νόμους
750 775 841 828 καὶ
877 776 1152 835 πολιτείας
1181 770 1291 825 σὺν
1319 779 1512 846 πολλῇ,
1546 765 1592 828 ὦ
1619 770 1752 828 Σώ-
1780 784 1814 826 Ε

63 878 276 927 κρατες,
298 854 574 930 ἀσελγείᾳ,
593 856 697 919 ἕως
715 850 788 910 ἄν
805 861 1113 911 τελευτῶσα
1133 854 1314 908 πάντα
1334 858 1446 927 ἰδίᾳ
1465 856 1558 910 καὶ
1575 859 1750 926 δημο-

64 943 156 1011 σίᾳ
183 937 478 1010 ἀνατρέψῃ.
516 936 665 1006 Εἶεν,
685 930 760 1008 ἦν
787 933 836 991 δ’
869 934 1000 1006 ἐγώ·
1041 934 1189 991 οὕτω
1219 933 1377 990 τοῦτ’
1407 940 1540 1007 ἔχει;
1578 942 1757 992 Δοκεῖ

63 1044 174 1092 μοι,
196 1026 316 1092 ἐφη.
344 1017 574 1076 Οὐκοῦν
592 1018 623 1074 ὃ
642 1022 695 1086 ἐξ
709 1017 880 1090 ἀρχῆς
896 1020 1171 1089 ἐλέγομεν,
1191 1029 1303 1083 τοῖς
1319 1014 1601 1090 ἡμετέροις
1618 1037 1752 1075 παι-

64 1107 154 1159 σὶν
178 1105 562 1174 ἐννομωτέρου
582 1099 759 1166 εὐθὺς
787 1104 1007 1165 παιδιᾶς
1038 1103 1359 1172 μεθεκτέον,
1394 1097 1466 1166 ὦς
1498 1100 1752 1171 παρανό-

62 1206 174 1256 μου
192 1185 521 1254 γιγνομένης
539 1180 711 1253 αὐτῆς
730 1183 823 1238 καὶ
850 1186 1066 1237 παίδων
1093 1181 1364 1238 τοιούτων
1389 1181 1662 1255 ἐννόμους
1692 1204 1751 1239 τε

62 1266 156 1322 καὶ
175 1267 516 1328 σπουδαίους
545 1266 599 1329 ἐξ
630 1260 819 1318 αὐτῶν
849 1261 1059 1333 ἄνδρας
1094 1260 1440 1329 αὐξάνεσθαι
1470 1262 1756 1322 ἀδύνατον
1781 1273 1867 1319 425

66 1344 164 1412 ὅν;
199 1351 331 1411 Παῖς
358 1343 410 1401 δ’
436 1343 584 1416 οὐχί;
622 1349 744 1416 ἔφη.
807 1343 978 1400 Ὅταν
1009 1343 1075 1416 δὴ
1109 1344 1217 1417 ἄρα
1244 1351 1427 1412 καλῶς
1453 1345 1754 1418 ἀρξάμενοι

66 1431 256 1492 παῖδες
287 1430 497 1492 παίζειν
525 1424 792 1498 εὐνομίαν
833 1424 924 1482 διὰ
954 1433 1051 1498 τῆς
1078 1434 1350 1499 μουσικῆς
1384 1432 1751 1499 εἰσδέξωνται,

0 1543 3 1583 κ,
66 1510 234 1565 πάλιν
261 1505 593 1564 τούναντίον
621 1507 657 1582 ἦ
688 1508 910 1573 ’κείνοις
943 1512 1020 1574 εἰς
1048 1508 1230 1565 πάντα
1264 1513 1557 1576 ξυνέπεταί
1579 1533 1639 1567 τε
1661 1513 1754 1567 καὶ

0 1638 1 1644 ,
69 1590 241 1661 αὔξει,
263 1592 661 1661 ἐπανορθοῦσα
681 1598 737 1647 εἴ
752 1612 805 1646 τι
824 1593 915 1646 καὶ
929 1590 1206 1663 πρότερον
1226 1598 1322 1663 τῆς
1331 1592 1544 1659 πόλεως
1564 1597 1752 1649 ἔκειτο.

0 1730 2 1743 ,
59 1672 271 1743 Ἀληθῆ
293 1674 496 1743 μέντοι,
517 1677 639 1744 ἔφη.
676 1675 785 1729 Καὶ
804 1671 871 1728 τὰ
892 1672 1095 1744 σμικρὰ
1119 1673 1246 1746 ἄρα,
1270 1673 1445 1746 εἷπον,
1475 1679 1755 1733 δοκοῦντα

0 1753 2 1758 ’
68 1756 208 1813 εἶναι
227 1756 434 1828 νόμιμα
453 1759 867 1827 ἐξευρίσκουσιν
899 1750 1073 1825 οὗτοι,
1105 1754 1141 1810 ἂ
1174 1760 1231 1812 οἱ
1254 1756 1532 1830 πρότερον
1563 1757 1756 1815 ιιῖπιόλ-Δ

66 1847 247 1894 λυσαν
267 1838 464 1894 πάντα.
511 1845 681 1903 Ποίας
723 1836 804 1894 Τὰ
824 1836 1035 1894 τοιάδε·
1073 1836 1233 1908 σιγάς
1258 1859 1316 1894 τε
1334 1845 1450 1894 τῶν
1467 1843 1756 1910 νεωτέρων

67 1921 216 1991 παρὰ
237 1925 647 1993 πρεσβυτέροις,
673 1918 739 1986 ὃς
757 1923 968 1991 πρέπει,
999 1923 1092 1976 καὶ
1119 1926 1462 1987 κατακλίσεις
1486 1924 1578 1978 καὶ
1604 1920 1754 1979 ὑπα-
1785 1943 1817 1984 Β
1895 1927 1900 1933 ’

65 2001 356 2068 ναστάσεις
381 2006 471 2058 καὶ
490 2005 703 2074 γονέων
729 2008 1048 2073 θεραπείας,
1076 2004 1167 2057 καὶ
1196 2007 1404 2074 κουράς
1434 2025 1499 2074 γε
1528 2005 1620 2059 καὶ
1649 2001 1757 2076 ἆμ-

67 2083 303 2180 πεχόνας
320 2086 411 2139 καὶ
431 2081 725 2149 ὑποδέσεις
742 2084 834 2139 καὶ
864 2083 999 2139 ὅλον
1018 2081 1119 2139 τὸν
1145 2090 1248 2138 τοῦ
1270 2082 1521 2155 σώματος
1543 2103 1757 2158 σχημα-

0 2218 2 2228 ξ
67 2164 266 2235 τισμὸν
283 2166 373 2221 καὶ
392 2159 563 2221 ταλλα
583 2163 690 2221 ὅσα
718 2172 962 2221 τοιαῦτα.
1001 2161 1040 2237 ἦ
1069 2163 1173 2222 οὐκ
1204 2173 1331 2231 οἱἐι;
1366 2165 1594 2238 ’Ἐγωγε
1632 2172 1756 2223 Νο-

68 2253 328 2317 μοθετετν
358 2245 410 2302 δ’
447 2245 588 2303 αὐτα
616 2246 766 2319 οἶμαι
794 2248 1022 2319 εὔηθες·
1066 2269 1196 2304 ουτε
1226 2248 1334 2320 γάρ
1365 2267 1478 2305 που
1510 2254 1756 2320 γίγνεται

0 2359 3 2380 ι
68 2324 188 2383 οὔτ’
221 2322 296 2382 ἂν
323 2333 577 2400 μείνειεν,
600 2329 747 2404 λόγῳ
776 2351 834 2386 τε
855 2331 946 2386 καὶ
973 2329 1255 2402 γράμμασι
1281 2335 1754 2403 νομοθετηθέντα.

68 2415 200 2475 Πῶς
217 2409 351 2479 γᾰρς
388 2410 722 2467 Κινδυνεύει
739 2433 900 2482 γουν,
918 2435 992 2483 ην
1025 2410 1079 2467 δ’
1111 2411 1238 2483 ἐγώ,
1270 2434 1313 2468 ω
1343 2409 1674 2485 Ἀδείμαντε,
1696 2416 1757 2470 ἐκ

68 2497 163 2561 τῆς
185 2489 504 2560 παιδείας,”
473 2511 600 2547 οποι
617 2515 690 2549 αν
709 2515 790 2558 τις
817 2490 1052 2566 ὁρμήσῃ,
1073 2501 1300 2550 τοιαῦτα
1318 2495 1495 2551 καὶτὰ
1515 2495 1758 2566 ἑπόμενα
1788 2505 1820 2548 c

68 2569 224 2627 εἶναι.
263 2570 301 2642 ἢ
321 2571 425 2627 οὐκ
445 2572 531 2627 ἀεὶ
551 2571 613 2629 τὸ
635 2572 834 2645 ὅμοιον
854 2571 923 2631 ὂν
943 2574 1139 2646 ὅμοιον
1159 2583 1491 2647 παρακαλεῖς
1535 2581 1606 2631 Τί
1617 2575 1754 2647 μήν,

68 2656 176 2708 Καὶ
210 2660 483 2722 τελευτῶν
513 2656 597 2726 δή,
628 2653 795 2726 οἶμαι,
834 2669 1038 2727 φαῖμεν
1072 2654 1144 2713 ἂν
1172 2663 1249 2723 εἰς
1278 2659 1340 2713 ἓν
1364 2680 1415 2714 τι
1443 2661 1632 2714 τέλεον
1661 2659 1753 2715 καὶ

0 2794 2 2803 ,
68 2735 332 2790 νεανικὸν
369 2734 696 2807 ἀποβαίνειν
727 2735 862 2793 αὐτὸ
903 2734 937 2808 ἢ
969 2737 1191 2809 ἀγαθὸν
1215 2737 1254 2810 ἢ
1280 2741 1371 2796 καὶ
1407 2737 1750 2797 τούναντίον.

75 2821 145 2872 Τί
157 2815 265 2887 γάρ
288 2818 420 2885 οὕκ;
459 2813 495 2889 ἦ
518 2817 570 2873 δ’
604 2818 680 2885 ὅς.
715 2818 849 2891 Ἐγώ
886 2820 988 2892 μὲν
1019 2826 1230 2892 τοίνυν,
1262 2820 1437 2892 εἶπον,
1470 2820 1560 2878 διὰ
1579 2829 1752 2879 ταῦτα
