1962 3236
269 191 370 243 196
884 196 1362 244 ΠΛΑΤΩΝΟΣ

200 348 237 389 1)
263 326 582 384 θεάσασθαι
600 326 785 398 τυφλά
805 349 862 382 τε
882 328 973 382 καὶ
993 325 1202 398 σκότια,
1223 325 1350 393 ἐξὸν
1366 327 1499 398 παρ’
1523 330 1710 388 ἄλλων
1728 331 1955 389 ἀκούειν

264 410 417 480 φανά
437 432 493 465 τε
514 412 605 465 καὶ
624 409 791 471 καλά;
821 405 922 477 Μὴ
945 407 1085 478 πρὸς
1104 407 1259 478 Διός,
1281 402 1317 479 ἦ
1338 406 1390 464 δ’
1425 408 1502 482 ὅς,
1527 405 1570 466 ὦ
1590 412 1901 484 Σώκρατες,
1924 410 1952 469 ὁ

261 490 552 560 Γλαύκων,
576 488 760 557 ὥσπερ
782 491 867 543 ἐπὶ
886 492 1028 543 τέλει
1047 487 1128 543 α’)’ν
1147 489 1405 563 ἀποστῇς.
1438 490 1660 562 ἀρκέσει
1678 491 1784 565 γάρ
1805 492 1952 565 ἡμῖν,

193 591 195 593 ’
261 570 369 628 κάν
404 571 588 643 ὥσπερ
627 570 981 642 δικαιοσύνης
1014 573 1140 643 πέρι
1175 575 1267 628 καὶ
1304 575 1675 647 σωφροσύνης
1712 578 1803 633 καὶ
1840 584 1952 632 τῶν

261 652 446 708 ἄλλων
472 657 713 724 διῆλθες,
736 650 884 707 οὕτω
904 654 995 708 καὶ
1015 654 1140 724 περὶ
1161 660 1264 708 τοῦ
1297 651 1525 725 ἀγαθοῦ
1554 659 1792 729 διέλθῃς.
1843 661 1953 714 Καὶ

258 735 366 806 γὰρ
386 738 521 806 ἐμοί,
561 739 631 806 ην
666 733 716 792 δ’
746 734 873 805 ε’γεό,
904 757 946 790 ω
986 736 1180 807 ἑταῖρε,
1222 739 1313 792 καὶ
1350 738 1498 808 μάλα
1535 737 1783 807 ἀρκέσει·
1825 738 1946 796 ἀλλ’

259 817 408 882 όπως
426 816 499 888 μὴ
522 815 623 888 οὐχ
643 812 757 883 οἷός
784 814 834 872 τ’
869 821 1079 888 ἔσομαι,
1111 818 1581 890 προθυμούμενος
1614 821 1674 877 δε
1706 819 1950 892 ἀσχημο-

258 920 375 952 νων
393 901 605 968 γέλωτα
626 895 871 969 ὀφλήσω.
905 895 1049 965 ἀλλ’,
1073 900 1115 952 ὠ
1142 898 1423 969 μακάριοι,
1444 898 1578 955 αὐτὸ
1612 924 1713 971 μεν
1741 908 1798 957 τί
1822 902 1943 957 ποτ’

195 996 230 1037 Ε
261 982 371 1036 ἐστὶ
390 978 662 1077 τάγαθόν,
691 979 940 1048 ἐάσωμεν
960 976 1021 1031 τὸ
1042 985 1152 1033 νῦν
1180 977 1344 1033 εἶναι·
1385 985 1555 1035 πλέον
1573 981 1680 1052 γάρ
1705 1004 1798 1052 μοι
1818 990 1950 1054 φαί-

256 1083 409 1116 νεται
431 1057 464 1132 η“
484 1063 622 1116 κατὰ
653 1059 756 1132 τὴν
789 1065 1084 1129 παροῦσαν
1115 1057 1294 1131 ὁρμὴν
1317 1062 1612 1130 ἐφικέσθαι
1630 1068 1732 1117 τοῦ
1756 1085 1819 1133 γε
1853 1070 1948 1119 δο-

248 1145 494 1208 ’κοῦντος
522 1144 643 1214 ἐμοὶ
662 1142 727 1197 τά
749 1148 885 1197 νῦν
926 1140 988 1206 ὂς
1010 1144 1111 1196 δὲ’
1090 1141 1317 1211 ε’κγονός
1345 1164 1403 1197 τε
1430 1150 1533 1198 τοῦ
1558 1142 1784 1213 ἀγαθοῦ
1815 1152 1947 1216 φαί-

255 1246 408 1279 νεται
447 1226 539 1280 καὶ
569 1221 891 1295 ὁμοιότατος
919 1226 1131 1298 ἐκείνῳ,
1164 1226 1344 1293 λέγειν
1371 1226 1566 1295 ἐθέλω,
1603 1231 1654 1281 εί
1686 1229 1778 1281 καὶ
1814 1226 1948 1298 ὑμῖν

257 1312 440 1377 φίλον,
464 1311 514 1362 εἰ
531 1307 591 1362 δὲ
619 1305 712 1377 μή,
745 1308 858 1378 ε’ᾆν.
894 1303 1059 1375 Ἀλλ’,
1092 1312 1215 1378 ἔφη,
1247 1310 1394 1377 λέγε·
1434 1313 1688 1373 εἰσαῦθις
1711 1307 1819 1378 γὰρ
1846 1316 1950 1364 τοῦ

253 1387 461 1457 πατρὸς
479 1387 758 1452 ἀποτίσεις
778 1386 879 1458 τὴν
901 1388 1166 1458 διήγησιν.
1207 1394 1526 1459 Βουλοίμην
1547 1388 1635 1458 ἄν,
1656 1388 1830 1460 εἷπον,
1853 1393 1950 1460 ἐμέ
1959 1447 1962 1449 ,

139 1485 222 1530 507
257 1493 314 1527 τε
335 1471 618 1526 δύνασθαι
639 1468 818 1540 αὐτὴν
838 1467 1147 1525 ἀποδοῦναι
1168 1474 1258 1526 καὶ
1278 1468 1420 1541 ὑμᾶς
1432 1476 1786 1541 κομίσασθαι,
1809 1471 1947 1528 ἀλλὰ

253 1553 325 1626 μὴ
349 1553 535 1622 ὥσπερ
563 1559 674 1608 νῦν
692 1552 823 1617 τοῦς
843 1552 1043 1618 τόκους
1062 1554 1255 1624 μόνον.
1297 1559 1499 1607 τοῦτον
1521 1554 1579 1608 δὲ
1611 1552 1678 1624 δὴ
1712 1549 1818 1609 οῦν
1847 1554 1947 1611 τὸν

253 1637 423 1692 τόκον
440 1657 499 1690 τε
518 1638 608 1690 καὶ
628 1638 862 1705 ἔκγονον
881 1633 1058 1689 αὐτοῦ
1077 1642 1179 1690 τοῦ
1198 1634 1423 1705 ἀγαθοῦ
1434 1641 1758 1704 κομίσασθε.
1782 1636 1947 1692 εῦλα-

253 1725 445 1790 βεῖσθε
480 1720 686 1787 μέντοι,
720 1716 796 1787 μή
833 1738 908 1788 πῃ
941 1717 1260 1789 ἐξαπατήσω
1297 1716 1441 1788 ὑμᾶς
1476 1717 1646 1787 ἄκων,
1681 1712 1962 1790 κίβδηλονζ

254 1800 557 1863 ἀποδιδούς
596 1798 697 1854 τὸν
740 1799 909 1870 λόγον
935 1805 1037 1855 τοῦ
1066 1800 1253 1856 τόκου.
1311 1799 1777 1873 Εὐλαβησόμεθα,
1821 1808 1960 1873 ἔφη,

252 1881 391 1938 κατά
415 1881 680 1952 δύναμιν·
721 1879 860 1936 ἀλλά
891 1881 1067 1952 μόνον
1098 1885 1236 1954 λέγε.
1273 1882 1837 1954 Διομολογησάμενός
1863 1883 1962 1953 γ’,,

254 1970 396 2036 ἔφην
415 1963 542 2035 ἐγώ,
564 1965 656 2020 καὶ
686 1963 1011 2035 ἀναμνήσας
1041 1963 1184 2034 ὑμᾶς
1212 1964 1278 2018 τά
1304 1963 1366 2018 τ’Δ
1388 1967 1448 2018 ἐν
1482 1975 1594 2028 τοῖς
1623 1970 1962 2035 ἔμπροσθεν·

0 2066 120 2126 ‘NR
192 2063 225 2104 B
258 2051 501 2119 ῥηθέντα
531 2049 621 2102 καὶ
647 2045 843 2101 ἄλλοτε
864 2045 970 2116 ἤδη
1002 2044 1264 2109 πολλάκις
1294 2048 1569 2115 εἰρημένα.
1614 2043 1694 2099 Τὰ
1723 2057 1878 2110 ποῖα;
1908 2041 1947 2117 ἦ

125 2127 303 2213 Rv-ng'
329 2128 404 2194 ὃς.
444 2126 635 2184 Πολλά
662 2128 823 2197 καλά,
846 2124 917 2198 ἦν
938 2125 991 2182 δ’
1015 2127 1139 2229 ἐγω,
1173 2129 1264 2180 καὶ
1289 2124 1465 2181 πολλοὶ
1488 2123 1676 2195 ἀγαθά
1698 2129 1790 2182 καὶ
1809 2129 1962 2189 ἔκαε

254 2219 355 2267 στα
377 2208 554 2274 οὕτως
574 2208 719 2264 εἷναί
733 2212 918 2279 φαμέν
936 2230 995 2263 τε
1016 2211 1107 2263 καὶ
1128 2212 1437 2307 διορίζομεν
1456 2230 1532 2262 τω
1554 2207 1715 2281 λόγῳ
1754 2208 1962 2279 Φαμεντ

251 2293 376 2364 γάρ.
430 2294 540 2347 Καὶ
561 2289 695 2346 αὐτὸ
721 2290 786 2361 δὴ
809 2289 983 2345 καλὸν
1003 2291 1094 2345 καὶ
1113 2287 1248 2345 αὐτὸ
1284 2287 1507 2360 ἀγαθὸν
1535 2293 1626 2345 καὶ
1652 2289 1799 2346 ούτω
1817 2288 1962 2366 περὶςι

255 2375 501 2444 πάντων,
526 2371 563 2428 ἂ
579 2372 702 2429 τότε
722 2395 795 2438 ως
816 2371 992 2428 πολλοὶ
1027 2374 1298 2443 ἐτίθεμεν,
1333 2372 1505 2428 πάλιν
1530 2366 1604 2427 αὖ
1637 2372 1759 2427 κατ’
1791 2369 1960 2470 ἰδέαν·Ξ

252 2463 384 2529 μίαν
422 2456 658 2512 ἑκάστου
697 2478 770 2521 ως
813 2462 942 2526 μιᾶς
979 2454 1150 2528 οὔσης
1182 2459 1430 2521 τιθέντες
1460 2455 1492 2511 ὂ
1529 2462 1677 2511 ἔστιν
1707 2448 1960 2512 ε’καστονῗῖ

251 2539 757 2609 προσαγορεύομεν.
804 2538 952 2593 Ἔστι
988 2545 1177 2594 ταῦτα.
1225 2541 1335 2594 Καὶ
1364 2537 1430 2593 τά
1468 2560 1571 2608 μεν
1602 2537 1668 2609 δὴ
1696 2495 1962 2640 ὁρᾶσθαέ

193 2642 223 2683 c
254 2642 456 2692 φαμεν,
473 2627 727 2675 νοεῖσθαι
746 2617 798 2674 δ’
821 2618 908 2688 οὕ,
929 2620 1025 2685 τάς
1046 2618 1098 2675 δ’
1128 2615 1202 2676 αὖ
1225 2622 1372 2685 ἰδέας
1391 2629 1645 2676 νοεῖσθαι
1664 2622 1784 2690 μέν,
1804 2619 1962 2717 ὁρᾶ-’ἐξ

253 2711 390 2758 σθαι
425 2700 475 2756 δ’
511 2701 595 2756 οὔ.
631 2702 962 2758 Παντάπασι
990 2725 1092 2773 μεν
1123 2696 1245 2759 οὖν.
1290 2709 1381 2758 Τω
1410 2697 1517 2758 οὖν
1546 2698 1761 2772 ὁρωμεν
1781 2722 1962 2780 ημων

257 2781 444 2837 αὐτων
471 2781 536 2837 τά
571 2780 855 2855 ὁρώμενα;
895 2786 974 2857 Τῇ
1012 2784 1154 2853 ὄψει,
1185 2789 1306 2854 ὲᾞφη
1347 2780 1593 2852 Οὐκοῦν,
1623 2777 1696 2853 ἦν
1725 2781 1772 2837 δ’
1810 2783 1956 2865 ε’γωξ,

260 2866 345 2920 καὶ
369 2863 510 2936 ἀκοῇ
529 2865 595 2919 τά
616 2864 953 2937 ἀκουόμενα,
983 2867 1074 2921 καὶ
1093 2877 1210 2929 ταῖς
1229 2864 1418 2929 άλλαις
1437 2862 1731 2936 αἰσθήσεσι
1759 2864 1953 2982 πάντας
