1962 3236
245 148 314 200 92
853 150 1331 199 ΠΛΑΤΩΝΟΣ

245 280 352 352 ἐγώ
373 285 531 352 λέγω,
552 285 817 352 ἐχρῶντο,
851 279 888 351 ἢ
914 279 983 336 ού
1014 283 1302 352 μέμνησαι,
1326 280 1411 336 ότι
1440 286 1530 339 καὶ
1560 290 1635 356 τῷ
1657 286 1923 359 Μενέλεω

247 362 308 418 ἐκ
327 368 428 417 τοῦ
451 363 762 433 τραύματος
781 355 851 416 οὗ
869 359 898 416 ὁ
918 361 1216 431 Πάνδαρος
1235 366 1432 433 ἔβαλεν

388 439 482 514 αἷμ
491 439 884 513 ’ἐκμυζήσαντ’
910 444 1004 498 ε’πί
1017 441 1067 497 τ’
1096 442 1231 514 ἤπια
1251 443 1479 514 φάρμακ
1487 442 1781 515 ἐ’πασσον,

245 520 348 578 ὅτι
369 521 421 579 δ’
444 527 609 594 ἐχρῆν
627 521 761 592 μετὰ
787 528 952 578 τοῦτο
974 518 1012 594 ἦ
1042 535 1188 579 πιεῖν
1218 520 1253 594 ἢ
1289 536 1490 594 φαγεῖν
1518 526 1683 582 οὐδὲν
1712 533 1923 596 μᾶλλον
1958 584 1962 587 ,

243 599 280 673 ἢ
298 609 377 677 τῷ
394 601 713 676 Εὐρυπύλῳ
732 605 1117 675 προσέταττον,
1134 602 1206 669 ὦς
1224 608 1435 661 ἱκανῶν
1446 605 1627 662 ὅντων
1644 613 1757 663 τῶν
1777 629 1924 678 φαρ-

244 683 439 754 μάκων
470 684 738 739 ἰάσασθαι
764 683 972 754 ἄνδρας
1008 684 1113 754 πρὸ
1145 692 1258 740 τῶν
1285 686 1616 757 τραυμάτων
1644 685 1926 758 ὑγιεινούς

179 774 212 816 Β
244 786 301 820 τε
319 765 411 821 καὶ
435 769 699 836 κοσμίους
718 769 778 821 ἐν
791 769 984 836 διαίτῃ,
999 762 1107 821 κᾶν
1118 770 1169 821 εί
1182 765 1401 836 τύχοιεν
1420 770 1480 823 ἐν
1499 775 1576 842 τῷ
1595 775 1924 839 παραχρῆμα

243 852 501 902 κυκεῶνα
515 846 751 918 πιόντες,
776 846 994 917 νοσώδη
1016 847 1074 903 δὲ
1096 846 1262 915 φύσει
1278 869 1337 902 τε
1356 850 1445 902 καὶ
1465 847 1775 904 ἀκόλαστον
1795 847 1925 904 οὔτε

244 926 430 992 αὐτοῖς
467 927 596 983 οὔτε
633 939 743 991 τοῖς
773 926 958 991 ἄλλοις
996 926 1170 998 ᾤοντο
1193 934 1497 984 λυσιτελεῖν
1526 934 1641 999 ζῇν,
1681 926 1805 984 οὐδ’
1839 931 1925 984 ἐπὶ

241 1009 459 1074 τούτοις
477 1009 579 1079 τὴν
596 1012 795 1079 τέχνην
825 1012 940 1063 δεῖν
969 1007 1125 1078 εἶναι,
1156 1007 1288 1065 οὐδὲ
1307 1012 1684 1080 θεραπευτέον
1702 1009 1924 1078 αὐτούς,

243 1087 367 1146 οὐδ’
410 1093 459 1144 εἰ
483 1093 676 1144 Μίδου
705 1089 1102 1158 πλουσιώτεροι
1132 1088 1254 1145 εἷεν.
1290 1091 1458 1146 Πάνυ
1486 1092 1754 1163 κομψούς,
1797 1095 1920 1162 ἔφη,

241 1174 414 1241 λέγεις
438 1169 767 1241 Ἀσκληπιοῦ
787 1174 998 1235 παῖδας.

381 1256 508 1308 XVI.
543 1254 768 1322 Πρέπει,
790 1246 863 1323 ἦν
883 1250 933 1306 δ’
958 1251 1081 1320 ἐγώ.
1123 1259 1299 1308 καίτοι
1321 1251 1686 1318 ἀπειθοῦντές
1705 1273 1767 1323 γε
1789 1250 1923 1323 ἡμῖν

242 1337 299 1390 oc
318 1337 749 1407 τραγῳδιοποιοί
763 1354 820 1388 τε
841 1334 933 1388 καὶ
953 1337 1233 1404 Πίνδαρος
1247 1333 1591 1399 ’Λπόλλωνος
1618 1337 1719 1405 μέν
1749 1348 1922 1404 φασιν

186 1412 568 1486 ΟἈσκληπιὸν
608 1412 764 1484 εἶναι,
818 1411 926 1469 ὑπὸ
967 1414 1026 1470 δὲ
1063 1421 1277 1484 χρυσοῦ
1313 1422 1613 1486 πεισθῆναι
1649 1414 1923 1470 πλούσιον

242 1495 422 1566 άνδρα
442 1496 762 1566 θανάσιμον
779 1495 936 1567 ἤδη”
905 1518 1041 1551 οντα
1062 1497 1343 1568 ἰάσασθαι,
1365 1495 1507 1552 ὅθεν
1521 1495 1587 1567 δὴ
1609 1498 1698 1552 καὶ
1717 1516 1922 1566 κεραυ-

243 1583 501 1649 νωθῆναι
521 1575 708 1632 αὐτόν.
761 1575 916 1648 ἡμεῖς
947 1579 1006 1633 δε
1037 1576 1176 1632 κατὰ
1210 1577 1276 1633 τὰ
1305 1580 1675 1649 προειρημένα
1704 1574 1772 1632 οὐ
1803 1595 1924 1630 πει-

241 1658 468 1729 θόμεθα
497 1655 683 1723 αὐτοῖς
712 1656 1015 1728 ἀμφότερα,
1049 1657 1170 1714 ἀλλ’
1202 1663 1253 1714 εί
1274 1660 1376 1730 μὲν
1404 1665 1549 1717 θεοῦ
1578 1652 1667 1729 ἦν,
1690 1656 1802 1740 οὐκ
1829 1651 1921 1727 ἦν,

242 1738 513 1810 φήσομεν,
533 1739 943 1811 αἰσχροκερδής,
965 1745 1016 1796 εἰ
1033 1738 1082 1795 δ’
1108 1738 1515 1811 αἰσχροκερδής,
1550 1737 1654 1794 οὐκ
1672 1732 1744 1809 ἦν
1761 1744 1920 1793 θεοῦ.

237 1819 562 1894 Ὀρθότατα,
586 1817 624 1894 ἦ
645 1822 697 1878 δ’
686 1821 803 1922 -39’
822 1823 996 1878 ταῦτά
1017 1845 1095 1893 γε.
1130 1822 1270 1879 ἀλλὰ
1299 1826 1422 1892 περὶ
1450 1825 1614 1878 τοῦδε
1646 1826 1700 1876 τί
1731 1824 1920 1889 λέγεις,

243 1905 286 1958 ώ
306 1903 629 1975 Σώκρατες·
616 1945 630 1969 ,
671 1897 764 2002 ἆλρ
789 1902 893 1959 οὐκ
913 1901 1167 1974 ἀγαθοὺς
1187 1906 1312 1960 δεῖ’
1286 1926 1348 1959 εν
1359 1925 1424 1975 τη
1445 1902 1603 1958 πόλει
1621 1903 1923 1971 κεκτῆσθαι

242 1983 491 2056 ἰατρούς·
478 2026 492 2051 ,
532 1983 643 2039 εἷεν
664 1982 716 2039 δ’
739 1982 812 2039 ἄν
832 2005 943 2039 που
962 1984 1195 2055 μάλιστα
1213 1991 1468 2052 τοιοῦτοι,
1493 1981 1615 2037 ὅσοι
1633 1986 1922 2044 πλείστους

184 2080 215 2120 D
242 2067 345 2137 μὲν
371 2064 668 2136 ὑγιεινούς,
691 2071 978 2130 πλείστους
997 2066 1054 2121 δὲ
1076 2060 1338 2128 νοσώδεις
1358 2069 1809 2134 μετεχειρίσαντο,
1830 2063 1923 2117 καὶ

242 2148 494 2217 δικασταὶ
513 2141 588 2202 αὖ
614 2145 875 2211 ὡσαύτως
895 2149 952 2201 οἱ
976 2150 1349 2210 παντοδαπαῖς
1377 2145 1616 2215 φύσεσιν
1648 2140 1923 2212 ὡμιληκό-

240 2248 343 2292 τες.
400 2230 507 2283 Καὶ
547 2227 711 2298 μάλα,
750 2226 924 2296 εἷπον,
964 2226 1216 2297 ἀγαθοὺς
1251 2228 1419 2295 λέγω·
1450 2223 1571 2280 ἀλλ’
1619 2222 1786 2279 οἶσθα
1825 2218 1923 2304 οῦς

240 2305 482 2379 ἡγοῦμαι
500 2309 814 2375 τοιούτους;
834 2304 933 2364 ’Ὰν
954 2316 1125 2380 εἴπῃς,
1149 2314 1270 2379 ἔφη.
1306 2305 1465 2362 Ἀλλὰ
1486 2305 1832 2374 πειράσομαι,
1853 2304 1922 2373 ἠν

243 2387 298 2444 δ’
319 2389 453 2459 ἐγώ·
477 2387 548 2445 σύ
567 2390 755 2459 μέντοι
775 2387 876 2459 οὐχ
895 2388 1089 2459 ὅμοιον
1107 2395 1331 2458 πρᾶγμα
1343 2393 1422 2461 τῷ
1432 2385 1580 2458 αύτῳ
1559 2385 1740 2458 λόγω
1759 2382 1918 2455 ἤρου.

241 2476 438 2537 Ποῖς;’
418 2477 539 2543 ε’φη.
571 2469 766 2539 Ἰατροὶ
796 2471 915 2541 μέν,
946 2469 1119 2540 εἷπον,
1143 2469 1446 2526 δεινότατοι
1475 2464 1545 2523 ἂν
1575 2470 1843 2537 γένοιντο,
1876 2467 1925 2518 εἰ

241 2557 300 2608 ἐκ
322 2556 539 2608 παίδων
557 2549 855 2622 ἀρξάμενοι
886 2551 1024 2623 πρὸς
1054 2558 1132 2625 τῷ
1159 2551 1472 2622 μανθάνειν
1492 2548 1596 2620 τὴν
1622 2552 1818 2618 τέχνην
1848 2542 1921 2607 ὦς

178 2652 211 2692 Ε
243 2637 515 2697 πλείστοις
552 2653 610 2687 τε
648 2635 740 2688 καὶ
769 2632 1170 2703 πονηροτάτοις
1198 2632 1451 2703 σώμασιν
1481 2627 1801 2700 ὁμιλήσειαν
1830 2625 1922 2679 καὶ

243 2710 399 2767 αὐτοὶ
435 2713 614 2777 πάσας
643 2713 848 2778 νόσους
878 2714 1110 2784 κάμοιεν
1142 2715 1231 2770 καὶ
1263 2711 1372 2768 εἶεν
1405 2713 1478 2782 μὴ
1510 2711 1660 2765 πάνυ
1690 2706 1923 2791 υγιεινοξ,

244 2794 427 2862 φύσει.
467 2793 535 2848 οὐ
572 2794 699 2865 γάρ,
736 2793 904 2865 οἶμαι,
943 2794 1152 2865 σώματι
1183 2800 1339 2865 σῶμα
1373 2791 1814 2862 θεραπεύουσιν·
1854 2808 1923 2842 ου
