1962 3236
610 200 1095 249 ΠοΛΙΤΕῙΑΣ
1126 194 1187 263 η’.
1642 201 1746 253 235

16 372 21 373 ν
70 333 195 390 ”Mo
212 357 223 368 ·
255 332 293 406 ἢ
312 348 671 404 τιμοκρατίαν
689 331 726 404 ἦ
744 338 1034 404 τιμαρχίαν
1053 330 1230 403 αὐτὴν
1249 338 1505 406 κλητέον·
1528 333 1667 406 πρὸς
1688 338 1747 391 δὲ

17 411 21 413 ’
91 416 269 486 αὐτην
284 413 386 471 τὸν
403 421 660 471 τοιοῦτον
677 412 857 483 ἄνδρα
877 415 1218 485 σκεψόμεθα,
1232 419 1413 471 ἔπειτα
1427 413 1748 486 ὀλιγαρχίαν

95 498 151 552 αὶ
170 495 350 563 ἄνδρα
370 494 739 567 ὀλιγαρχικόν,
761 487 930 559 αὖθις
949 495 1006 550 δὲ
1026 500 1102 560 εἰς
1121 499 1492 567 δημοκρατίαν
1506 497 1746 568 ἀποβλέ-
1775 509 1807 552 0

58 590 262 644 ψαντες
290 578 619 648 θεασόμεθα
648 575 830 647 ἄνδρα
860 577 1283 649 δημοκρατικόν,
1304 577 1366 634 τό
1397 579 1455 635 δὲ
1483 581 1747 648 τέταρτον

58 664 134 724 είς
154 661 612 730 τυραννουμένην
630 657 796 712 πόλιν
816 655 1076 722 ἐλθόντες
1094 661 1184 713 καὶ
1214 658 1443 728 ἰδόντες,
1473 659 1640 715 πάλιν
1669 663 1746 724 εἰς

53 736 594 810 τυραννικήνψυχὴν
610 740 922 810 βλέποντες,
937 737 1317 809 πειρασόμεθα
1331 743 1453 811 περὶ
1475 734 1519 796 ὦ
1525 763 1556 795 ν
1575 736 1745 811 πρού-

52 826 276 892 ,θέμεθα
313 822 494 876 ίκανοὶ
529 821 709 890 κριταὶ
743 821 1035 889 γενέσθαι;
1073 819 1231 875 Κατὰ
1262 821 1435 890 λόγον
1463 824 1527 890 γέ
1545 842 1627 876 τοι
1658 820 1748 890 ἄν,

55 906 182 972 ἔφη,
203 901 352 957 οὕτω
374 906 618 972 γίγνοιτο
636 899 672 971 ἥ
691 922 748 955 τε
766 902 875 956 θεά
894 898 1036 972 καὶὴ
1058 907 1250 971 κρίσις.
1798 899 1800 901 ’

200 987 284 1036 111.
324 985 464 1053 Φέρε
483 987 695 1052 τοίνυν,
717 975 789 1052 ἦν
808 979 859 1036 δ’
882 982 1007 1052 ἐγώ,
1038 983 1361 1054 πειρώμεθα
1391 986 1589 1054 λέγειν,
1623 986 1748 1037 τίνα

54 1066 265 1134 τρόπον
298 1069 622 1134 τιμοκρατία
653 1061 855 1132 γένοιτ’
898 1062 970 1118 ἂν
1001 1067 1054 1129 ἐξ
1084 1063 1517 1135 άριστοκρατίας.
1555 1063 1592 1135 ἢ
1618 1063 1748 1119 τόδε

56 1150 160 1218 μὲν
179 1144 417 1212 ἁπλοῦν,
441 1143 526 1200 ὅτι
546 1151 696 1198 πᾶσα
724 1151 968 1200 πολιτεία
999 1146 1327 1216 μεταβάλλει
1356 1150 1429 1215 ἐξ,
1441 1144 1616 1201 αὐτοῦ
1644 1150 1746 1200 τοῦ
1780 1164 1815 1206 D

58 1232 276 1297 ἔχοντος
293 1223 390 1290 τὰς
406 1222 596 1296 άρχάς,
618 1224 754 1280 ὅταν
773 1228 835 1280 ἐν
855 1225 1005 1298 αὐτῷ
1022 1227 1202 1281 τούτω
1225 1227 1412 1290 στάσις
1432 1229 1743 1297 ἐγγένηται·

56 1307 436 1380 ὁμονοοῦντος
460 1309 535 1376 δέ,
570 1329 676 1361 καν
705 1307 858 1361 πάνυ
887 1282 1078 1377 ὀλίγον
1106 1301 1160 1379 ᾗ,
1197 1306 1478 1362 ἀδύνατον
1506 1314 1747 1377 κινηθῆ-

56 1412 174 1455 ναι;
194 1388 345 1445 ’Ἐστι
362 1408 470 1458 γαρ
491 1408 681 1452 ουτως.
721 1394 849 1451 Πῶς
869 1382 975 1442 οὖν
997 1387 1083 1459 δή,
1118 1386 1291 1458 ειπον,
1326 1410 1368 1442 ω
1399 1388 1690 1455 Γλαύκων,
1710 1383 1744 1457 ἡ

57 1473 216 1535 πόλις
234 1469 365 1541 ἡμῖν
382 1471 761 1541 κινηθήσεται,
792 1472 882 1525 καὶ
911 1477 988 1542 πῇ
1015 1469 1410 1525 στασιάσουσιν
1439 1473 1494 1525 oc
1519 1473 1748 1526 ἐπίκου-

58 1574 147 1624 ροι
164 1554 256 1607 καὶ
277 1550 385 1607 οῖ’
348 1573 609 1622 αρχοντες
638 1550 777 1619 πρὸς
808 1550 1081 1622 ἀλλήλους
1109 1573 1167 1606 τε
1195 1553 1286 1607 καὶ
1317 1550 1457 1621 πρὸς
1486 1550 1744 1625 εαυτούς;

55 1632 92 1704 ἦ
110 1634 319 1704 βούλει,
356 1632 541 1702 ὥσπερ
555 1630 812 1704 Ὄμηρος,
836 1632 1127 1704 εὐχώμεθα
1148 1645 1263 1698 ταῖς
1292 1633 1553 1698 Μούσαις
1575 1637 1748 1688 εἰπεῖν

54 1713 204 1786 ἡμῖν,
236 1712 386 1778 ὅπως
415 1712 481 1783 δὴ
519 1720 742 1781 πρῶτον
766 1714 954 1778 στάσις
984 1720 1199 1784 ἔμπεσε,
1229 1716 1319 1770 καὶ
1349 1721 1544 1785 φῶμεν
1574 1711 1746 1778 αὐτάς
1774 1735 1807 1775 Ε

54 1801 328 1865 τραγικῶς
349 1793 423 1859 ὥς
444 1793 582 1863 πρὸς
600 1798 798 1859 παῖδας
815 1792 956 1864 ἡμᾶς
977 1794 1273 1860 παιζούσας
1293 1795 1383 1849 καὶ
1415 1794 1747 1865 ἐρεσχηλού-

58 1897 174 1946 σας,
206 1874 278 1940 ὥς
309 1877 375 1946 δὴ
408 1880 624 1948 σπουδῇ
662 1877 951 1947 λεγούσας,
985 1875 1511 1947 ὑψηλολογουμένας
1539 1879 1747 1947 λέγειν,

56 1964 212 2024 Παῖςς
242 1954 374 2012 Ὧδέ
395 1978 535 2021 πως·
569 1958 810 2028 χαλεπὸν
830 1958 931 2027 μὲν
960 1965 1264 2029 κινηθῆναι
1285 1956 1449 2013 πόλιν
1469 1956 1615 2013 οὕτω
1646 1963 1744 2023 ξυ-
1774 1980 1861 2025 546

55 2046 290 2095 στᾶσαν·
327 2036 452 2093 ἀλλ’
477 2040 593 2094 ἐπεὶ
621 2042 904 2112 γενομένῳ
934 2040 1098 2094 παντὶ
1128 2038 1322 2108 φθορά
1354 2041 1517 2107 ἐστιν,
1551 2036 1675 2094 οὐδ’
1708 2037 1742 2110 ἡ

55 2120 278 2192 τοιαύτη
309 2118 563 2186 ξύστασις
593 2122 692 2175 τὸν
721 2120 939 2175 ἅπαντα
960 2132 1119 2191 μενεῖ
1139 2120 1361 2190 χρόνον,
1393 2118 1531 2175 ἀλλὰ
1562 2119 1746 2191 λυθή-

57 2220 232 2259 σεται·
265 2201 421 2265 λύσις
446 2204 504 2256 ok
523 2201 638 2273 ἥδε.
682 2201 750 2257 ού
769 2203 948 2272 μόνον
979 2215 1175 2272 φυτοῖς
1204 2204 1450 2272 ἐγγείοις,
1481 2199 1622 2257 ἀλλὰ
1651 2203 1742 2257 καὶ

56 2289 82 2342 ε’
87 2308 116 2339 ν
136 2287 392 2354 ἐπιγείοις
409 2283 564 2349 ζώοις
582 2284 730 2354 φορὰ
751 2287 841 2340 καὶ
862 2283 1068 2355 άφοριά
1089 2291 1266 2355 ψυχῆς
1286 2305 1343 2339 τε
1362 2287 1452 2340 καὶ
1471 2284 1744 2355 σωμάτων

55 2372 358 2436 γίγνονται,
382 2362 517 2420 ὅταν
547 2368 867 2435 περιτροπαὶ
899 2367 1147 2430 ἑκάστοις
1179 2365 1405 2421 κύκλων
1435 2364 1744 2435 περιφοράς

57 2447 393 2514 ξυνάπτωσι,
433 2451 750 2517 βραχυβίοις
787 2449 887 2517 μὲν
925 2446 1333 2517 βραχυπόρους,
1375 2449 1645 2509 ἐναντίοις
1683 2446 1743 2500 δὲ

58 2530 333 2591 ἐναντίας·
390 2530 586 2596 γένους
622 2529 680 2583 δὲ
711 2526 981 2597 ὑμετέρου
1013 2528 1268 2598 εὐγονίας
1295 2550 1351 2583 τε
1384 2529 1475 2582 καὶ
1505 2525 1744 2597 άφορίας

57 2616 253 2679 καίπερ
276 2608 307 2662 ὅ
316 2629 433 2671 ντες
454 2616 636 2678 σοφοί,
657 2606 755 2673 οὕς
772 2608 1048 2680 ἡγεμόνας
1078 2609 1287 2674 πόλεως
1315 2607 1742 2678 ἐπαιδεύσασθε,
1772 2629 1806 2671 3

57 2688 223 2746 οὐδὲν
252 2695 464 2759 μᾶλλον
494 2696 737 2762 λογισμῷ
770 2688 888 2760 μετ’
927 2690 1238 2760 αἰσθήσεως
1269 2688 1572 2758 τεύξονται,
1603 2685 1744 2744 ἀλλὰ

57 2772 312 2843 πάρεισιν
350 2769 553 2836 αὐτοὺς
591 2773 680 2827 καὶ
715 2773 1051 2842 γεννήσουσι
1089 2772 1288 2836 παῖδάς
1325 2790 1456 2826 ποτε
1492 2768 1561 2825 οὐ
1598 2772 1740 2826 δέου.

58 2855 171 2908 ἔστι
190 2853 247 2909 δὲ
268 2859 406 2926 θείῳ
426 2855 528 2925 μὲν
547 2860 794 2927 γεννητῷ
816 2857 1086 2924 περίοδος,
1120 2850 1189 2924 ἢν
1210 2850 1447 2924 ἀριθμὸς
1477 2856 1748 2924 περιλαμ-
