1962 3236
225 182 329 233 396
843 181 1322 229 ΠΛΑΤΩΝΟΣ
1842 190 1901 235 78

224 336 369 385 γανα
387 318 632 385 γέγονεν,
648 314 783 370 ὅταν
802 308 933 382 αἷμα
955 311 1028 382 μὴ
1048 315 1106 367 ἐκ
1118 333 1233 368 των
1252 317 1440 368 σιτίων
1461 315 1552 369 καὶ
1564 321 1751 370 ποτῶν
1767 324 1901 412 πλη-

222 396 379 468 θύσῃ
398 395 535 451 κατὰ
558 396 749 466 φύσιν,
770 391 892 450 ἀλλ’
915 397 968 459 ἐξ
989 398 1256 449 ἐναντίων
1277 392 1375 450 τὸν
1396 394 1567 464 ὅγκον
1596 395 1742 463 παρὰ
1773 396 1907 461 τούς

223 484 319 548 τῆς
337 476 557 546 φύσεως
576 475 832 575 λαμβάνῃ
851 474 1071 545 νόμους.
1110 478 1528 546 διακρινομένης
1549 479 1650 546 μὲν
1669 479 1774 530 οὐν
1791 475 1899 531 ὑπὸ

223 559 408 613 νόσων
426 563 521 626 τῆς
551 556 752 628 σαρκὸς
781 556 1024 626 ἑκάστης,
1056 554 1342 625 μενόντων
1373 555 1433 611 δε
1459 563 1572 612 τῶν
1598 558 1907 627 πυθμένων

225 640 415 706 αὐταῖς
441 639 658 711 ἡμίσεια
687 646 784 711 τῆς
813 644 1100 737 ξυμφορᾶς
1126 637 1160 710 ἡ
1196 640 1452 710 δύναμις·
1491 637 1768 710 ἀνάληψιν
1795 638 1906 710 γὰρ

141 734 198 778 84
226 729 304 780 ἔτι
321 746 418 794 μετ
462 721 742 787 εὐπετείας
761 718 919 824 ἴσχει·
956 720 1016 776 τὸ
1039 722 1097 776 δε
1129 719 1192 791 δὴ
1229 721 1432 790 σάρκας
1464 719 1642 786 ὀστοῖς
1663 725 1906 786 ξυνδοῦν

223 800 384 860 ὁπότ’
407 800 480 859 ἂν
502 803 730 874 νοσήσῃ,
756 804 846 857 καὶ
867 805 1055 872 μηκέτι
1076 805 1147 855 αὐ
1177 799 1237 856 τὸ
1267 804 1321 866 ἐξ
1352 805 1489 856 ἰνων
1511 798 1642 871 αἷμα
1663 804 1753 856 καὶ
1772 801 1902 856 νεύ-

222 907 339 956 ρων
377 882 857 954 ἀποχωριζόμενον
904 880 1049 950 ὀστςό
1082 903 1183 950 μεν
1222 881 1420 951 τροφή,
1469 884 1629 951 σαρκὶ
1675 883 1733 937 δε
1769 881 1907 949 πρὸς

223 965 428 1021 ὀστοῦν
458 970 710 1034 γίγνηται
741 963 956 1032 δεσμός,
988 938 1112 1016 ἀλλ’
1143 964 1203 1016 ἐκ
1236 967 1476 1031 λιπαροῦ
1511 963 1602 1016 καὶ
1633 967 1782 1016 λείου
1814 964 1906 1016 καὶ

223 1051 487 1116 γλίσχρον
505 1044 678 1115 τραχὺ
696 1046 786 1100 καὶ
802 1043 1053 1114 ἁλμυρὸν
1073 1040 1362 1113 αὐχμῆσαν
1381 1040 1490 1098 ὑπὸ
1511 1049 1681 1113 κακῆς
1702 1046 1907 1112 διαίτης

223 1130 465 1197 γένηται,
491 1125 614 1180 τότε
643 1132 815 1180 ταῦτα
845 1124 1060 1193 πάσχον
1087 1128 1200 1177 πᾶν
1227 1121 1288 1176 τὸ
1318 1128 1572 1179 τοιοῦτον
1600 1121 1908 1193 καταψήχε-

224 1229 312 1262 ται
336 1206 437 1278 μὲν
458 1205 593 1261 αὐτὸ
617 1206 784 1261 πάλιν
797 1204 904 1260 ὑπὸ
926 1203 1023 1268 τάς
1041 1205 1249 1274 σάρκας
1265 1205 1355 1258 καὶ
1373 1202 1439 1258 τὰ
1461 1211 1650 1273 νεῦρα,
1672 1202 1907 1273 ἀφιστά-

165 1308 197 1348 Β
230 1310 402 1358 μενον
422 1287 529 1343 ἀπὸ
551 1294 662 1342 τῶν
683 1285 880 1356 ὀστῶν,
902 1289 962 1340 αἱ
977 1285 1028 1339 δ’
1050 1287 1108 1339 ἐκ
1127 1289 1242 1338 τῶν
1261 1286 1423 1354 ῥιζῶν
1443 1289 1907 1348 ξυνεκπίπτουσαι

224 1371 292 1425 τά
310 1391 368 1424 τε
386 1375 561 1439 νεῦρα
579 1366 765 1438 γυμνοὶ
785 1371 1175 1422 καταλείπουσι
1203 1367 1296 1419 καὶ
1324 1364 1492 1434 μεστοὶ
1524 1363 1713 1434 ἅλμης,
1747 1363 1906 1419 αὐταὶ

227 1451 287 1508 δὲ
306 1450 473 1505 πάλιν
493 1454 568 1513 είς
599 1449 700 1518 τὴν
730 1451 953 1518 αἵματος
982 1445 1168 1516 φορὰν
1197 1447 1533 1515 ἐμπεσοῦσαι
1557 1443 1621 1499 τὰ
1655 1444 1907 1516 πρόσθεν

227 1533 471 1602 ῥηθέντα
500 1528 786 1599 νοσήματα
823 1533 989 1582 πλείω
1026 1532 1261 1580 ποιοῦσι.
1307 1531 1560 1595 χαλεπῶν
1600 1526 1659 1581 δὲ
1693 1526 1908 1580 τούτων

228 1610 438 1683 περὶτὰ
460 1609 684 1681 σώματα
705 1609 1052 1679 παθημάτων
1071 1610 1414 1679 γιγνομένων
1441 1611 1601 1677 μείζω
1621 1611 1696 1662 ἔτι
1723 1613 1908 1676 γίγνε-

226 1714 314 1747 ται
341 1690 408 1747 τὰ
446 1691 552 1761 πρὸ
585 1690 816 1758 τούτων,
849 1689 983 1744 ὅταν
1013 1686 1217 1743 ὀστοῦν
1247 1687 1336 1742 διὰ
1368 1687 1680 1758 πυκνότητα
1709 1687 1909 1756 σαρκὸς

227 1771 518 1844 ἀναπνοὴν
536 1772 609 1843 μὴ
641 1771 926 1842 λαμβάνον
956 1769 1170 1840 ἱκανήν,
1201 1766 1301 1823 ὑπ’
1333 1768 1571 1839 εὐρῶτος
1603 1767 1908 1840 θερμαινό-

227 1875 416 1924 μενον,
432 1858 775 1924 σφακελίσαν
794 1852 929 1922 μήτε
947 1851 1050 1921 τὴν
1063 1847 1278 1921 τροφὴν
1292 1854 1648 1920 καταδέχηται
1667 1849 1833 1905 πάλιν
1851 1871 1908 1904 τε

167 1965 197 2004 C
229 1933 364 1990 αὐτὸ
387 1939 463 1999 εἰς
483 1937 700 2004 ἐκείνην
719 1936 978 1996 ἐναντίως
999 1940 1055 2003 ἴῃ
1076 1930 1408 2002 ψηχόμενον,
1437 1928 1469 2001 ἡ
1493 1928 1542 1985 δ’
1579 1934 1654 1995 εἰς
1683 1930 1909 2001 σάρκας,

232 2014 368 2084 σὰρξ
387 2015 446 2071 δὲ
466 2019 541 2080 εἰς
566 2010 697 2085 αἷμα
722 2017 1065 2084 ἐμπίπτουσα
1090 2011 1391 2082 τραχύτερα
1422 2011 1601 2066 πάντα
1630 2018 1742 2065 τῶν
1770 2010 1908 2079 πρό-

231 2105 371 2151 σθεν
387 2096 454 2150 τὰ
475 2095 757 2166 νοσήματα
789 2093 1182 2163 ἀπεργάζηται·
1220 2092 1280 2146 τὸ
1313 2091 1367 2146 δ’
1403 2097 1630 2160 ἔσχατον
1662 2091 1906 2167 πάντων,

230 2174 414 2246 ὅτανὴ
437 2182 538 2231 τοῦ
558 2182 768 2246 μυελοῦ
798 2174 964 2244 φύσις
989 2171 1088 2226 ἀπ’
1117 2176 1323 2236 ἐνδείας
1351 2171 1386 2241 ἤ
1422 2193 1569 2234 τινος
1600 2168 1909 2241 ὑπερβολῆς

230 2257 457 2327 νοσήσῃ,
478 2256 542 2310 τὰ
563 2258 790 2326 μέγιστα
813 2257 902 2309 καὶ
921 2252 1230 2321 κυριώτατα
1253 2250 1388 2321 πρὸς
1409 2251 1660 2307 θάνατον
1678 2258 1790 2306 τῶν
1811 2272 1909 2305 νο-

231 2337 492 2408 σημάτων
513 2334 780 2435 ἀποτελει,
803 2336 980 2405 πάσης
998 2333 1274 2388 ἀνάπαλιν
1292 2340 1388 2404 τῆς
1405 2338 1506 2388 τοῦ
1528 2333 1775 2403 σώματος
1794 2332 1907 2402 φύ-

233 2439 369 2484 σεως
389 2422 442 2485 ἐξ
463 2417 708 2489 ἀνάγκης
727 2421 961 2490 ῥυείσης.

369 2509 465 2559 XL.
513 2507 710 2572 Τρίτον
727 2498 774 2556 δ’
800 2505 873 2556 αὐ
893 2500 1221 2572 νοσημάτων
1242 2499 1384 2563 εἶδος
1402 2504 1555 2570 τριχῇ
1575 2501 1661 2552 δεῖ
1675 2500 1911 2550 διανοεῖ-

165 2607 198 2645 D
233 2591 368 2639 σθαι
400 2582 754 2653 γιγνόμενον,
776 2581 836 2637 τὸ
871 2603 973 2652 μεν
997 2580 1106 2636 υπὸ
1139 2579 1467 2650 πνεύματος,
1493 2578 1554 2633 τὸ
1576 2578 1633 2633 δε
1664 2578 1911 2647 φλέγμα-

230 2686 339 2735 τος,
359 2663 419 2719 τό
444 2663 503 2739 δε
520 2669 698 2734 χολῆς.
740 2661 874 2718 ὅταν
893 2685 994 2733 μεν
1012 2663 1119 2731 γὰρ
1147 2659 1174 2715 6
1195 2667 1309 2716 τῶν
1329 2659 1662 2730 πνευμάτων
1692 2679 1766 2731 τω
1799 2656 1904 2709 σώ-

231 2767 358 2815 ματι
375 2750 569 2815 ταμίας
589 2744 851 2814 πλεύμων
885 2743 957 2814 μὴ
988 2742 1241 2811 καθαρας
1269 2743 1474 2812 παρέχῃ
1509 2739 1604 2802 τὰς
1633 2735 1910 2801 διεξόδους

233 2823 341 2878 ὑπὸ
363 2823 651 2896 ρευμάτων
665 2830 948 2894 φραχθείς,
964 2827 1104 2878 ἔνθα
1118 2845 1218 2893 μεν
1238 2821 1340 2877 οὐκ
1363 2821 1468 2889 ἰόν,
1482 2824 1620 2874 ἔνθα
1642 2819 1699 2873 δε
1720 2824 1910 2872 πλεῖον
