1962 3236
245 133 349 185 366
452 210 456 213 Ι
858 134 1331 183 ΠΛΑΤΩΝΟΣ
1865 147 1923 191 48

245 266 569 337 τεινόμενον
587 267 674 320 ἐπὶ
691 270 816 335 γῆν,
837 263 1107 334 τήκεσθαι
1125 263 1227 334 μὲν
1249 263 1353 336 τὴν
1375 271 1490 322 τῶν
1519 266 1703 338 ὄγκων
1721 277 1925 327 καθαί-

247 364 418 418 ρεσιν,
440 345 578 418 ῥοὴν
598 347 658 400 δὲ
677 343 779 415 τὴν
810 343 1112 408 κατάτασιν
1139 348 1224 402 ἐπὶ
1254 353 1361 418 γῆν
1390 349 1710 420 ἐπωνυμίαν
1739 352 1925 407 ἐκατέ-

246 450 350 497 ρου
367 434 472 483 τοῦ
488 426 708 490 πάθους
719 430 894 497 ἔλαβε.
917 425 1084 482 πάλιν
1104 425 1164 482 δὲ
1183 430 1540 494 ἐκπίπτοντος
1558 427 1803 486 αὐτόθεν
1821 437 1924 487 τοῦ

164 525 220 569 59
251 509 445 579 πυρός,
470 508 564 562 ἅτε
592 505 697 563 οὐκ
718 512 794 572 εἰς
809 506 978 563 κενὸν
999 507 1254 579 ἐξιόντος,
1277 507 1604 580 ὠθούμενος
1631 509 1660 566 ὁ
1691 518 1927 582 πλησίον

248 588 354 659 ἀὴρ
376 587 668 660 εὐκίνητον
687 588 822 644 ὄντα
842 593 920 643 ἔτι
937 587 1038 645 τὸν
1058 587 1233 661 ὑγρὸν
1263 590 1435 659 ὄγκον
1458 595 1533 656 εἰς
1560 589 1656 656 τὰς
1685 599 1789 647 τοῦ
1815 612 1925 647 πυ-

246 670 344 740 ρός
364 673 528 742 ἕδρας
547 675 822 736 ξυνωθών
840 667 1010 726 αὐτὸν
1033 669 1181 744 αὐτῷ
1202 675 1591 743 ξυμμίγνυσιν·
1621 673 1650 727 ὁ
1671 675 1730 728 δὲ
1755 677 1923 740 ξυνω-

243 751 526 822 θούμενος
570 750 982 823 ἀπολαμβάνων
1016 773 1074 807 τε
1117 751 1221 823 τὴν
1255 751 1566 826 ὁμαλότητα
1602 753 1786 825 πάλιν,
1825 752 1923 809 ἅτε

242 840 345 887 τοῦ
375 840 471 904 τῆς
500 831 924 903 ἀνωμαλότητος
953 837 1298 903 δημιουργοῦ
1325 833 1500 905 πυρὸς
1528 833 1804 904 ἀπιόντος,
1849 839 1925 898 εἰς

244 912 452 968 ταύτόν
476 911 629 987 αὑτῷ
646 918 988 969 καθίσταται·
1011 914 1223 968 καὶτὸν
1239 917 1341 984 μὲν
1357 923 1460 970 τοῦ
1478 915 1655 985 πυρὸς
1673 914 1923 970 ἀπαλλα-

244 994 352 1066 γὴν
370 998 555 1066 ψῦξιν,
579 994 681 1065 τὴν
710 995 768 1050 δὲ
790 995 1029 1060 ξύνοδον
1058 992 1402 1061 ἀπελθόντος
1434 998 1650 1052 ἐκείνου
1679 993 1924 1066 πεπηγὸς

246 1075 386 1131 εἶναι
421 1079 583 1145 γένος
614 1076 989 1146 προσερρήθη.
1033 1077 1248 1132 τούτων
1276 1077 1343 1147 δὴ
1373 1077 1615 1147 πάντων,
1655 1075 1758 1132 ὅσα
1785 1074 1922 1147 χυτοὶ

175 1176 207 1217 Β
242 1164 615 1228 προσείπομεν
633 1154 827 1227 ὕδατα,
847 1156 907 1212 τὸ
929 1161 1030 1228 μὲν
1060 1161 1119 1213 ἐκ
1138 1157 1486 1214 λεπτοτάτων
1512 1161 1603 1213 καὶ
1633 1155 1923 1228 ὁμαλωτά-

240 1261 354 1295 των
375 1238 727 1294 πυκνότατον
751 1238 1104 1309 γιγνόμενον,
1134 1239 1409 1308 μονοειδὲς
1435 1241 1612 1309 γένος,
1643 1244 1920 1309 στίλβοντι

241 1322 333 1375 καὶ
345 1323 534 1392 ξανθῷ
554 1318 801 1390 χρώματι
816 1320 1111 1389 κοινωθέν,
1127 1323 1565 1389 τιμαλφέστατον
1583 1325 1761 1388 κτῆμα
1784 1340 1922 1388 χρυ-

243 1400 340 1466 σὸς
375 1400 658 1472 ἠθημένος
697 1396 786 1453 διά
825 1402 1023 1469 πέτρας
1058 1399 1233 1469 ἐπάγη
1250 1420 1261 1430 ·
1310 1406 1523 1469 χρυσοῦ
1560 1402 1618 1453 δὲ
1650 1397 1790 1468 ὄζος,
1830 1395 1919 1452 διὰ

247 1482 564 1551 πυκνότητα
586 1479 962 1549 σκληρότατον
982 1479 1050 1534 ὂν
1068 1481 1160 1534 καὶ
1189 1484 1486 1549 μελανθέν,
1518 1477 1731 1549 ἀδάμας
1757 1478 1922 1548 ἐκλή-

242 1573 337 1633 θη.
376 1560 438 1617 τό
469 1561 521 1616 δ’
553 1558 717 1631 ἐγγύς
743 1560 844 1630 μὲν
872 1566 1085 1630 χρυσοῦ
1112 1566 1224 1615 τῶν
1252 1566 1456 1631 μερῶν,
1489 1564 1604 1631 εἴδη
1627 1560 1687 1615 δὲ
1714 1562 1921 1614 πλέονα

243 1642 368 1707 ἑνὸς
395 1647 537 1713 ἔχον,
567 1641 870 1711 πυκνότητι
897 1638 948 1695 δ’
982 1644 1060 1695 ἔτι
1087 1644 1188 1711 μὲν
1218 1647 1431 1711 χρυσοῦ
1464 1640 1806 1710 πυκνότερον
1835 1637 1918 1708 ὅν,

241 1728 334 1782 καὶ
356 1732 458 1796 γῆς
475 1723 671 1795 μόριον
702 1723 892 1793 ὀλίγον
918 1724 1009 1778 καὶ
1038 1720 1239 1778 λεπτὸν
1268 1723 1553 1794 μετασχόν,
1585 1721 1724 1777 ὥστε
1749 1727 1918 1791 σκλη-

180 1833 209 1873 C
242 1808 472 1878 ρότερον
510 1803 667 1874 εἶναι,
705 1810 779 1878 τῷ
820 1807 878 1859 δὲ
920 1803 1128 1874 μεγάλα
1165 1801 1318 1868 ἐντὸς
1353 1802 1527 1858 αὑτοῦ
1563 1807 1919 1872 διαλείμματα

242 1895 384 1959 ἔχειν
402 1885 764 1956 κουφότερον,
785 1891 899 1941 τῶν
918 1892 1187 1956 λαμπρῶν
1206 1892 1428 1955 πηκτῶν
1447 1906 1504 1940 τε
1530 1888 1590 1939 ἓν
1611 1887 1770 1954 γένος
1790 1882 1919 1938 ὑδά-

241 1991 353 2024 των
371 1967 570 2039 χαλκός
590 1969 886 2030 συσταθεὶς
912 1970 1130 2036 γέγονε·
1163 1965 1224 2021 τὸ
1252 1965 1303 2020 δ’
1327 1969 1387 2021 ἐκ
1411 1957 1511 2036 γῆς
1530 1963 1682 2034 αὐτῷ
1701 1966 1916 2034 μιχθέν,

243 2049 376 2106 ὅταν
404 2049 790 2117 παλαιουμένω
828 2051 1262 2118 διαχωρίζησθον
1298 2047 1467 2101 πάλιν
1502 2043 1599 2098 ἀπ’
1640 2044 1913 2114 ἀλλήλων,

242 2129 475 2199 ἐκφανὲς
495 2126 629 2183 καθ’
661 2126 794 2182 αὑτὸ
819 2128 1150 2197 γιγνόμενον
1168 2126 1248 2190 ἰὸς
1265 2129 1490 2195 λέγεται.
1528 2119 1699 2180 τάλλα
1719 2125 1776 2179 δὲ
1807 2130 1919 2178 τῶν

243 2210 512 2267 τοιούτων
532 2208 700 2264 οὐδὲν
719 2215 969 2264 ποικίλον
988 2213 1064 2263 ἔτι
1083 2212 1502 2277 διαλογίσασθαι
1519 2206 1620 2276 τὴν
1640 2211 1754 2260 τῶν
1774 2205 1919 2260 εἰκό-

241 2314 354 2348 των
373 2292 577 2362 μύθων
594 2289 1000 2361 μεταδιώκοντα
1022 2292 1190 2359 ἰδέαν,
1209 2287 1281 2359 ἣν
1299 2287 1433 2343 ὅταν
1450 2310 1530 2351 τις
1558 2284 1919 2349 ἀναπαύσεως

241 2375 423 2442 ἕνεκα,
460 2371 590 2435 τοὺς
618 2372 742 2440 περὶ
771 2378 884 2426 τῶν
914 2369 1094 2426 ὄντων
1122 2369 1206 2426 ἀεὶ
1233 2371 1659 2439 κατατιθέμενος
1699 2366 1916 2436 λόγους,

182 2473 216 2513 D
242 2454 373 2518 τούς
408 2455 672 2523 γενέσεως
705 2453 829 2521 πέρι
863 2450 1238 2521 διαθεώμενος
1268 2449 1479 2513 εἰκότας
1515 2446 1917 2519 ἀμεταμέλητον

241 2533 453 2607 ἡδονὴν
473 2540 682 2603 κτᾶται,
717 2537 938 2605 μέτριον
958 2530 1030 2588 ἂν
1048 2535 1108 2587 ἐν
1127 2538 1205 2604 τῷ
1223 2536 1325 2604 βίῳ
1346 2529 1571 2585 παιδιὰν
1598 2530 1689 2583 καὶ
1717 2526 1917 2597 φρόνι-

243 2638 350 2687 μον
370 2627 594 2671 ποιοῖτο.
630 2615 802 2687 ταύτῃ
823 2615 889 2685 δὴ
911 2616 1002 2670 καὶ
1020 2614 1085 2668 τά
1113 2616 1223 2667 νῦν
1254 2614 1475 2682 ἐφέντες
1501 2611 1562 2664 τὸ
1591 2606 1724 2680 μετά
1753 2613 1914 2661 τοῦτο

242 2703 355 2752 τῶν
375 2694 560 2752 αὐτῶν
579 2698 703 2765 πέρι
723 2697 788 2751 τὰ
808 2699 926 2766 ἑξῆς
947 2695 1128 2751 εἰκότα
1142 2698 1319 2764 δίιμεν
1337 2696 1480 2764 τῇδε.
1502 2690 1563 2746 τὸ
1576 2691 1708 2760 πυρὶ
1721 2710 1916 2759 μεμιγ-

243 2779 413 2846 μένον
446 2776 618 2849 ὕδωρ,
650 2776 786 2833 ὅσον
814 2777 1015 2833 λεπτὸν
1044 2774 1222 2845 ὑγρόν
1249 2796 1306 2829 τε
1327 2772 1416 2828 διὰ
1446 2770 1548 2842 τὴν
1577 2775 1792 2840 κίνησιν
1825 2770 1914 2823 καὶ
