<?xml version="1.0" encoding="UTF-8"?>
<!DOCTYPE html PUBLIC "-//W3C//DTD XHTML 1.0 Transitional//EN"
    "http://www.w3.org/TR/xhtml1/DTD/xhtml1-transitional.dtd">
<html xmlns="http://www.w3.org/1999/xhtml" xml:lang="en" lang="en">
 <head>
  <title>
</title>
<meta http-equiv="Content-Type" content="text/html;charset=utf-8" />
  <meta name='ocr-system' content='tesseract 3.04.00' />
  <meta name='ocr-capabilities' content='ocr_page ocr_carea ocr_par ocr_line ocrx_word'/>
</head>
<body>
  <div class='ocr_page' id='page_1' title='image "./dialogisecumdumt04platuoft_0136.png"; bbox 0 0 1962 3236; ppageno 0'>
   <div class='ocr_carea' id='block_1_1' title="bbox 183 166 1270 221">
    <p class='ocr_par' dir='ltr' id='par_1_1' title="bbox 183 166 1270 221">
     <span class='ocr_line' id='line_1_1' title="bbox 183 166 1270 221; baseline -0.007 -1"><span class='ocrx_word' id='word_1_1' title='bbox 183 169 285 221; x_wconf 83' lang='lat'><em>100</em></span> <span class='ocrx_word' id='word_1_2' title='bbox 796 166 1270 214; x_wconf 74' lang='grc' dir='ltr'><em>ΠΛΑΤΩΝΟΣ</em></span> 
     </span>
    </p>
   </div>
   <div class='ocr_carea' id='block_1_2' title="bbox 65 291 1870 2895">
    <p class='ocr_par' dir='ltr' id='par_1_2' title="bbox 65 291 1870 2895">
     <span class='ocr_line' id='line_1_2' title="bbox 179 291 1863 372; baseline -0.001 -14"><span class='ocrx_word' id='word_1_3' title='bbox 179 308 346 367; x_wconf 71' lang='grc' dir='ltr'><em>τελεὸς</em></span> <span class='ocrx_word' id='word_1_4' title='bbox 385 303 790 372; x_wconf 74' lang='grc' dir='ltr'><strong><em>ἐξειργασμένοι</em></strong></span> <span class='ocrx_word' id='word_1_5' title='bbox 825 291 986 369; x_wconf 83' lang='grc' dir='ltr'><em>ἦσαν,</em></span> <span class='ocrx_word' id='word_1_6' title='bbox 1027 295 1102 361; x_wconf 73' lang='grc' dir='ltr'><em>ὥς</em></span> <span class='ocrx_word' id='word_1_7' title='bbox 1127 294 1160 366; x_wconf 84' lang='grc' dir='ltr'><em>ἡ</em></span> <span class='ocrx_word' id='word_1_8' title='bbox 1190 303 1260 366; x_wconf 84' lang='grc' dir='ltr'><em>γῆ</em></span> <span class='ocrx_word' id='word_1_9' title='bbox 1291 294 1497 362; x_wconf 75' lang='grc' dir='ltr'><em>αὐτοὺς</em></span> <span class='ocrx_word' id='word_1_10' title='bbox 1515 298 1691 370; x_wconf 83' lang='grc' dir='ltr'><em>μήτηρ</em></span> <span class='ocrx_word' id='word_1_11' title='bbox 1723 295 1863 356; x_wconf 78' lang='grc' dir='ltr'><em>οὖσα</em></span> 
     </span>
     <span class='ocr_line' id='line_1_3' title="bbox 179 377 1864 454; baseline -0.003 -14"><span class='ocrx_word' id='word_1_12' title='bbox 179 383 368 454; x_wconf 79' lang='grc' dir='ltr'><em>ἀνῆκε,</em></span> <span class='ocrx_word' id='word_1_13' title='bbox 386 385 482 439; x_wconf 83' lang='grc' dir='ltr'><em>καὶ</em></span> <span class='ocrx_word' id='word_1_14' title='bbox 501 389 610 437; x_wconf 80' lang='grc' dir='ltr'><em>νῦν</em></span> <span class='ocrx_word' id='word_1_15' title='bbox 632 385 718 436; x_wconf 81' lang='grc' dir='ltr'><em>δεῖ</em></span> <span class='ocrx_word' id='word_1_16' title='bbox 732 377 804 444; x_wconf 81' lang='grc' dir='ltr'><em>ὡς</em></span> <span class='ocrx_word' id='word_1_17' title='bbox 825 381 950 449; x_wconf 87' lang='grc' dir='ltr'><em>περὶ</em></span> <span class='ocrx_word' id='word_1_18' title='bbox 969 377 1174 448; x_wconf 87' lang='grc' dir='ltr'><em>μητρὸς</em></span> <span class='ocrx_word' id='word_1_19' title='bbox 1200 379 1293 433; x_wconf 89' lang='grc' dir='ltr'><em>καὶ</em></span> <span class='ocrx_word' id='word_1_20' title='bbox 1312 385 1530 449; x_wconf 81' lang='grc' dir='ltr'><strong><em>τροφοῦ</em></strong></span> <span class='ocrx_word' id='word_1_21' title='bbox 1559 385 1655 449; x_wconf 80' lang='grc' dir='ltr'><em>τῆς</em></span> <span class='ocrx_word' id='word_1_22' title='bbox 1684 380 1864 450; x_wconf 76' lang='grc' dir='ltr'><em>χώρας</em></span> 
     </span>
     <span class='ocr_line' id='line_1_4' title="bbox 179 456 1862 536; baseline -0.003 -16"><span class='ocrx_word' id='word_1_23' title='bbox 179 467 240 520; x_wconf 82' lang='grc' dir='ltr'><em>ἐν</em></span> <span class='ocrx_word' id='word_1_24' title='bbox 257 457 295 536; x_wconf 83' lang='grc' dir='ltr'><em>ᾗ</em></span> <span class='ocrx_word' id='word_1_25' title='bbox 315 466 418 519; x_wconf 84' lang='grc' dir='ltr'><em>εἰσὶ</em></span> <span class='ocrx_word' id='word_1_26' title='bbox 435 462 814 536; x_wconf 83' lang='grc' dir='ltr'><em>βουλεύεσθαί</em></span> <span class='ocrx_word' id='word_1_27' title='bbox 828 481 885 515; x_wconf 91' lang='grc' dir='ltr'><em>τε</em></span> <span class='ocrx_word' id='word_1_28' title='bbox 908 461 1000 516; x_wconf 87' lang='grc' dir='ltr'><em>καὶ</em></span> <span class='ocrx_word' id='word_1_29' title='bbox 1021 456 1257 529; x_wconf 74' lang='grc' dir='ltr'><em>ἀμύνειν</em></span> <span class='ocrx_word' id='word_1_30' title='bbox 1286 457 1510 529; x_wconf 81' lang='grc' dir='ltr'><em>αὐτούς,</em></span> <span class='ocrx_word' id='word_1_31' title='bbox 1542 459 1639 516; x_wconf 86' lang='grc' dir='ltr'><em>ἐάν</em></span> <span class='ocrx_word' id='word_1_32' title='bbox 1667 481 1746 525; x_wconf 90' lang='grc' dir='ltr'><em>τις</em></span> <span class='ocrx_word' id='word_1_33' title='bbox 1775 459 1862 516; x_wconf 82' lang='grc' dir='ltr'><em>ἐπ’</em></span> 
     </span>
     <span class='ocr_line' id='line_1_5' title="bbox 181 537 1865 618; baseline -0.002 -19"><span class='ocrx_word' id='word_1_34' title='bbox 181 543 359 617; x_wconf 83' lang='grc' dir='ltr'><em>αὐτὴν</em></span> <span class='ocrx_word' id='word_1_35' title='bbox 371 553 444 618; x_wconf 74' lang='grc' dir='ltr'><em>ἴῃ,</em></span> <span class='ocrx_word' id='word_1_36' title='bbox 457 544 549 601; x_wconf 84' lang='grc' dir='ltr'><em>καὶ</em></span> <span class='ocrx_word' id='word_1_37' title='bbox 560 540 701 611; x_wconf 75' lang='grc' dir='ltr'><em>ὑπὲρ</em></span> <span class='ocrx_word' id='word_1_38' title='bbox 721 547 836 596; x_wconf 77' lang='grc' dir='ltr'><em>τῶν</em></span> <span class='ocrx_word' id='word_1_39' title='bbox 855 539 1042 596; x_wconf 75' lang='grc' dir='ltr'><em>ἄλλων</em></span> <span class='ocrx_word' id='word_1_40' title='bbox 1052 546 1294 596; x_wconf 75' lang='grc' dir='ltr'><em>πολιτῶν</em></span> <span class='ocrx_word' id='word_1_41' title='bbox 1315 537 1387 606; x_wconf 77' lang='grc' dir='ltr'><em>ὡς</em></span> <span class='ocrx_word' id='word_1_42' title='bbox 1406 539 1666 610; x_wconf 71' lang='grc' dir='ltr'><em>ἀδελφοῖν</em></span> <span class='ocrx_word' id='word_1_43' title='bbox 1688 540 1865 598; x_wconf 75' lang='grc' dir='ltr'><em>ὄντων</em></span> 
     </span>
     <span class='ocr_line' id='line_1_6' title="bbox 181 620 1866 696; baseline -0.003 -14"><span class='ocrx_word' id='word_1_44' title='bbox 181 630 273 682; x_wconf 85' lang='grc' dir='ltr'><em>καὶ</em></span> <span class='ocrx_word' id='word_1_45' title='bbox 289 631 545 696; x_wconf 77' lang='grc' dir='ltr'><em>γηγενῶν</em></span> <span class='ocrx_word' id='word_1_46' title='bbox 569 628 932 680; x_wconf 80' lang='grc' dir='ltr'><em>διανοεῖσθαι.</em></span> <span class='ocrx_word' id='word_1_47' title='bbox 973 620 1092 677; x_wconf 82' lang='grc' dir='ltr'><em>Οὐκ</em></span> <span class='ocrx_word' id='word_1_48' title='bbox 1111 621 1247 693; x_wconf 84' lang='grc' dir='ltr'><em>ἐτός,</em></span> <span class='ocrx_word' id='word_1_49' title='bbox 1269 625 1391 692; x_wconf 81' lang='grc' dir='ltr'><em>ἔφη,</em></span> <span class='ocrx_word' id='word_1_50' title='bbox 1423 623 1594 678; x_wconf 89' lang='grc' dir='ltr'><em>πάλαι</em></span> <span class='ocrx_word' id='word_1_51' title='bbox 1619 620 1866 694; x_wconf 81' lang='grc' dir='ltr'><strong><em>ᾐσχύνου</em></strong></span> 
     </span>
     <span class='ocr_line' id='line_1_7' title="bbox 65 697 1868 776; baseline 0 -16"><span class='ocrx_word' id='word_1_52' title='bbox 65 715 151 760; x_wconf 76' lang='lat'><em>415</em></span> <span class='ocrx_word' id='word_1_53' title='bbox 186 709 247 763; x_wconf 90' lang='grc' dir='ltr'><strong><em>τὸ</em></strong></span> <span class='ocrx_word' id='word_1_54' title='bbox 268 710 474 774; x_wconf 77' lang='grc' dir='ltr'><em>ψεῦδος</em></span> <span class='ocrx_word' id='word_1_55' title='bbox 494 708 687 776; x_wconf 89' lang='grc' dir='ltr'><em>λέγειν.</em></span> <span class='ocrx_word' id='word_1_56' title='bbox 746 705 930 774; x_wconf 91' lang='grc' dir='ltr'><em>Πάνυ,</em></span> <span class='ocrx_word' id='word_1_57' title='bbox 954 697 1026 775; x_wconf 80' lang='grc' dir='ltr'><em>ἦν</em></span> <span class='ocrx_word' id='word_1_58' title='bbox 1056 700 1108 759; x_wconf 80' lang='grc' dir='ltr'><em>δ’</em></span> <span class='ocrx_word' id='word_1_59' title='bbox 1139 704 1263 775; x_wconf 80' lang='grc' dir='ltr'><em>ἐγώ,</em></span> <span class='ocrx_word' id='word_1_60' title='bbox 1292 704 1535 769; x_wconf 83' lang='grc' dir='ltr'><em>εἰκότως·</em></span> <span class='ocrx_word' id='word_1_61' title='bbox 1568 703 1691 760; x_wconf 81' lang='grc' dir='ltr'><em>ἀλλ’</em></span> <span class='ocrx_word' id='word_1_62' title='bbox 1721 702 1868 776; x_wconf 81' lang='grc' dir='ltr'><em>ὅμως</em></span> 
     </span>
     <span class='ocr_line' id='line_1_8' title="bbox 183 784 1867 858; baseline -0.001 -14"><span class='ocrx_word' id='word_1_63' title='bbox 183 789 353 844; x_wconf 79' lang='grc' dir='ltr'><em>ἄκουε</em></span> <span class='ocrx_word' id='word_1_64' title='bbox 371 790 463 844; x_wconf 85' lang='grc' dir='ltr'><em>καὶ</em></span> <span class='ocrx_word' id='word_1_65' title='bbox 481 786 542 844; x_wconf 82' lang='grc' dir='ltr'><em>τὸ</em></span> <span class='ocrx_word' id='word_1_66' title='bbox 564 786 763 844; x_wconf 82' lang='grc' dir='ltr'><em>λοιπὸν</em></span> <span class='ocrx_word' id='word_1_67' title='bbox 785 793 888 842; x_wconf 84' lang='grc' dir='ltr'><em>τοῦ</em></span> <span class='ocrx_word' id='word_1_68' title='bbox 907 786 1114 857; x_wconf 84' lang='grc' dir='ltr'><strong>μύθου.</strong></span> <span class='ocrx_word' id='word_1_69' title='bbox 1168 787 1286 841; x_wconf 81' lang='grc' dir='ltr'><em>ἐστὲ</em></span> <span class='ocrx_word' id='word_1_70' title='bbox 1311 786 1411 857; x_wconf 74' lang='grc' dir='ltr'><em>μὲν</em></span> <span class='ocrx_word' id='word_1_71' title='bbox 1439 784 1546 858; x_wconf 80' lang='grc' dir='ltr'><em>γὰρ</em></span> <span class='ocrx_word' id='word_1_72' title='bbox 1572 784 1638 858; x_wconf 79' lang='grc' dir='ltr'><em>δὴ</em></span> <span class='ocrx_word' id='word_1_73' title='bbox 1668 793 1867 852; x_wconf 83' lang='grc' dir='ltr'><em>πάντες</em></span> 
     </span>
     <span class='ocr_line' id='line_1_9' title="bbox 183 865 1867 942; baseline -0.002 -15"><span class='ocrx_word' id='word_1_74' title='bbox 183 875 240 927; x_wconf 77' lang='grc' dir='ltr'><em>οἱ</em></span> <span class='ocrx_word' id='word_1_75' title='bbox 254 874 314 926; x_wconf 84' lang='grc' dir='ltr'><em>ἐν</em></span> <span class='ocrx_word' id='word_1_76' title='bbox 335 877 404 942; x_wconf 82' lang='grc' dir='ltr'><em>τῇ</em></span> <span class='ocrx_word' id='word_1_77' title='bbox 422 869 580 926; x_wconf 90' lang='grc' dir='ltr'><em>πόλει</em></span> <span class='ocrx_word' id='word_1_78' title='bbox 598 866 847 940; x_wconf 75' lang='grc' dir='ltr'><em>ἀδελφοί,</em></span> <span class='ocrx_word' id='word_1_79' title='bbox 869 866 942 933; x_wconf 77' lang='grc' dir='ltr'><em>ὡς</em></span> <span class='ocrx_word' id='word_1_80' title='bbox 963 868 1218 939; x_wconf 88' lang='grc' dir='ltr'><em>φήσομεν</em></span> <span class='ocrx_word' id='word_1_81' title='bbox 1237 867 1375 937; x_wconf 82' lang='grc' dir='ltr'><em>πρὸς</em></span> <span class='ocrx_word' id='word_1_82' title='bbox 1395 865 1598 932; x_wconf 82' lang='grc' dir='ltr'><em>αὐτοὺς</em></span> <span class='ocrx_word' id='word_1_83' title='bbox 1616 875 1867 938; x_wconf 80' lang='grc' dir='ltr'><em>μυθολο-</em></span> 
     </span>
     <span class='ocr_line' id='line_1_10' title="bbox 181 946 1868 1022; baseline -0.001 -15"><span class='ocrx_word' id='word_1_84' title='bbox 181 958 427 1022; x_wconf 86' lang='grc' dir='ltr'><em>γοῦντες,</em></span> <span class='ocrx_word' id='word_1_85' title='bbox 452 947 574 1007; x_wconf 80' lang='grc' dir='ltr'><em>ἀλλ’</em></span> <span class='ocrx_word' id='word_1_86' title='bbox 600 949 627 1005; x_wconf 89' lang='grc' dir='ltr'>ὁ</span> <span class='ocrx_word' id='word_1_87' title='bbox 648 949 783 1015; x_wconf 80' lang='grc' dir='ltr'><em>θεὸς</em></span> <span class='ocrx_word' id='word_1_88' title='bbox 800 951 1075 1020; x_wconf 80' lang='grc' dir='ltr'><em>πλάττων,</em></span> <span class='ocrx_word' id='word_1_89' title='bbox 1097 948 1220 1004; x_wconf 80' lang='grc' dir='ltr'><em>ὅσοι</em></span> <span class='ocrx_word' id='word_1_90' title='bbox 1238 949 1338 1019; x_wconf 74' lang='grc' dir='ltr'><em>μὲν</em></span> <span class='ocrx_word' id='word_1_91' title='bbox 1369 946 1527 1019; x_wconf 74' lang='grc' dir='ltr'><em>ὑμῶν</em></span> <span class='ocrx_word' id='word_1_92' title='bbox 1558 952 1738 1006; x_wconf 76' lang='grc' dir='ltr'><em>ίκανοὶ</em></span> <span class='ocrx_word' id='word_1_93' title='bbox 1765 949 1868 1019; x_wconf 77' lang='grc' dir='ltr'><em>ἅρ-</em></span> 
     </span>
     <span class='ocr_line' id='line_1_11' title="bbox 182 1028 1868 1104; baseline -0.002 -15"><span class='ocrx_word' id='word_1_94' title='bbox 182 1055 317 1104; x_wconf 89' lang='grc' dir='ltr'><em>χειν,</em></span> <span class='ocrx_word' id='word_1_95' title='bbox 349 1031 559 1102; x_wconf 85' lang='grc' dir='ltr'><em>χρυσὸν</em></span> <span class='ocrx_word' id='word_1_96' title='bbox 580 1034 641 1086; x_wconf 83' lang='grc' dir='ltr'><em>ἐν</em></span> <span class='ocrx_word' id='word_1_97' title='bbox 659 1038 727 1102; x_wconf 83' lang='grc' dir='ltr'><em>τῇ</em></span> <span class='ocrx_word' id='word_1_98' title='bbox 742 1033 955 1102; x_wconf 75' lang='grc' dir='ltr'><em>γενέσει</em></span> <span class='ocrx_word' id='word_1_99' title='bbox 975 1032 1258 1101; x_wconf 84' lang='grc' dir='ltr'><em>ξυνέμιξεν</em></span> <span class='ocrx_word' id='word_1_100' title='bbox 1277 1028 1480 1101; x_wconf 78' lang='grc' dir='ltr'><em>αὐτοῖς,</em></span> <span class='ocrx_word' id='word_1_101' title='bbox 1506 1031 1590 1086; x_wconf 80' lang='grc' dir='ltr'><em>διὸ</em></span> <span class='ocrx_word' id='word_1_102' title='bbox 1610 1031 1868 1102; x_wconf 75' lang='grc' dir='ltr'><em>τιμιώτα-</em></span> 
     </span>
     <span class='ocr_line' id='line_1_12' title="bbox 184 1111 1868 1185; baseline -0.002 -15"><span class='ocrx_word' id='word_1_103' title='bbox 184 1122 270 1170; x_wconf 88' lang='grc' dir='ltr'><em>τοί</em></span> <span class='ocrx_word' id='word_1_104' title='bbox 288 1118 454 1169; x_wconf 82' lang='grc' dir='ltr'><em>εἰσιν·</em></span> <span class='ocrx_word' id='word_1_105' title='bbox 514 1111 638 1168; x_wconf 79' lang='grc' dir='ltr'><em>ὅσοι</em></span> <span class='ocrx_word' id='word_1_106' title='bbox 673 1111 730 1168; x_wconf 81' lang='grc' dir='ltr'><em>δ’</em></span> <span class='ocrx_word' id='word_1_107' title='bbox 760 1115 1064 1185; x_wconf 83' lang='grc' dir='ltr'><em>ἐπίκουροι,</em></span> <span class='ocrx_word' id='word_1_108' title='bbox 1103 1112 1378 1184; x_wconf 80' lang='grc' dir='ltr'><em>ἄργυρον·</em></span> <span class='ocrx_word' id='word_1_109' title='bbox 1428 1116 1659 1184; x_wconf 83' lang='grc' dir='ltr'><em>σίδηρον</em></span> <span class='ocrx_word' id='word_1_110' title='bbox 1690 1112 1748 1169; x_wconf 79' lang='grc' dir='ltr'><em>δε</em></span> <span class='ocrx_word' id='word_1_111' title='bbox 1777 1114 1868 1168; x_wconf 87' lang='grc' dir='ltr'><em>καὶ</em></span> 
     </span>
     <span class='ocr_line' id='line_1_13' title="bbox 182 1193 1869 1297; baseline -0.001 -46"><span class='ocrx_word' id='word_1_112' title='bbox 182 1194 390 1266; x_wconf 84' lang='grc' dir='ltr'><em>χαλκὸν</em></span> <span class='ocrx_word' id='word_1_113' title='bbox 409 1206 521 1260; x_wconf 83' lang='grc' dir='ltr'><em>τοῖς</em></span> <span class='ocrx_word' id='word_1_114' title='bbox 538 1216 597 1250; x_wconf 92' lang='grc' dir='ltr'><em>τε</em></span> <span class='ocrx_word' id='word_1_115' title='bbox 616 1207 880 1297; x_wconf 84' lang='grc' dir='ltr'><em>γεωργοις</em></span> <span class='ocrx_word' id='word_1_116' title='bbox 904 1198 995 1251; x_wconf 87' lang='grc' dir='ltr'><em>καὶ</em></span> <span class='ocrx_word' id='word_1_117' title='bbox 1013 1206 1124 1259; x_wconf 78' lang='grc' dir='ltr'><em>τοῖς</em></span> <span class='ocrx_word' id='word_1_118' title='bbox 1143 1193 1328 1259; x_wconf 89' lang='grc' dir='ltr'><em>άλλοις</em></span> <span class='ocrx_word' id='word_1_119' title='bbox 1359 1198 1726 1294; x_wconf 78' lang='grc' dir='ltr'><em>δημιουργοις.</em></span> <span class='ocrx_word' id='word_1_120' title='bbox 1773 1193 1869 1250; x_wconf 81' lang='grc' dir='ltr'><em>ἅτε</em></span> 
     </span>
     <span class='ocr_line' id='line_1_14' title="bbox 184 1271 1870 1349; baseline -0.002 -15"><span class='ocrx_word' id='word_1_121' title='bbox 184 1281 289 1333; x_wconf 85' lang='grc' dir='ltr'><em>οὐν</em></span> <span class='ocrx_word' id='word_1_122' title='bbox 313 1277 632 1349; x_wconf 82' lang='grc' dir='ltr'><em>ξυγγενεῖς’</em></span> <span class='ocrx_word' id='word_1_123' title='bbox 612 1278 769 1342; x_wconf 82' lang='grc' dir='ltr'><em>ὄντες</em></span> <span class='ocrx_word' id='word_1_124' title='bbox 788 1279 987 1342; x_wconf 89' lang='grc' dir='ltr'><em>πάντες</em></span> <span class='ocrx_word' id='word_1_125' title='bbox 1006 1277 1066 1332; x_wconf 87' lang='grc' dir='ltr'>τό</span> <span class='ocrx_word' id='word_1_126' title='bbox 1090 1277 1191 1348; x_wconf 74' lang='grc' dir='ltr'><em>μὲν</em></span> <span class='ocrx_word' id='word_1_127' title='bbox 1221 1276 1364 1332; x_wconf 78' lang='grc' dir='ltr'><em>πολὺ</em></span> <span class='ocrx_word' id='word_1_128' title='bbox 1393 1273 1619 1347; x_wconf 79' lang='grc' dir='ltr'><em>ὁμοίους</em></span> <span class='ocrx_word' id='word_1_129' title='bbox 1646 1271 1717 1331; x_wconf 70' lang='grc' dir='ltr'><em>ἂν</em></span> <span class='ocrx_word' id='word_1_130' title='bbox 1736 1273 1870 1347; x_wconf 82' lang='grc' dir='ltr'><em>ὑμῖν</em></span> 
     </span>
     <span class='ocr_line' id='line_1_15' title="bbox 129 1354 1870 1459; baseline -0.001 -45"><span class='ocrx_word' id='word_1_131' title='bbox 129 1383 161 1422; x_wconf 88' lang='lat' dir='ltr'>B</span> <span class='ocrx_word' id='word_1_132' title='bbox 185 1358 373 1424; x_wconf 86' lang='grc' dir='ltr'><em>αὐτοις</em></span> <span class='ocrx_word' id='word_1_133' title='bbox 399 1364 659 1433; x_wconf 78' lang='grc' dir='ltr'><em>γεννῷτε,</em></span> <span class='ocrx_word' id='word_1_134' title='bbox 680 1362 793 1413; x_wconf 79' lang='grc' dir='ltr'><em>ἔστι</em></span> <span class='ocrx_word' id='word_1_135' title='bbox 814 1357 866 1413; x_wconf 81' lang='grc' dir='ltr'><em>δ’</em></span> <span class='ocrx_word' id='word_1_136' title='bbox 900 1357 993 1414; x_wconf 81' lang='grc' dir='ltr'><em>ὅτε</em></span> <span class='ocrx_word' id='word_1_137' title='bbox 1016 1361 1074 1414; x_wconf 84' lang='grc' dir='ltr'><em>ἐκ</em></span> <span class='ocrx_word' id='word_1_138' title='bbox 1103 1364 1315 1459; x_wconf 80' lang='grc' dir='ltr'><em>χρυσοῦ</em></span> <span class='ocrx_word' id='word_1_139' title='bbox 1342 1363 1638 1441; x_wconf 79' lang='grc' dir='ltr'><em>γεννηθείη</em></span> <span class='ocrx_word' id='word_1_140' title='bbox 1670 1354 1741 1412; x_wconf 73' lang='grc' dir='ltr'><em>ἄν</em></span> <span class='ocrx_word' id='word_1_141' title='bbox 1767 1356 1870 1429; x_wconf 85' lang='grc' dir='ltr'><em>άρ-</em></span> 
     </span>
     <span class='ocr_line' id='line_1_16' title="bbox 181 1430 1869 1510; baseline -0.001 -16"><span class='ocrx_word' id='word_1_142' title='bbox 181 1445 398 1510; x_wconf 84' lang='grc' dir='ltr'><em>γυροῦν</em></span> <span class='ocrx_word' id='word_1_143' title='bbox 416 1443 508 1494; x_wconf 86' lang='grc' dir='ltr'><em>καὶ</em></span> <span class='ocrx_word' id='word_1_144' title='bbox 528 1440 581 1505; x_wconf 82' lang='grc' dir='ltr'><em>ἐξ</em></span> <span class='ocrx_word' id='word_1_145' title='bbox 600 1436 853 1510; x_wconf 81' lang='grc' dir='ltr'><em>ἀργυροῦ</em></span> <span class='ocrx_word' id='word_1_146' title='bbox 871 1445 1119 1510; x_wconf 79' lang='grc' dir='ltr'><em>χρυσοῦν</em></span> <span class='ocrx_word' id='word_1_147' title='bbox 1137 1443 1372 1508; x_wconf 81' lang='grc' dir='ltr'><em>ἔκγονον</em></span> <span class='ocrx_word' id='word_1_148' title='bbox 1389 1441 1481 1494; x_wconf 86' lang='grc' dir='ltr'><em>καὶ</em></span> <span class='ocrx_word' id='word_1_149' title='bbox 1498 1430 1669 1494; x_wconf 79' lang='grc' dir='ltr'><em>τᾶλλα</em></span> <span class='ocrx_word' id='word_1_150' title='bbox 1688 1438 1869 1492; x_wconf 90' lang='grc' dir='ltr'><em>πάντα</em></span> 
     </span>
     <span class='ocr_line' id='line_1_17' title="bbox 183 1518 1869 1592; baseline -0.001 -17"><span class='ocrx_word' id='word_1_151' title='bbox 183 1518 363 1585; x_wconf 86' lang='grc' dir='ltr'><em>ου’τως</em></span> <span class='ocrx_word' id='word_1_152' title='bbox 381 1523 434 1586; x_wconf 82' lang='grc' dir='ltr'><em>ἐξ</em></span> <span class='ocrx_word' id='word_1_153' title='bbox 456 1518 725 1592; x_wconf 83' lang='grc' dir='ltr'><em>άλλήλων.</em></span> <span class='ocrx_word' id='word_1_154' title='bbox 762 1532 875 1586; x_wconf 82' lang='grc' dir='ltr'><em>τοῖς</em></span> <span class='ocrx_word' id='word_1_155' title='bbox 898 1524 1002 1576; x_wconf 83' lang='grc' dir='ltr'><em>οὐν</em></span> <span class='ocrx_word' id='word_1_156' title='bbox 1021 1520 1252 1592; x_wconf 71' lang='grc' dir='ltr'><em>ἄρχουσι</em></span> <span class='ocrx_word' id='word_1_157' title='bbox 1271 1522 1363 1575; x_wconf 86' lang='grc' dir='ltr'><em>καὶ</em></span> <span class='ocrx_word' id='word_1_158' title='bbox 1382 1525 1607 1590; x_wconf 80' lang='grc' dir='ltr'><em>πρῶτον</em></span> <span class='ocrx_word' id='word_1_159' title='bbox 1642 1520 1733 1575; x_wconf 87' lang='grc' dir='ltr'><em>καὶ</em></span> <span class='ocrx_word' id='word_1_160' title='bbox 1761 1520 1869 1590; x_wconf 86' lang='grc' dir='ltr'><em>μά-</em></span> 
     </span>
     <span class='ocr_line' id='line_1_18' title="bbox 183 1598 1867 1673; baseline -0.002 -16"><span class='ocrx_word' id='word_1_161' title='bbox 183 1609 339 1658; x_wconf 90' lang='grc' dir='ltr'><em>λιστα</em></span> <span class='ocrx_word' id='word_1_162' title='bbox 370 1600 778 1672; x_wconf 65' lang='grc' dir='ltr'><em>παραγγέλλειο</em></span> <span class='ocrx_word' id='word_1_163' title='bbox 754 1624 781 1657; x_wconf 96' lang='grc' dir='ltr'><em>ο</em></span> <span class='ocrx_word' id='word_1_164' title='bbox 804 1602 956 1673; x_wconf 81' lang='grc' dir='ltr'><em>θεός,</em></span> <span class='ocrx_word' id='word_1_165' title='bbox 987 1601 1136 1667; x_wconf 82' lang='grc' dir='ltr'><em>ὅπως</em></span> <span class='ocrx_word' id='word_1_166' title='bbox 1172 1599 1408 1673; x_wconf 78' lang='grc' dir='ltr'><em>μηδενὸς</em></span> <span class='ocrx_word' id='word_1_167' title='bbox 1444 1598 1591 1657; x_wconf 78' lang='grc' dir='ltr'><em>οὕτω</em></span> <span class='ocrx_word' id='word_1_168' title='bbox 1624 1600 1867 1671; x_wconf 85' lang='grc' dir='ltr'><em>φύλακες</em></span> 
     </span>
     <span class='ocr_line' id='line_1_19' title="bbox 183 1680 1870 1755; baseline -0.001 -17"><span class='ocrx_word' id='word_1_169' title='bbox 183 1680 389 1753; x_wconf 77' lang='grc' dir='ltr'><em>ἀγαθοὶ</em></span> <span class='ocrx_word' id='word_1_170' title='bbox 420 1687 640 1739; x_wconf 83' lang='grc' dir='ltr'><em>ἔσονται</em></span> <span class='ocrx_word' id='word_1_171' title='bbox 669 1682 800 1754; x_wconf 82' lang='grc' dir='ltr'><em>μηδ’</em></span> <span class='ocrx_word' id='word_1_172' title='bbox 834 1681 980 1738; x_wconf 81' lang='grc' dir='ltr'><em>οὕτω</em></span> <span class='ocrx_word' id='word_1_173' title='bbox 1010 1682 1229 1755; x_wconf 86' lang='grc' dir='ltr'><em>σφόδρα</em></span> <span class='ocrx_word' id='word_1_174' title='bbox 1255 1682 1564 1753; x_wconf 78' lang='grc' dir='ltr'><em>φυλάξουσι</em></span> <span class='ocrx_word' id='word_1_175' title='bbox 1593 1682 1765 1752; x_wconf 87' lang='grc' dir='ltr'><em>μηδεν</em></span> <span class='ocrx_word' id='word_1_176' title='bbox 1797 1702 1870 1745; x_wconf 85' lang='grc' dir='ltr'><em>ως</em></span> 
     </span>
     <span class='ocr_line' id='line_1_20' title="bbox 184 1763 1866 1835; baseline -0.001 -16"><span class='ocrx_word' id='word_1_177' title='bbox 184 1763 315 1829; x_wconf 82' lang='grc' dir='ltr'><em>τούς</em></span> <span class='ocrx_word' id='word_1_178' title='bbox 335 1763 617 1835; x_wconf 79' lang='grc' dir='ltr'><em>ἐκγόνους,</em></span> <span class='ocrx_word' id='word_1_179' title='bbox 651 1764 682 1818; x_wconf 87' lang='lat'><em>6&#39;</em></span> <span class='ocrx_word' id='word_1_180' title='bbox 709 1786 759 1819; x_wconf 93' lang='grc' dir='ltr'><em>τι</em></span> <span class='ocrx_word' id='word_1_181' title='bbox 792 1763 978 1830; x_wconf 82' lang='grc' dir='ltr'><em>αὐτοῖς</em></span> <span class='ocrx_word' id='word_1_182' title='bbox 999 1765 1215 1820; x_wconf 85' lang='grc' dir='ltr'><em>τούτων</em></span> <span class='ocrx_word' id='word_1_183' title='bbox 1237 1767 1298 1820; x_wconf 82' lang='grc' dir='ltr'><em>ἐν</em></span> <span class='ocrx_word' id='word_1_184' title='bbox 1319 1777 1434 1830; x_wconf 82' lang='grc' dir='ltr'><em>ταῖς</em></span> <span class='ocrx_word' id='word_1_185' title='bbox 1459 1775 1659 1835; x_wconf 79' lang='grc' dir='ltr'><em>ψυχαῖς</em></span> <span class='ocrx_word' id='word_1_186' title='bbox 1686 1784 1866 1834; x_wconf 89' lang='grc' dir='ltr'><em>παρα-</em></span> 
     </span>
     <span class='ocr_line' id='line_1_21' title="bbox 182 1842 1865 1918; baseline -0.001 -16"><span class='ocrx_word' id='word_1_187' title='bbox 182 1849 450 1918; x_wconf 86' lang='grc' dir='ltr'><em>μέμικται,</em></span> <span class='ocrx_word' id='word_1_188' title='bbox 472 1848 564 1901; x_wconf 84' lang='grc' dir='ltr'><em>καὶ</em></span> <span class='ocrx_word' id='word_1_189' title='bbox 583 1845 680 1901; x_wconf 88' lang='grc' dir='ltr'><em>έάν</em></span> <span class='ocrx_word' id='word_1_190' title='bbox 709 1867 767 1901; x_wconf 89' lang='grc' dir='ltr'><em>τε</em></span> <span class='ocrx_word' id='word_1_191' title='bbox 795 1850 1058 1917; x_wconf 79' lang='grc' dir='ltr'><em>σφέτερος</em></span> <span class='ocrx_word' id='word_1_192' title='bbox 1087 1851 1313 1918; x_wconf 80' lang='grc' dir='ltr'><em>ἔκγονος</em></span> <span class='ocrx_word' id='word_1_193' title='bbox 1341 1845 1651 1917; x_wconf 81' lang='grc' dir='ltr'><em>ὑπόχαλκος</em></span> <span class='ocrx_word' id='word_1_194' title='bbox 1668 1842 1704 1917; x_wconf 76' lang='grc' dir='ltr'><em>ἢ</em></span> <span class='ocrx_word' id='word_1_195' title='bbox 1723 1843 1865 1901; x_wconf 81' lang='grc' dir='ltr'><em>ὑπο-</em></span> 
     </span>
     <span class='ocr_line' id='line_1_22' title="bbox 128 1926 1870 2002; baseline -0.001 -18"><span class='ocrx_word' id='word_1_196' title='bbox 128 1943 160 1985; x_wconf 86' lang='lat' dir='ltr'><strong>G</strong></span> <span class='ocrx_word' id='word_1_197' title='bbox 190 1931 411 1999; x_wconf 83' lang='grc' dir='ltr'><em>σίδηρος</em></span> <span class='ocrx_word' id='word_1_198' title='bbox 441 1930 681 1997; x_wconf 88' lang='grc' dir='ltr'><em>γένηται,</em></span> <span class='ocrx_word' id='word_1_199' title='bbox 712 1930 906 1998; x_wconf 85' lang='grc' dir='ltr'><em>μηδενὶ</em></span> <span class='ocrx_word' id='word_1_200' title='bbox 933 1928 1120 2002; x_wconf 73' lang='grc' dir='ltr'><em>τρόπῳ</em></span> <span class='ocrx_word' id='word_1_201' title='bbox 1144 1929 1588 1999; x_wconf 85' lang='grc' dir='ltr'><em>κατελεήσουσιν,</em></span> <span class='ocrx_word' id='word_1_202' title='bbox 1609 1926 1748 1983; x_wconf 78' lang='grc' dir='ltr'><em>ἀλλὰ</em></span> <span class='ocrx_word' id='word_1_203' title='bbox 1767 1926 1870 1998; x_wconf 76' lang='grc' dir='ltr'><em>τὴν</em></span> 
     </span>
     <span class='ocr_line' id='line_1_23' title="bbox 184 2008 1868 2080; baseline 0 -18"><span class='ocrx_word' id='word_1_204' title='bbox 184 2015 248 2079; x_wconf 80' lang='grc' dir='ltr'><em>τῇ</em></span> <span class='ocrx_word' id='word_1_205' title='bbox 289 2009 458 2079; x_wconf 80' lang='grc' dir='ltr'><em>φύσει</em></span> <span class='ocrx_word' id='word_1_206' title='bbox 505 2009 901 2079; x_wconf 78' lang='grc' dir='ltr'><em>προσήκουσαν</em></span> <span class='ocrx_word' id='word_1_207' title='bbox 945 2009 1109 2080; x_wconf 84' lang='grc' dir='ltr'><em>τιμὴν</em></span> <span class='ocrx_word' id='word_1_208' title='bbox 1158 2009 1461 2075; x_wconf 76' lang='grc' dir='ltr'><em>ἀποδόντες</em></span> <span class='ocrx_word' id='word_1_209' title='bbox 1507 2008 1750 2064; x_wconf 76' lang='grc' dir='ltr'><em>ὤσουσιν</em></span> <span class='ocrx_word' id='word_1_210' title='bbox 1791 2011 1868 2072; x_wconf 82' lang='grc' dir='ltr'><em>εἰς</em></span> 
     </span>
     <span class='ocr_line' id='line_1_24' title="bbox 187 2083 1865 2160; baseline 0.001 -17"><span class='ocrx_word' id='word_1_211' title='bbox 187 2087 563 2159; x_wconf 79' lang='grc' dir='ltr'><em>δημιουργοὺς</em></span> <span class='ocrx_word' id='word_1_212' title='bbox 598 2086 635 2159; x_wconf 80' lang='grc' dir='ltr'><strong><em>ἦ</em></strong></span> <span class='ocrx_word' id='word_1_213' title='bbox 671 2095 747 2154; x_wconf 85' lang='grc' dir='ltr'><em>εἰς</em></span> <span class='ocrx_word' id='word_1_214' title='bbox 782 2090 1083 2160; x_wconf 84' lang='grc' dir='ltr'><em>γεωργούς,</em></span> <span class='ocrx_word' id='word_1_215' title='bbox 1121 2091 1213 2146; x_wconf 83' lang='grc' dir='ltr'><em>καὶ</em></span> <span class='ocrx_word' id='word_1_216' title='bbox 1245 2086 1318 2145; x_wconf 73' lang='grc' dir='ltr'><em>ἂν</em></span> <span class='ocrx_word' id='word_1_217' title='bbox 1352 2083 1426 2144; x_wconf 76' lang='grc' dir='ltr'><em>αὖ</em></span> <span class='ocrx_word' id='word_1_218' title='bbox 1459 2092 1518 2145; x_wconf 82' lang='grc' dir='ltr'><em>ἐκ</em></span> <span class='ocrx_word' id='word_1_219' title='bbox 1547 2089 1760 2145; x_wconf 85' lang='grc' dir='ltr'><em>τούτων</em></span> <span class='ocrx_word' id='word_1_220' title='bbox 1784 2109 1865 2153; x_wconf 86' lang='grc' dir='ltr'><em>τις</em></span> 
     </span>
     <span class='ocr_line' id='line_1_25' title="bbox 183 2165 1866 2242; baseline 0.002 -20"><span class='ocrx_word' id='word_1_221' title='bbox 183 2167 502 2238; x_wconf 84' lang='grc' dir='ltr'><em>ὑπόχρυσος</em></span> <span class='ocrx_word' id='word_1_222' title='bbox 518 2165 555 2238; x_wconf 83' lang='grc' dir='ltr'><strong><em>ἦ</em></strong></span> <span class='ocrx_word' id='word_1_223' title='bbox 575 2166 898 2240; x_wconf 81' lang='grc' dir='ltr'><em>ὑπάργυρος</em></span> <span class='ocrx_word' id='word_1_224' title='bbox 926 2177 1062 2242; x_wconf 80' lang='grc' dir='ltr'><em>φυῇ,</em></span> <span class='ocrx_word' id='word_1_225' title='bbox 1093 2170 1417 2242; x_wconf 85' lang='grc' dir='ltr'><em>τιμήσαντες</em></span> <span class='ocrx_word' id='word_1_226' title='bbox 1444 2169 1710 2237; x_wconf 79' lang='grc' dir='ltr'><em>ἀνάξουσι</em></span> <span class='ocrx_word' id='word_1_227' title='bbox 1733 2191 1866 2236; x_wconf 91' lang='grc' dir='ltr'><em>τους</em></span> 
     </span>
     <span class='ocr_line' id='line_1_26' title="bbox 183 2249 1865 2349; baseline 0.001 -44"><span class='ocrx_word' id='word_1_228' title='bbox 183 2272 284 2321; x_wconf 90' lang='grc' dir='ltr'><em>μεν</em></span> <span class='ocrx_word' id='word_1_229' title='bbox 320 2253 397 2313; x_wconf 86' lang='grc' dir='ltr'><em>εἰς</em></span> <span class='ocrx_word' id='word_1_230' title='bbox 413 2249 710 2349; x_wconf 82' lang='grc' dir='ltr'><em>φυλακήν,</em></span> <span class='ocrx_word' id='word_1_231' title='bbox 751 2249 881 2315; x_wconf 81' lang='grc' dir='ltr'><em>τοὺς</em></span> <span class='ocrx_word' id='word_1_232' title='bbox 918 2251 977 2307; x_wconf 81' lang='grc' dir='ltr'><em>δε</em></span> <span class='ocrx_word' id='word_1_233' title='bbox 1014 2256 1089 2316; x_wconf 84' lang='grc' dir='ltr'><em>εἰς</em></span> <span class='ocrx_word' id='word_1_234' title='bbox 1125 2254 1466 2324; x_wconf 84' lang='grc' dir='ltr'><em>ἐπικουρίαν,</em></span> <span class='ocrx_word' id='word_1_235' title='bbox 1506 2274 1579 2317; x_wconf 85' lang='grc' dir='ltr'><em>ως</em></span> <span class='ocrx_word' id='word_1_236' title='bbox 1614 2256 1865 2323; x_wconf 85' lang='grc' dir='ltr'><em>χρησμοῦ</em></span> 
     </span>
     <span class='ocr_line' id='line_1_27' title="bbox 182 2329 1866 2403; baseline 0.001 -17"><span class='ocrx_word' id='word_1_237' title='bbox 182 2330 343 2394; x_wconf 85' lang='grc' dir='ltr'><em>ὄντος</em></span> <span class='ocrx_word' id='word_1_238' title='bbox 363 2330 486 2386; x_wconf 88' lang='grc' dir='ltr'><em>τότε</em></span> <span class='ocrx_word' id='word_1_239' title='bbox 505 2329 607 2401; x_wconf 84' lang='grc' dir='ltr'><em>τὴν</em></span> <span class='ocrx_word' id='word_1_240' title='bbox 627 2330 789 2386; x_wconf 88' lang='grc' dir='ltr'><em>πόλιν</em></span> <span class='ocrx_word' id='word_1_241' title='bbox 809 2332 1254 2403; x_wconf 65' lang='grc' dir='ltr'><em>διαφθαρῆναι,”</em></span> <span class='ocrx_word' id='word_1_242' title='bbox 1230 2333 1368 2389; x_wconf 88' lang='grc' dir='ltr'><em>όταν</em></span> <span class='ocrx_word' id='word_1_243' title='bbox 1398 2331 1573 2403; x_wconf 80' lang='grc' dir='ltr'><em>αὐτὴν</em></span> <span class='ocrx_word' id='word_1_244' title='bbox 1593 2330 1621 2388; x_wconf 89' lang='grc' dir='ltr'>ὁ</span> <span class='ocrx_word' id='word_1_245' title='bbox 1643 2336 1866 2403; x_wconf 80' lang='grc' dir='ltr'><em>σίδηρος</em></span> 
     </span>
     <span class='ocr_line' id='line_1_28' title="bbox 179 2409 1867 2486; baseline 0.001 -19"><span class='ocrx_word' id='word_1_246' title='bbox 179 2409 216 2484; x_wconf 75' lang='grc' dir='ltr'><strong><em>ἦ</em></strong></span> <span class='ocrx_word' id='word_1_247' title='bbox 239 2410 268 2468; x_wconf 90' lang='grc' dir='ltr'>ὁ</span> <span class='ocrx_word' id='word_1_248' title='bbox 287 2410 486 2483; x_wconf 80' lang='grc' dir='ltr'><em>χαλκὸς</em></span> <span class='ocrx_word' id='word_1_249' title='bbox 506 2413 739 2485; x_wconf 79' lang='grc' dir='ltr'><em>φυλάξῃ.</em></span> <span class='ocrx_word' id='word_1_250' title='bbox 769 2419 971 2469; x_wconf 84' lang='grc' dir='ltr'><em>τοῦτον</em></span> <span class='ocrx_word' id='word_1_251' title='bbox 992 2417 1098 2469; x_wconf 85' lang='grc' dir='ltr'><em>οὐν</em></span> <span class='ocrx_word' id='word_1_252' title='bbox 1126 2413 1226 2470; x_wconf 87' lang='grc' dir='ltr'><em>τὸν</em></span> <span class='ocrx_word' id='word_1_253' title='bbox 1255 2413 1488 2486; x_wconf 80' lang='grc' dir='ltr'><em>μῦθον</em></span> <span class='ocrx_word' id='word_1_254' title='bbox 1467 2413 1616 2480; x_wconf 84' lang='grc' dir='ltr'><em>όπως</em></span> <span class='ocrx_word' id='word_1_255' title='bbox 1645 2412 1717 2470; x_wconf 72' lang='grc' dir='ltr'><em>ἄν</em></span> <span class='ocrx_word' id='word_1_256' title='bbox 1744 2433 1867 2470; x_wconf 85' lang='grc' dir='ltr'><em>πει-</em></span> 
     </span>
     <span class='ocr_line' id='line_1_29' title="bbox 182 2492 1865 2567; baseline 0.001 -19"><span class='ocrx_word' id='word_1_257' title='bbox 182 2501 390 2562; x_wconf 81' lang='grc' dir='ltr'><em>σθειεν,</em></span> <span class='ocrx_word' id='word_1_258' title='bbox 419 2496 556 2563; x_wconf 82' lang='grc' dir='ltr'><em>ἔχεις</em></span> <span class='ocrx_word' id='word_1_259' title='bbox 584 2492 707 2549; x_wconf 80' lang='grc' dir='ltr'><em>τινὰ</em></span> <span class='ocrx_word' id='word_1_260' title='bbox 736 2495 1014 2566; x_wconf 87' lang='grc' dir='ltr'><em>μηχανήν;</em></span> <span class='ocrx_word' id='word_1_261' title='bbox 1047 2492 1336 2567; x_wconf 86' lang='grc' dir='ltr'><em>Ουδαμως,</em></span> <span class='ocrx_word' id='word_1_262' title='bbox 1370 2499 1493 2567; x_wconf 80' lang='grc' dir='ltr'><em>ἔφη,</em></span> <span class='ocrx_word' id='word_1_263' title='bbox 1524 2496 1673 2561; x_wconf 83' lang='grc' dir='ltr'><em>ὅπως</em></span> <span class='ocrx_word' id='word_1_264' title='bbox 1705 2494 1760 2566; x_wconf 91' lang='grc' dir='ltr'><em>γ’</em></span> <span class='ocrx_word' id='word_1_265' title='bbox 1794 2492 1865 2550; x_wconf 72' lang='grc' dir='ltr'><em>ἂν</em></span> 
     </span>
     <span class='ocr_line' id='line_1_30' title="bbox 121 2568 1864 2648; baseline 0.002 -20"><span class='ocrx_word' id='word_1_266' title='bbox 121 2586 155 2626; x_wconf 93' lang='lat' dir='ltr'>D</span> <span class='ocrx_word' id='word_1_267' title='bbox 190 2573 347 2630; x_wconf 84' lang='grc' dir='ltr'><em>αὐτοὶ</em></span> <span class='ocrx_word' id='word_1_268' title='bbox 366 2568 523 2631; x_wconf 82' lang='grc' dir='ltr'><em>οὗτοι</em></span> <span class='ocrx_word' id='word_1_269' title='bbox 537 2599 548 2610; x_wconf 84' lang='grc'><em>·</em></span> <span class='ocrx_word' id='word_1_270' title='bbox 586 2575 736 2642; x_wconf 77' lang='grc' dir='ltr'><em>ὅπως</em></span> <span class='ocrx_word' id='word_1_271' title='bbox 755 2576 907 2648; x_wconf 87' lang='grc' dir='ltr'><em>μέντ’</em></span> <span class='ocrx_word' id='word_1_272' title='bbox 939 2575 1011 2635; x_wconf 72' lang='grc' dir='ltr'><em>ἂν</em></span> <span class='ocrx_word' id='word_1_273' title='bbox 1037 2582 1092 2634; x_wconf 75' lang='grc' dir='ltr'><em>οἱ</em></span> <span class='ocrx_word' id='word_1_274' title='bbox 1109 2578 1326 2635; x_wconf 82' lang='grc' dir='ltr'><em>τούτων</em></span> <span class='ocrx_word' id='word_1_275' title='bbox 1346 2581 1481 2644; x_wconf 61' lang='lat' dir='ltr'><em>vce-0⁰9</em></span> <span class='ocrx_word' id='word_1_276' title='bbox 1499 2580 1590 2635; x_wconf 88' lang='grc' dir='ltr'><em>καὶ</em></span> <span class='ocrx_word' id='word_1_277' title='bbox 1610 2583 1667 2634; x_wconf 79' lang='grc' dir='ltr'><em>οἰ</em></span> <span class='ocrx_word' id='word_1_278' title='bbox 1680 2584 1864 2635; x_wconf 85' lang='grc' dir='ltr'><em>ἔπειτα</em></span> 
     </span>
     <span class='ocr_line' id='line_1_31' title="bbox 185 2652 1856 2740; baseline 0.002 -31"><span class='ocrx_word' id='word_1_279' title='bbox 185 2652 303 2710; x_wconf 83' lang='grc' dir='ltr'><em>οἵτ’</em></span> <span class='ocrx_word' id='word_1_280' title='bbox 328 2654 485 2740; x_wconf 73' lang='grc' dir='ltr'><em>ἄλλοι</em></span> <span class='ocrx_word' id='word_1_281' title='bbox 504 2655 799 2730; x_wconf 74' lang='grc' dir='ltr'><em>ἅνθρωποι</em></span> <span class='ocrx_word' id='word_1_282' title='bbox 819 2664 877 2715; x_wconf 79' lang='grc' dir='ltr'><em>οἶ</em></span> <span class='ocrx_word' id='word_1_283' title='bbox 891 2659 1143 2732; x_wconf 80' lang='grc' dir='ltr'><em>ὕστερον.</em></span> <span class='ocrx_word' id='word_1_284' title='bbox 1214 2658 1373 2717; x_wconf 78' lang='grc' dir='ltr'><em>Ἀλλὰ</em></span> <span class='ocrx_word' id='word_1_285' title='bbox 1389 2663 1481 2717; x_wconf 87' lang='grc' dir='ltr'><em>καὶ</em></span> <span class='ocrx_word' id='word_1_286' title='bbox 1505 2666 1688 2728; x_wconf 86' lang='grc' dir='ltr'><em>τοῦτο,</em></span> <span class='ocrx_word' id='word_1_287' title='bbox 1709 2654 1782 2729; x_wconf 79' lang='grc' dir='ltr'><em>ἦν</em></span> <span class='ocrx_word' id='word_1_288' title='bbox 1803 2658 1856 2714; x_wconf 80' lang='grc' dir='ltr'><em>δ’</em></span> 
     </span>
     <span class='ocr_line' id='line_1_32' title="bbox 183 2734 1859 2813; baseline -0.001 -17"><span class='ocrx_word' id='word_1_289' title='bbox 183 2735 307 2806; x_wconf 75' lang='grc' dir='ltr'><em>ἐγώ,</em></span> <span class='ocrx_word' id='word_1_290' title='bbox 330 2740 393 2791; x_wconf 84' lang='grc' dir='ltr'><em>εὐ</em></span> <span class='ocrx_word' id='word_1_291' title='bbox 419 2734 493 2794; x_wconf 73' lang='grc' dir='ltr'><em>ἄν</em></span> <span class='ocrx_word' id='word_1_292' title='bbox 511 2743 622 2810; x_wconf 80' lang='grc' dir='ltr'><em>ἔχοι</em></span> <span class='ocrx_word' id='word_1_293' title='bbox 640 2738 779 2812; x_wconf 80' lang='grc' dir='ltr'><em>πρὸς</em></span> <span class='ocrx_word' id='word_1_294' title='bbox 807 2740 867 2797; x_wconf 85' lang='grc' dir='ltr'><em>τὸ</em></span> <span class='ocrx_word' id='word_1_295' title='bbox 899 2748 1111 2813; x_wconf 75' lang='grc' dir='ltr'><em>μᾶλλον</em></span> <span class='ocrx_word' id='word_1_296' title='bbox 1131 2742 1336 2807; x_wconf 77' lang='grc' dir='ltr'><em>αὐτοὺς</em></span> <span class='ocrx_word' id='word_1_297' title='bbox 1353 2748 1449 2813; x_wconf 81' lang='grc' dir='ltr'><em>τῆς</em></span> <span class='ocrx_word' id='word_1_298' title='bbox 1466 2739 1677 2803; x_wconf 73' lang='grc' dir='ltr'><em>πόλεώς</em></span> <span class='ocrx_word' id='word_1_299' title='bbox 1695 2759 1753 2795; x_wconf 84' lang='grc' dir='ltr'><em>τε</em></span> <span class='ocrx_word' id='word_1_300' title='bbox 1771 2742 1859 2795; x_wconf 77' lang='grc' dir='ltr'><em>καὶ</em></span> 
     </span>
     <span class='ocr_line' id='line_1_33' title="bbox 183 2815 1736 2895; baseline 0.003 -23"><span class='ocrx_word' id='word_1_301' title='bbox 183 2815 441 2888; x_wconf 78' lang='grc' dir='ltr'><em>ἀλλήλων</em></span> <span class='ocrx_word' id='word_1_302' title='bbox 461 2821 734 2891; x_wconf 76' lang='grc' dir='ltr'><em>κήδεσθαι</em></span> <span class='ocrx_word' id='word_1_303' title='bbox 749 2843 760 2854; x_wconf 88' lang='grc'>·</span> <span class='ocrx_word' id='word_1_304' title='bbox 792 2823 990 2894; x_wconf 84' lang='grc' dir='ltr'><em>σχεδὸν</em></span> <span class='ocrx_word' id='word_1_305' title='bbox 1009 2824 1116 2895; x_wconf 89' lang='grc' dir='ltr'><em>γάρ</em></span> <span class='ocrx_word' id='word_1_306' title='bbox 1135 2846 1187 2878; x_wconf 89' lang='grc' dir='ltr'><em>τι</em></span> <span class='ocrx_word' id='word_1_307' title='bbox 1207 2823 1478 2894; x_wconf 80' lang='grc' dir='ltr'><em>μανθάνω</em></span> <span class='ocrx_word' id='word_1_308' title='bbox 1500 2821 1532 2876; x_wconf 82' lang='grc' dir='ltr'><em>ὃ</em></span> <span class='ocrx_word' id='word_1_309' title='bbox 1552 2825 1736 2892; x_wconf 89' lang='grc' dir='ltr'><em>λέγεις.</em></span> 
     </span>
    </p>
   </div>
  </div>
 </body>
</html>
