1962 3236
226 128 332 179 290
847 132 1325 180 ΠΛΑΤΩΝΟΣ

168 285 200 326 Β
231 262 368 332 δρόν
385 284 437 316 τι
456 263 716 333 τυγχάνει
735 257 803 316 ὂν
822 263 961 331 πρὸς
977 262 1261 332 οέλήθειαν.
1283 264 1384 361 Μὴ
1406 267 1529 336 γάρ.
1564 268 1764 324 Βούλει
1783 265 1903 341 οὖν,

226 351 385 415 ἔφην,
408 342 494 399 ἐπ’
518 343 704 398 αὐτων
724 343 939 398 τούτων
962 344 1274 415 ζητήσωμεν
1304 346 1403 401 τὸν
1426 349 1663 420 μιμητὴν
1686 357 1904 422 τοῦτον,

224 431 302 489 τίς
337 425 460 480 ποτ’
499 428 673 491 ἐστίν;
721 429 794 479 Εἰ
826 423 1031 495 βούλει,
1070 430 1190 497 ἔφη.
1260 425 1488 483 Οὐκοῦν
1526 436 1737 499 τριτταί
1765 454 1907 498 τινες

224 514 407 562 κλῖναι
426 508 588 561 αὗται
606 512 915 576 γίγνονται·
952 513 1047 578 μία
1067 508 1168 578 μὲν
1195 507 1228 579 ἡ
1261 511 1322 564 έν
1350 517 1416 580 τῇ
1452 513 1619 581 φύσει
1647 508 1804 583 οὖσα,
1834 513 1906 585 ἢν

226 600 430 658 φαῖμεν
462 586 548 659 ἄν,
585 586 657 652 ὠς
685 591 907 661 ε’γςόμαι,
938 587 1079 645 θεὸν
1105 590 1458 660 ἐργάσασθαι.
1492 589 1529 663 ἦ
1564 593 1671 648 τίν’
1706 594 1904 662 ἅλλον;

227 669 466 739 Ουδένα,
490 668 653 741 οἶμαι.
690 675 815 726 Μία
835 674 899 727 δέ
913 693 975 742 γε
993 670 1065 742 ἣν
1085 671 1112 727 ὁ
1134 676 1357 728 τέκτων.
1393 679 1524 745 Ναί,
1553 679 1670 747 ἔφη.
1704 683 1826 732 Μία
1847 678 1904 733 δὲ

222 749 294 823 ἣν
314 749 342 807 ὁ
364 753 668 824 ζωγραφος.
687 746 726 824 ἦ
742 775 875 823 γαρ·
862 795 876 819 ,
898 753 1092 808 ”.Εστω
1132 755 1439 825 Ζωγράφος
1461 755 1544 827 δή,
1566 758 1902 827 κλινοποιός,

223 834 375 904 θεός,
410 847 555 904 τρεις
593 827 747 890 οὗτοι
782 835 1061 890 ἐπιστάται
1094 838 1274 905 τρισὶν
1316 841 1482 892 εἴδεσι
1517 845 1740 894 κλινων.
1790 841 1901 894 Ναι

166 932 199 972 c
227 927 385 984 τρεις.
417 915 474 971 Ὁ
497 939 598 987 μεν
621 916 687 987 δὴ
705 915 855 987 θεός,
879 924 983 972 εἴτε
1006 916 1109 971 οὐκ
1140 917 1415 988 ἐβούλετο,
1451 925 1555 973 εἴτε
1583 940 1662 982 τις
1690 918 1901 989 ἀνάγκη

223 1000 366 1069 ε’πῆν
385 998 457 1068 μὴ
480 1001 648 1052 πλέον
675 994 712 1068 ἢ
740 1002 871 1068 μίαν
901 1000 961 1052 ἐν
993 1003 1058 1069 τῇ
1091 996 1257 1068 φύσει
1287 996 1710 1097 ἀπεργάσασθαι
1730 999 1903 1055 αὐτὸν

223 1084 437 1149 κλίνην,
470 1077 646 1143 οὕτως
677 1081 899 1150 ἐποίησε
927 1084 1058 1150 μίαν
1085 1080 1263 1150 μόνον
1289 1079 1464 1151 αὐτὴν
1485 1085 1699 1153 ἐκείνην
1728 1080 1759 1137 ὂ
1790 1088 1900 1137 ἔστι

223 1164 381 1230 κλίνη
397 1181 407 1190 ·
449 1160 550 1215 δύο
575 1162 900 1215 δὲτοιαῦται
921 1157 958 1232 ἦ
978 1167 1200 1225 πλείους
1220 1159 1347 1216 οὔτε
1372 1163 1766 1233 ἐφυτεύθησαν
1792 1161 1902 1218 ὑπὸ

222 1248 325 1296 τοῦ
342 1247 485 1297 θεοῦ
505 1242 632 1297 οὔτε
652 1240 724 1314 μὴ
750 1250 983 1312 φυῶσιν.
1022 1248 1152 1306 Πῶς
1172 1242 1240 1312 δή
1254 1266 1268 1308 ;
1296 1246 1417 1314 ἔφη.
1442 1242 1576 1312 Ὅτι,
1597 1239 1671 1314 ἦν
1691 1242 1742 1299 δ’
1777 1244 1899 1314 ἐγώ,

223 1328 272 1379 εἰ
291 1322 393 1378 δύο
414 1323 588 1394 μόνας
608 1323 870 1395 ποιήσειε,
893 1324 1059 1379 πάλιν
1089 1320 1161 1379 ἂν
1190 1330 1286 1395 μία
1314 1323 1640 1396 ἀναφανείη,
1666 1319 1732 1396 ἧς
1762 1328 1903 1381 ἐκεῖ·

222 1426 316 1459 ναι
345 1400 416 1459 ἂν
449 1398 522 1459 αὖ
548 1403 862 1476 ἀμφότεραι
888 1405 949 1461 τὸ
984 1404 1126 1470 εἶδος
1155 1410 1344 1477 ἔχοιεν,
1376 1409 1466 1461 καὶ
1497 1415 1578 1477 εἴη
1619 1405 1690 1462 ἂν
1726 1404 1757 1461 ὃ
1791 1411 1904 1461 ἔστι

222 1491 382 1557 κλίνη
404 1490 601 1558 ἐκείνη,
636 1486 760 1543 ἄλλ’
792 1486 891 1563 οὐχ
923 1491 982 1543 αἱ
1006 1487 1123 1543 δύο.
1155 1486 1383 1558 Ὀρθῶς,
1413 1494 1534 1559 ἔφη.
1600 1495 1785 1543 Ταῦτα
1817 1488 1901 1559 δή,

150 1589 186 1629 1)
224 1569 388 1640 οἶμαι,
416 1567 573 1633 εἰδώς
593 1566 621 1624 ὁ
641 1570 792 1638 θεός,
812 1570 1151 1641 βουλόμενος
1172 1570 1310 1625 εἶναι
1331 1569 1505 1635 ὅντως
1529 1577 1716 1642 κλίνης
1742 1592 1904 1641 ποιη-

220 1651 315 1722 τὴς
336 1650 509 1716 ὅντως
539 1651 726 1723 οὔσης,
757 1650 895 1707 ἀλλὰ
925 1651 997 1722 μὴ
1029 1657 1215 1722 κλίνης
1243 1651 1392 1718 τινὸς
1422 1652 1558 1724 μηδὲ
1589 1653 1904 1716 κλινοποιός

221 1756 319 1802 τις,
344 1738 476 1802 μιάν
498 1733 665 1803 φύσει
690 1732 869 1804 αὐτὴν
889 1738 1112 1803 ἔφυσεν.
1138 1733 1367 1789 Ἔοικεν.
1406 1733 1607 1789 Βούλει
1635 1726 1739 1788 οὖν
1765 1740 1901 1789 τοῦ-

221 1836 319 1869 τον
341 1816 444 1885 μὲν
464 1814 792 1888 φυτουργὸν
812 1816 1016 1871 τούτου
1038 1815 1541 1887 προσαγορεύωμεν
1568 1814 1606 1886 ἤ
1635 1837 1685 1870 τι
1714 1822 1901 1870 τοιοῦ-

220 1918 348 1963 τον;
387 1903 624 1953 Δίκαιον
653 1903 812 1968 γοῦν,
845 1902 968 1968 ἔφη,
1001 1898 1290 1967 ἐπειδήπερ
1321 1897 1488 1968 φύσει
1516 1919 1578 1966 γε
1612 1899 1702 1952 καὶ
1739 1903 1902 1953 τοῦτο

221 1979 312 2033 καὶ
337 1973 508 2035 τᾶλλα
537 1980 718 2035 πάντα
743 1985 1053 2049 πεποίηκεν.
1098 1983 1167 2034 Τί
1197 1980 1255 2033 δὲ
1282 1979 1381 2033 τὸν
1415 1981 1665 2041 τέκτονα;
1702 1971 1796 2048 ἆρ’
1835 1975 1902 2032 ού

222 2060 563 2131 δημιουργὸν
581 2067 796 2133 κλίνης;
835 2065 962 2116 Ναί.
993 2054 1066 2114 Ἦ
1080 2060 1171 2114 καὶ
1198 2057 1298 2113 τὸν
1319 2058 1614 2128 ζωγράφον
1635 2062 1903 2129 δημιουρ-

221 2139 323 2209 γὸν
352 2142 443 2196 καὶ
475 2140 708 2212 ποιητὴν
738 2147 841 2196 τοῦ
866 2141 1151 2205 τοιούτους
1190 2137 1477 2209 Οὐδαμῶς.
1529 2135 1689 2193 Ἀλλὰ
1717 2144 1771 2194 τί
1798 2137 1903 2193 αὐ-

157 2240 190 2300 Ε
222 2218 320 2275 τὸν
339 2226 526 2292 κλίνης
546 2222 740 2292 φήσεις
760 2220 927 2287 εἶναι;
962 2226 1155 2288 Τοῦτο,
1176 2212 1213 2289 ἦ
1231 2216 1287 2273 δ’
1309 2217 1387 2288 ὅς,
1410 2223 1592 2289 ἔμοιγε
1624 2225 1778 2275 δοκεῖ
1802 2241 1902 2289 με-

221 2301 473 2373 τρισότατ’
496 2299 567 2358 ἂν
596 2301 1127 2374 προσαγορεύεσθαι,
1157 2298 1387 2402 μιμητὴς
1416 2322 1485 2356 ου
1516 2302 1714 2356 ἐκεῖνοι
1744 2305 1902 2372 δημι-

223 2388 431 2454 ουργοί.
470 2382 619 2453 Εἶεν,
639 2377 712 2455 ἦν
730 2382 782 2439 δ’
806 2382 929 2453 ἐγώ,
950 2381 1050 2438 τὸν
1070 2388 1172 2437 τοῦ
1201 2387 1389 2453 τρίτου
1422 2379 1531 2452 ἄρα
1559 2387 1900 2453 γεννήματος

221 2463 330 2519 ἀπὸ
370 2473 463 2535 τῆς
499 2463 721 2535 φύσεως
757 2486 995 2536 μιμητην
1031 2470 1239 2530 καλεῖς;
1277 2462 1441 2518 Πανυ
1478 2485 1579 2534 μεν
1616 2485 1736 2532 ουν,
1776 2467 1894 2533 ἔ.φη

226 2546 390 2601 Τοῦτ’
415 2545 522 2617 ἄρα
544 2551 693 2602 ἔσται
712 2549 804 2602 καὶ
823 2544 852 2602 ὁ
870 2545 1321 2620 τραγωδιοποιός,
1343 2552 1493 2614 εἰπερ
1514 2543 1746 2615 μιμητής
1765 2545 1893 2611 ἐστι,

219 2633 399 2697 τρίτος
428 2650 508 2693 τις
537 2626 644 2683 ἀπὸ
675 2630 942 2700 βασιλέως
962 2629 1054 2683 καὶ
1080 2634 1174 2698 τῆς
1204 2624 1468 2697 ἀληθείας
1496 2628 1772 2695 πεφυκώς,
1806 2625 1898 2678 καὶ

220 2710 420 2774 πάντες
442 2713 499 2765 οἱ
514 2709 671 2766 ἄλλοι
689 2715 929 2781 μιμηταί.
966 2708 1316 2766 Κινδυνεύει.
1375 2707 1488 2763 Τὸν
1506 2710 1608 2778 μὲν
1633 2702 1698 2774 δὴ
1729 2727 1897 2775 μιμη-

105 2806 193 2851 598
217 2788 319 2862 τὴν
346 2788 799 2863 ὡμολογήκαμεν·
839 2793 953 2848 εἰπὲ
975 2795 1039 2847 δέ
1050 2813 1145 2863 μοι
1171 2794 1294 2863 περὶ
1312 2796 1412 2846 τοῦ
1432 2787 1727 2859 ζωγράφου
1745 2786 1891 2842 τάδε’
