1962 3236
219 192 326 246 380
834 189 1314 238 ΠΛΑΤΩΝΟΣ
1840 195 1902 238 62·

221 325 395 382 αὐτὸν
407 328 770 395 περιέστησαν
781 319 902 378 οἷον
913 320 1186 392 μάλαγμα,
1197 317 1267 375 ἵν’
1283 317 1312 375 ὁ
1325 321 1506 390 θυμὸς
1517 318 1678 391 ἡνίκα
1691 325 1750 375 ἐν
1761 326 1903 392 αυτῇ

225 407 452 479 ἀκμάζοι
467 449 480 474 ,
511 409 740 475 πηδῶσα
762 409 837 468 εἰς
857 400 1086 458 ὑπεῖκον
1105 403 1195 457 καὶ
1219 400 1628 473 άναψυχομένη,
1649 408 1902 456 πονοῦσα

220 484 404 562 ἦττον,
444 494 656 557 μᾶλλον
683 492 761 559 τῷ
788 484 933 557 λόγῳ
965 481 1098 555 μετὰ
1125 488 1318 554 θυμοῦ
1340 483 1565 539 δύναιτο
1593 479 1904 554 ὑπηρετεῖν.

362 571 561 624 XXXII.
607 567 681 622 Τὸ
708 565 767 622 δὲ
789 564 854 637 δὴ
886 571 1052 621 σίτων
1081 586 1140 620 τε
1167 567 1258 620 καὶ
1285 569 1472 620 ποτῶν
1501 563 1904 635 ἐπιθυμητικὸν

223 657 317 721 τῆς
336 656 514 720 ψυχῆς
542 650 632 703 καὶ
661 647 798 703 ὅσον
834 649 1052 702 ἔνδειαν
1085 645 1174 700 διά
1208 644 1310 716 τὴν
1341 651 1442 700 τοῦ
1483 645 1731 716 σώματος
1768 654 1905 716 ἴσχει

224 732 418 802 φύσιν,
449 737 613 785 τοῦτο
637 733 711 793 εἰς
732 726 799 783 τά
827 725 1029 798 μεταξὺ
1053 732 1166 781 τῶν
1185 748 1242 781 τε
1264 733 1489 797 φρενῶν
1518 729 1608 782 καὶ
1636 734 1738 782 τοῦ
1765 725 1902 795 πρὸς

158 827 190 870 E
225 812 324 868 τὸν
351 808 611 882 ὀμφαλὸν
645 809 784 879 ὅρου
820 808 1162 881 κατῴκισαν,
1202 804 1323 863 οἷον
1360 808 1579 879 φάτνην
1612 810 1672 863 ἐν
1704 806 1906 863 ἅπαντι

225 893 403 965 τούτῳ
442 898 522 965 τῷ
555 892 705 964 τόπῳ
743 897 811 961 τῇ
847 896 949 944 τοῦ
985 889 1234 959 σώματος
1269 895 1453 960 τροφῇ
1485 891 1902 960 τεκτηνάμενοι·

226 977 318 1032 καὶ
338 977 646 1043 κατέδησαν
665 970 731 1043 δὴ
746 971 807 1027 τὸ
828 977 1083 1026 τοιοῦτον
1100 973 1347 1026 ἐνταῦθα
1364 967 1436 1035 ὡς
1454 974 1676 1042 θρέμμα
1689 969 1904 1041 ἄγριον,

225 1057 450 1125 τρέφειν
489 1054 548 1110 δὲ
586 1055 934 1123 ξυνημμένον
972 1050 1302 1121 ἀναγκαῖον,
1359 1059 1511 1120 εἴπερ
1547 1073 1598 1106 τι
1637 1055 1825 1122 μέλλοι
1843 1052 1903 1107 τὸ

225 1135 440 1207 θνητὸν
460 1140 685 1191 ἔσεσθαι
703 1138 876 1204 γένος.
910 1129 989 1188 ἵν’
1013 1125 1118 1188 οὖν
1138 1130 1222 1188 άεὶ
1239 1132 1549 1204 νεμόμενον
1570 1131 1708 1202 πρὸς
1727 1133 1910 1204 φάτνῃ

227 1219 320 1274 καὶ
340 1216 374 1271 ὅ
390 1239 440 1271 τι
463 1215 800 1284 πορρωτάτω
821 1221 923 1270 τοῦ
941 1216 1354 1285 βουλευομένου
1382 1219 1698 1282 κατοικοῦν,
1725 1213 1907 1283 θόρυ-

227 1305 332 1372 βον
351 1300 442 1354 καὶ
470 1298 611 1368 βοὴν
643 1294 717 1361 ὡς
746 1299 1030 1366 ἐλαχίστην
1061 1298 1317 1366 παρέχον,
1354 1293 1415 1349 τὸ
1447 1295 1741 1364 κράτιστον
1769 1293 1907 1350 καθ’

141 1402 196 1450 71
226 1378 458 1453 ἡσυχίαν
485 1380 607 1446 περὶ
635 1385 736 1433 τοῦ
766 1384 899 1432 πᾶσι
936 1382 1098 1447 κοινῇ
1134 1379 1508 1447 ξυμφέροντος
1544 1378 1614 1447 ἐςό
1642 1375 1909 1445 βουλεύε-

230 1471 384 1530 σθαι,
418 1459 507 1516 διὰ
535 1466 708 1515 ταῦτα
737 1458 969 1514 ἐνταῦθ’
993 1462 1193 1514 ἔδοσαν
1212 1454 1363 1527 αὐτῷ
1379 1453 1482 1527 τὴν
1500 1457 1668 1522 τάξιν.
1709 1457 1912 1521 εἰδότες

231 1542 290 1598 δὲ
311 1540 467 1610 αὐτό,
492 1539 562 1605 ὡς
591 1540 760 1610 λόγου
780 1544 881 1611 μὲν
902 1538 1030 1595 οὔτε
1050 1539 1308 1609 ξυνήσειν
1326 1541 1565 1608 ἔμελλεν,
1587 1546 1642 1593 εἴ
1652 1539 1713 1593 τέ
1726 1558 1800 1610 πῃ
1818 1539 1911 1593 καὶ

229 1622 640 1694 μεταλαμβάνοι
653 1620 802 1686 τινὸς
821 1618 1008 1682 αὐτῶν
1022 1620 1348 1691 αἰσθήσεως,
1370 1618 1473 1675 οὐκ
1492 1623 1740 1689 ἔμφυτον
1757 1618 1908 1694 αὐτῷ

230 1702 291 1760 τὸ
317 1705 502 1775 μέλειν
521 1709 691 1758 τινῶν
710 1707 884 1758 ἔσοιτο
916 1702 1116 1772 λόγων,
1149 1699 1259 1756 ὑπὸ
1293 1703 1351 1755 δὲ
1372 1699 1617 1756 εἰδώλων
1646 1702 1735 1756 καὶ
1765 1721 1911 1771 φαν-

230 1784 526 1855 τασμάτων
544 1782 743 1848 νυκτός
756 1805 813 1838 τε
832 1785 924 1838 καὶ
943 1780 1075 1853 μεθ’
1096 1780 1304 1852 ἡμέραν
1322 1782 1557 1852 μάλιστα
1576 1781 1910 1852 ψυχαγωγή-

232 1882 403 1936 σοιτο,
458 1865 636 1939 τούτῳ
677 1863 744 1936 δὴ
781 1863 916 1929 θεὸς
953 1863 1348 1935 ἐπιβουλεύσας
1383 1860 1531 1936 αὐτῷ
1568 1862 1672 1934 τὴν
1707 1862 1912 1934 ἥπατος

170 1967 203 2008 Β
232 1951 385 2005 ἰδέαν
405 1952 698 2019 ξυνέστησε
717 1950 808 2003 καὶ
837 1952 1041 2018 ἔθηκεν
1074 1951 1148 2011 εἰς
1183 1945 1285 2017 τὴν
1320 1948 1535 2002 ἐκείνου
1574 1950 1908 2015 κατοίκησιν,

232 2028 452 2086 πυκνὸν
475 2032 564 2085 καὶ
584 2036 732 2085 λεῖον
760 2032 852 2085 καὶ
881 2027 1136 2100 λαμπρὸν
1166 2029 1257 2083 καὶ
1283 2025 1463 2097 γλυκὺ
1492 2027 1584 2081 καὶ
1613 2026 1911 2096 πικρότητα

232 2115 360 2182 ἔχον
377 2113 848 2183 μηχανησάμενος,
872 2114 964 2166 ἵνα
983 2113 1043 2166 έν
1064 2107 1215 2182 αὐτῷ
1240 2115 1354 2163 τῶν
1373 2106 1758 2177 διανοημάτων
1785 2105 1819 2177 ἡ
1851 2110 1910 2162 ἐκ

233 2199 335 2246 τοῦ
353 2201 460 2247 νοῦ
479 2194 756 2265 φερομένη
788 2191 1046 2260 δύναμις,
1079 2184 1198 2244 οἷον
1223 2191 1283 2244 ἐν
1311 2187 1598 2261 κατόπτρῳ
1638 2191 1909 2261 δεχομένῳ

233 2273 444 2339 τύπους
471 2275 562 2329 καὶ
597 2277 840 2329 κατιδεῖν
871 2276 1069 2328 εἴδωλα
1099 2273 1415 2341 παρέχοντι,
1452 2275 1624 2340 φοβοῐ
1636 2269 1736 2340 μὲν
1755 2268 1911 2338 αὐτό,
1938 2304 1947 2311 ›

236 2351 403 2410 ὁπότε
439 2358 591 2425 μέρει
625 2362 722 2426 τῆς
744 2354 1070 2424 πικρότητος
1104 2354 1355 2423 χρωμένη
1386 2354 1637 2420 ξυγγενεῖ
1648 2393 1661 2418 ,
1704 2349 1911 2421 χαλεπὴ

235 2444 691 2506 προσενεχθεῖσα,
732 2434 929 2508 άπειλῇ
957 2434 1094 2490 κατὰ
1119 2441 1232 2489 πᾶν
1268 2431 1619 2504 ὑπομιγνῦσα
1649 2431 1812 2499 ὀξέως
1848 2430 1908 2488 τό

232 2538 398 2588 ηπαρ.
413 2517 629 2588 χολώδη
649 2517 908 2588 χρώματα
924 2520 1181 2587 ἐμφαίνοι
1202 2513 1519 2586 ξυνάγουσά
1531 2536 1587 2570 τε
1608 2522 1720 2570 πᾶν
1738 2513 1914 2587 ῥυσὸν

178 2611 207 2651 C
237 2600 329 2654 καὶ
348 2620 520 2669 τραχυ
549 2611 721 2667 ποιοῖ,
762 2597 933 2670 λοβὸν
966 2600 1024 2655 δε
1057 2600 1147 2653 καὶ
1174 2596 1338 2668 δοχας
1368 2598 1544 2661 πύλας
1575 2618 1632 2651 τε
1653 2618 1719 2651 τα
1740 2617 1841 2666 μεν
1859 2597 1913 2660 εξ

234 2678 419 2749 ὀρθοῦ
438 2680 903 2751 κατακάμπτουσα
923 2682 1014 2736 καὶ
1033 2685 1320 2750 ξυσπῶσα,
1351 2702 1417 2734 τα
1438 2680 1498 2734 δε
1527 2677 1912 2782 ἐμφράττουσα

234 2763 605 2831 συγκλείουσά
632 2785 706 2834 τε,
747 2763 923 2827 λύπας
947 2766 1037 2818 καὶ
1066 2763 1202 2827 ἐίσας
1221 2765 1446 2832 παρέχοι
1476 2762 1565 2815 καὶ
1596 2757 1678 2813 ὅτ’
1711 2779 1783 2811 αυ
1815 2756 1913 2812 τᾶ-

233 2850 428 2897 ναντία
449 2844 810 2914 φαντάσματα
830 2843 1222 2915 ἀποζωγραφοῑ
1249 2841 1559 2913 πραότητός
1594 2861 1673 2903 τις
1703 2842 1761 2894 ἐκ
1792 2843 1914 2893 δια-
