1962 3236
650 122 1134 172 ΠΟΛΙΤΕΙΑΣ
1164 114 1220 180 ζ’.
1673 121 1778 172 205

0 254 3 260 ¹
97 279 189 321 τος
208 252 312 312 δ’ὁ
332 254 530 326 χρόνος
548 252 622 326 μὴ
644 254 796 310 πάνυ
822 252 1006 325 ὀλίγος
1024 261 1108 327 εἴη
1128 259 1224 325 τῆς
1243 260 1561 325 συνηθείας,
1584 248 1675 324 ἆρ’
1710 254 1778 310 οὐ

95 334 295 408 γέλωτ’
315 359 387 392 αν
406 336 695 407 παράσχοι,
719 338 810 391 καὶ
837 338 1051 406 λέγοιτο
1070 357 1143 390 αν
1166 337 1291 406 περὶ
1319 332 1511 405 αὐτοῦ,
1541 332 1615 399 ὥς
1640 332 1781 390 ἀνα-

97 417 255 490 βάς”
218 440 336 473 ανω
357 415 821 487 διεφθαρμένος”
782 438 904 487 ηκει
922 414 990 472 τὰ
1011 416 1243 487 ὄμματα,
1275 418 1366 473 καὶ
1384 415 1470 472 ὅτι
1498 413 1602 472 οὐκ
1623 415 1780 482 άξιον

96 498 230 556 ουδε
253 497 612 568 πειρᾶσθαι”
573 519 693 553 ανω
714 499 879 563 ἰέναι;
911 501 1002 554 καὶ
1027 499 1127 555 τόν
1146 504 1524 571 ἐπιχειροῦντα
1545 500 1702 555 λύειν
1721 520 1779 554 τε

95 584 186 637 καὶ
218 580 466 651 ἀνάγειν,
497 588 553 635 εἰ
573 600 688 644 πως
718 582 778 634 έν
810 591 928 645 ταῖς
952 584 1104 650 χερσὶ
1135 583 1399 637 δύναιντο
1427 586 1635 653 λαβεῖν,
1670 577 1780 636 κάν

96 661 506 727 ἀποκτείνειαν;
528 661 766 731 Σφόδρα
785 658 863 730 γ’,
892 665 1015 730 ἔφη,

235 748 318 798 111.
383 743 604 813 Ταύτην
621 749 832 812 τοίνυν,
862 737 935 813 ἦν
966 740 1017 797 δ’
1054 743 1179 812 ἐγώ,
1206 742 1307 813 τὴν
1337 745 1544 815 εἰκόνα,
1580 738 1624 799 ὦ
1655 749 1780 815 φίλε

91 825 380 893 Γλαύκων,
415 826 766 895 προσαπτέον
800 823 1025 879 ἅπασαν
1056 836 1170 889 τοῖς
1195 828 1516 895 ἔμπροσθεν
1547 830 1777 896 λεγομέ-
1807 851 1841 891 Β

94 930 228 975 νοις,
246 906 350 978 τὴν
369 907 471 977 μὲν
489 905 563 961 δι’
585 904 766 971 ὅψεως
784 909 1130 976 φαινομένην
1149 907 1319 977 ἕδραν
1337 914 1405 979 τῇ
1432 914 1535 962 τοῦ
1564 911 1779 978 δεσμω-

94 996 287 1060 τηρίου
306 986 514 1060 οἰκήσει
533 985 933 1057 ἀφομοιοῦντα,
945 986 1006 1043 τὸ
1022 990 1081 1043 δὲ
1099 994 1201 1044 τοῦ
1221 986 1401 1058 πυρὸς
1419 992 1479 1043 ἐν
1497 986 1639 1061 αὐτῇ
1659 996 1779 1059 φῶς

93 1077 161 1141 τῇ
188 1077 291 1125 τοῦ
318 1068 480 1139 ἡλίου
510 1069 771 1139 δυνάμει·
826 1066 929 1138 τὴν
957 1072 1015 1124 δὲ
1045 1070 1162 1124 ἅνω
1201 1067 1478 1141 ἀνάβασιν
1509 1073 1600 1126 καὶ
1635 1072 1779 1125 θέαν

92 1158 207 1206 τῶν
242 1149 359 1205 ἄνω
398 1148 501 1220 τὴν
532 1154 608 1213 εἰς
644 1148 743 1204 τὸν
781 1149 986 1220 νοητὸν
1021 1150 1196 1206 τόπον
1229 1158 1325 1221 τῆς
1356 1158 1534 1223 ψυχῆς
1570 1151 1779 1207 ἄνοδον

92 1234 266 1296 ταθεὶς
288 1230 390 1302 οὐχ
409 1229 711 1302 ἁμαρτήσει
729 1237 825 1301 τῆς
851 1229 905 1299 γ’
931 1234 1061 1302 ἐμῆς
1093 1234 1327 1302 ἐλπίδος,
1362 1233 1546 1304 ἐπειδὴ
1577 1234 1780 1304 ταύτης

96 1319 384 1385 ἐπιθυμεῖς
413 1311 667 1368 ἀκούειν·
705 1311 839 1376 θεὸς
868 1315 934 1368 δέ
961 1335 1072 1368 που
1108 1312 1276 1383 οἶδεν,
1311 1319 1362 1369 εἰ
1385 1313 1601 1386 ἀληθὴς
1636 1309 1778 1370 οὖσα

94 1396 368 1466 τυγχάνει.
404 1393 470 1450 τά
492 1392 545 1449 δ’
571 1389 676 1450 οὖν
695 1396 810 1465 ἐμοὶ
835 1396 1142 1465 φαινόμενα
1163 1393 1308 1451 οὕτω
1330 1402 1601 1466 φαίνεται,
1623 1399 1683 1451 ἐν
1704 1403 1780 1469 τῷ

94 1483 322 1549 γνωστῷ
343 1484 626 1532 τελευταία
650 1472 684 1546 ἡ
712 1482 813 1531 τοῦ
833 1475 1059 1546 ἀγαθοῦ
1079 1478 1197 1532 ἰδέα
1218 1478 1309 1533 καὶ
1332 1476 1491 1547 μόγις
1512 1475 1775 1548 ὁρᾶσθαι,

92 1558 334 1629 ὀφθεῖσα
355 1558 414 1614 δὲ
433 1559 792 1626 συλλογιστέα
824 1557 963 1613 εἶναι
987 1555 1059 1623 ὡς
1087 1558 1193 1626 ἄρα
1225 1564 1359 1613 πᾶσι
1388 1558 1612 1613 πάντων
1632 1556 1771 1629 αὕτη
1811 1580 1842 1622 c

92 1639 288 1709 ὀρθῶν
307 1661 364 1695 τε
380 1641 472 1695 καὶ
490 1644 678 1694 καλῶν
698 1644 859 1709 αἰτία,
881 1643 942 1695 ἔν
971 1661 1028 1694 τε
1049 1638 1233 1712 ὁρατῷ
1257 1647 1376 1710 φῶς
1403 1643 1494 1696 καὶ
1519 1640 1619 1696 τὸν
1644 1639 1779 1694 τού-

92 1743 194 1777 του
226 1722 428 1790 κύριον
455 1727 711 1790 τεκοῦσα,
742 1725 802 1775 ἐν
835 1742 893 1775 τε
924 1741 1104 1793 νοητω
1134 1719 1272 1791 αὐτὴ
1304 1727 1468 1790 κυριά
1506 1719 1780 1794 ἀλήθειαν

98 1809 187 1861 καὶ
207 1811 348 1859 νοῦν
367 1806 774 1874 παρασχομένη,
795 1806 886 1859 καὶ
907 1802 991 1859 ὅτι
1013 1809 1099 1859 δεῖ
1111 1804 1322 1900 ταύτην
1352 1809 1491 1860 ἰδεῖν
1521 1806 1620 1861 τόν
1648 1809 1779 1876 μέλ-

94 1895 264 1942 λοντα
294 1885 587 1955 ἐμφρόνως
618 1885 848 1953 πράξειν
884 1881 919 1955 ἦ
955 1889 1065 1940 ἰδία
1098 1881 1133 1955 ἦ
1164 1873 1416 1959 δημοσία.
1459 1893 1780 1958 Ξυνοίομαι,

95 1973 220 2037 ἔφη,
239 1967 330 2021 καὶ
350 1964 533 2036 ἐγῶ,”
498 1988 566 2020 ον
585 1987 647 2035 γε
666 1965 733 2036 δὴ
754 1966 964 2035 τρόπον
985 1941 1242 2037 δύναμαι.
1262 1967 1373 2023 Ἴθι
1392 1976 1604 2039 τοίνυν,
1627 1962 1698 2040 ἦν
1725 1965 1778 2023 δ’

93 2047 220 2117 ἐγώ,
262 2048 354 2101 καὶ
383 2045 511 2101 τόδε
549 2045 874 2117 ξυνοιήθητι
911 2049 1001 2102 καὶ
1032 2046 1106 2118 μὴ
1151 2049 1463 2122 θαυμάσῃς,
1494 2071 1580 2104 οτι
1610 2053 1667 2105 οἱ
1691 2052 1783 2105 ε’ν-

92 2136 280 2184 ταῦθα
307 2128 569 2192 ἐλθόντες
592 2126 697 2183 οὐκ
727 2130 986 2184 ἐθέλουσι
1014 2128 1079 2184 τὰ
1109 2136 1223 2185 τῶν
1250 2130 1573 2200 ἀνθρώπων
1602 2132 1780 2202 πράτ-

94 2231 229 2279 τειν,
251 2206 373 2264 ἀλλ’
399 2207 516 2264 ἀνω
538 2208 621 2265 ἀεὶ
640 2212 949 2280 ἐπείγονται
969 2211 1156 2267 αὐτῶν
1182 2216 1244 2268 αἰ
1263 2216 1432 2284 ψυχαὶ
1452 2217 1776 2285 διατρίβειν·
1809 2242 1844 2284 1)

98 2290 247 2354 εἰκὸς
274 2288 383 2359 γάρ
403 2310 515 2345 που
550 2290 745 2359 οὕτως,
777 2299 932 2365 εἴπερ
961 2288 1036 2348 αὖ
1074 2292 1212 2349 κατὰ
1239 2293 1343 2365 τὴν
1372 2300 1781 2367 προειρημένην

98 2371 286 2426 εἰκόνα
306 2369 458 2426 τοῦτ’
482 2377 604 2442 ἔχει.
644 2371 812 2437 Εἰκὸς
828 2378 1035 2444 μέντοι,
1058 2379 1179 2447 ἔφη.
1228 2381 1298 2431 Τί
1323 2380 1410 2442 δέ;
1448 2377 1575 2433 τόδε
1607 2386 1710 2434 οἴει
1729 2399 1781 2433 τι

97 2452 446 2521 θαυμαστόν,
467 2458 518 2507 εἰ
533 2450 643 2508 ἀπὸ
664 2459 857 2552 θείων,
877 2449 950 2526 ἦν
973 2454 1027 2512 δ’
1053 2457 1179 2526 ἐγώ,
1199 2465 1459 2529 θεωριων
1478 2460 1565 2514 ἐπὶ
1592 2457 1657 2514 τά
1678 2457 1782 2514 ἀν·-

97 2534 354 2603 θροόπειά
373 2556 453 2599 τις
483 2532 672 2590 έλθών
690 2536 834 2592 κακὰ
856 2534 1157 2609 ἀσχημονεῖ
1174 2561 1232 2595 τε
1252 2541 1343 2595 καὶ
1363 2547 1616 2610 φαίνεται
1637 2539 1783 2611 σφό-

96 2620 201 2685 δρα
238 2622 448 2685 γελοῖος
482 2621 559 2671 ἔτι
600 2614 979 2688 ἀμβλυώττων
1008 2623 1099 2674 καὶ
1136 2622 1266 2687 πρὶν
1295 2623 1500 2687 [κανῶς
1530 2623 1784 2694 συνήθης

97 2700 361 2767 γενέσθαι
380 2704 456 2772 τῷ
486 2697 719 2768 παρόντι
750 2699 929 2772 σκότῳ
959 2698 1404 2772 ἀναγκαζόμενος
1433 2704 1494 2757 ἐν
1524 2706 1782 2776 δικαστη-

98 2785 236 2847 ρίοις
273 2777 309 2849 ἢ
346 2778 554 2835 ἄλλοθί
584 2801 695 2835 που
732 2780 1099 2850 ἀγωνίζεσθαι
1134 2785 1258 2852 περὶ
1286 2789 1400 2839 τῶν
1430 2790 1532 2839 τοῦ
1562 2787 1782 2841 δικαίου
