1962 3236
0 0 41 232 [U
588 171 1072 221 ΠοΛιΤΕΙΑΣ
1099 166 1162 232 βᾶ
1535 215 1557 230 ,
1644 169 1715 219 49

31 313 198 379 ἔργον
215 305 351 363 αὐτὸ
371 305 510 362 εἶναι
523 327 535 338 ·
573 315 825 360 σκοπεῖτε
844 295 964 359 οὖν.
1003 302 1330 371 ”Εσκεπται,
1368 306 1474 373 ἔφη
1495 300 1524 358 ὁ
1544 300 1716 357 Ἀδεί-

32 411 236 461 μαντος
250 410 262 421 ’
299 386 437 443 α’λλᾶ
457 383 531 458 μὴ
552 385 730 448 ἄλλως
749 390 906 440 ποίει.

176 474 259 526 XI.
296 474 552 539 Γίγνεται
577 473 796 535 τοίνυν,
832 458 904 535 ἦν
920 465 973 520 δ’
1005 463 1137 536 ἐγώ,
1175 464 1362 536 πόλις,
1394 463 1468 530 ὡς
1487 458 1713 539 ἐγῷμαι,

33 552 219 623 ἐπειδὴ
247 550 505 621 τυγχάνει
524 546 684 618 ἡμῶν
702 548 929 611 ἕκαστος
948 545 1051 602 οὐκ
1071 545 1375 619 αὐτάρκης,
1415 544 1554 602 ἀλλὰ
1574 552 1715 602 πολ-

35 642 152 691 λῶν
171 632 386 703 ἐνδεής·
423 626 462 701 ἦ
480 628 589 684 τίν’
613 637 716 684 οἰει
734 625 910 698 ἀρχὴν
928 626 1101 699 ἄλλην
1121 630 1285 684 πόλιν
1306 633 1554 696 οἰκίζειν,
1595 623 1716 683 Οὐ-

36 719 258 785 δεμίαν,
279 708 317 784 ἦ
337 710 390 767 δ’
412 710 489 776 ὃς.
548 708 712 766 Οὕτω
734 707 799 779 δὴ
822 708 930 775 ἄρα
951 711 1406 781 παραλαμβάνων
1425 709 1590 774 ἄλλος
1610 708 1713 765 ἅλ-
1749 712 1783 759 G

32 804 138 852 λον
156 793 244 851 ἐπ’
267 794 459 863 ἄλλου,
479 789 580 848 τόν
601 789 651 846 δ’
677 789 763 846 ἐπ’
790 789 964 846 ἄλλου
983 796 1164 863 χρεία,
1196 799 1418 847 πολλῶν
1442 792 1713 862 δεόμενοι,

33 874 277 941 πολλοὺς
313 880 389 939 εἰς
427 879 559 945 μίαν
597 882 816 943 οἴκησιν
853 873 1169 942 ἀγείραντες
1197 875 1508 938 κοινωνούς
1538 895 1597 928 τε
1625 874 1716 927 καὶ

34 956 300 1030 βοηθούς,
319 956 492 1027 ταύτῃ
510 962 578 1026 τῇ
598 959 844 1028 ξυνοικία
867 957 1110 1024 ἐθέμεθα
1127 955 1291 1010 πόλιν
1309 953 1502 1026 ὄνομα.
1523 948 1558 1024 ἦ
1578 955 1715 1025 γάρς

35 1041 203 1094 Πάνυ
222 1038 323 1110 μὲν
343 1032 464 1093 οὖν.
504 1040 860 1092 Μεταδίδωσι
880 1034 945 1107 δὴ
968 1035 1134 1101 ἄλλος
1153 1035 1331 1110 ἄλλῳ,
1354 1044 1405 1092 εί
1419 1059 1471 1092 τι
1493 1040 1717 1107 μεταδί-

36 1125 235 1190 δωσιν,
283 1116 322 1191 ἦ
354 1121 761 1190 μεταλαμβάνει
801 1119 1052 1189 οἰόμενος
1098 1116 1250 1192 αὐτῷ
1287 1118 1518 1189 ἄμεινον
1556 1118 1711 1174 εἶναι.

36 1203 200 1259 Πάνυ
226 1224 305 1273 γε.
342 1200 456 1257 Ἴθι
486 1201 581 1271 δή,
602 1194 675 1270 ἦν
696 1198 747 1254 δ’
771 1200 879 1269 ἐγώ
892 1242 907 1270 ,
946 1206 1022 1269 τῷ
1042 1199 1189 1272 λόγῳ
1211 1202 1263 1265 ἐξ
1284 1198 1452 1270 ἀρχῆς
1472 1207 1716 1270 ποιῶμεν

35 1283 214 1339 πόλιν.
235 1282 451 1354 ποιήσει
473 1282 531 1337 δὲ
550 1278 743 1351 αὐτήν,
773 1279 847 1346 ὥς
868 1286 1063 1351 ἔοικεν,
1085 1278 1118 1351 ἡ
1139 1279 1374 1351 ἡμετέρα
1394 1290 1561 1351 χρεία.
1585 1289 1715 1346 Πῶς

37 1364 91 1421 δ’
125 1366 219 1430 οὕς
249 1362 409 1420 Ἀλλὰ
440 1362 550 1436 μὴν
570 1363 759 1434 πρώτη
779 1385 842 1433 γε
861 1366 950 1418 καὶ
968 1368 1191 1434 μεγίστη
1211 1370 1323 1418 τῶν
1341 1370 1543 1434 χρειῶν
1566 1362 1599 1435 ἡ
1621 1372 1715 1434 τῆς
1747 1373 1781 1414 D

37 1453 246 1518 τροφῆς
274 1443 593 1517 παρασκευὴ
625 1452 728 1500 τοῦ
757 1443 903 1500 εἷναί
926 1466 983 1499 τε
1012 1447 1102 1500 καὶ
1129 1449 1227 1517 ζῇν
1256 1446 1434 1500 ἕνεκα.
1487 1446 1716 1504 Παντά-

36 1535 178 1585 πασί
203 1552 279 1600 γε.
328 1533 577 1597 Δευτέρα
598 1527 667 1599 δὴ
686 1527 965 1598 οἰκήσεως,
985 1533 1137 1599 τρίτη
1159 1527 1218 1584 δὲ
1237 1530 1471 1597 ἐσθῆτος
1491 1530 1582 1584 καὶ
1603 1535 1715 1584 τῶν

32 1611 318 1668 τοιούτων.
359 1611 511 1668 ’Ἐστι
528 1617 715 1667 ταῦτα.
774 1613 914 1679 Φέρε
934 1611 1029 1681 δή,
1048 1603 1120 1682 ἦν
1140 1609 1194 1665 δ’
1216 1610 1322 1680 ἐγώ
1336 1653 1349 1678 ,
1371 1609 1538 1683 πῶςὴ
1561 1612 1716 1676 πόλις

0 1715 5 1722 ·
33 1690 254 1760 ἀρκέσει
281 1693 367 1749 ε’πὶ
397 1692 674 1763 τοσαύτην
702 1691 1087 1762 παρασκευήν;
1127 1690 1261 1746 ἄλλο
1280 1713 1332 1746 τι
1349 1687 1596 1762 γεωργός
1613 1694 1715 1763 μὲν

34 1770 139 1846 εἷς,
180 1773 209 1830 ὁ
230 1777 289 1830 δὲ
308 1774 628 1844 οἰκοδόμος,
666 1772 832 1837 ἄλλος
853 1777 917 1829 δέ
930 1796 1011 1837 τις
1030 1771 1307 1843 ὑφάντης;
1345 1769 1382 1842 ἦ
1401 1775 1492 1828 καὶ
1512 1793 1715 1830 σκυτο-

34 1858 210 1927 τόμον
230 1854 429 1911 αὐτόσε
448 1855 847 1926 προσθήσομεν
865 1854 903 1925 ἥ
921 1853 1028 1909 τιν’
1050 1855 1223 1910 ἄλλον
1241 1861 1353 1908 τῶν
1374 1856 1497 1921 περὶ
1518 1855 1579 1910 τὰ
1601 1863 1714 1912 στὸ-

35 1963 111 2012 μα
140 1939 523 2011 θεραπευτήν;
556 1939 723 1994 Πάνυ
742 1961 818 2009 γε.
874 1945 978 2010 Είη
1000 1937 1053 1993 δ’
1076 1936 1147 1994 ἄν
1164 1939 1203 2011 ἥ
1220 1963 1282 2011 γε
1309 1940 1714 2013 ἀναγκαιοτάτη

37 2023 192 2087 πόλις
228 2024 287 2078 ἐκ
323 2020 601 2091 τεττάρων
635 2017 673 2091 ἦ
709 2023 871 2076 πέντε
912 2019 1149 2089 ἀνδρῶν.
1206 2028 1480 2078 Φαίνεται.
1542 2028 1611 2077 Τί
1643 2020 1709 2093 δὴ
1741 2032 1776 2074 Ε

38 2098 172 2170 οὖν;
210 2105 308 2159 ἕνα
337 2104 572 2159 ἕκαστον
600 2102 815 2158 τούτων
835 2102 995 2158 δεῖτὸ
1018 2101 1193 2159 αὑτοῦ
1214 2109 1380 2176 ἔργον
1402 2104 1573 2161 ἅπασι
1593 2127 1714 2160 κοι-

34 2183 141 2242 νὸν
160 2187 534 2256 κατατιθέναι,
555 2179 676 2240 οἷον
693 2185 794 2241 τὸν
811 2183 1062 2256 γεωργὸν
1082 2187 1181 2241 ἕνα
1200 2184 1334 2242 ὅντα
1356 2186 1714 2256 παρασκευά-

34 2271 146 2334 (ew
166 2273 308 2323 σιτία
326 2268 574 2339 τέτταρσι
595 2267 686 2323 καὶ
702 2266 1102 2337 τετραπλάσιον
1122 2267 1328 2339 χρόνον
1348 2291 1406 2324 τε
1427 2270 1516 2325 καὶ
1536 2269 1716 2325 πόνον

35 2346 354 2404 ἀναλίσκειν
381 2349 466 2404 ἐπὶ
496 2353 651 2403 σίτου
669 2356 1019 2422 παρασκευῇ,
1058 2350 1148 2405 καὶ
1179 2349 1366 2414 ἄλλοις
1395 2362 1712 2418 κοινωνετν;

36 2425 72 2498 ἢ
93 2426 441 2500 ἀμελήσαντα
483 2430 660 2503 ἑαυτῷ
689 2431 869 2501 μόνον
898 2434 1160 2502 τέταρτον
1186 2435 1352 2503 μέρος
1381 2445 1560 2488 ποιεῖν
1578 2433 1712 2487 τού-

37 2532 139 2566 του
157 2515 259 2564 τοῦ
277 2514 432 2565 σίτου
451 2512 513 2565 ἐν
530 2511 768 2586 τετάρτῳ
789 2515 940 2583 μέρει
958 2519 1058 2568 τοῦ
1079 2514 1304 2583 χρόνον,
1323 2511 1390 2567 τά
1414 2515 1472 2568 δὲ
1490 2522 1630 2583 τρία,
1653 2511 1714 2569 τὸ
1742 2528 1831 2576 370

35 2591 138 2662 μὲν
168 2591 255 2645 ἐπὶ
283 2595 348 2662 τῇ
376 2595 472 2660 τῆς
498 2595 672 2655 οἰκίας
701 2601 1023 2667 παρασκευῇ
1044 2599 1370 2666 διατρίβειν,
1412 2592 1472 2648 τὸ
1506 2598 1562 2648 δὲ
1585 2597 1714 2663 [μα-

0 2677 9 2716 i
33 2677 183 2742 τίου,
227 2669 287 2727 τὸ
325 2673 383 2727 δὲ
422 2669 822 2744 ὑποδημάτων,
870 2677 958 2730 καὶ
994 2677 1067 2746 μὴ
1106 2675 1294 2739 ἄλλοις
1331 2681 1712 2731 κοινωνοῦντα

0 2720 329 2824 Ῠπράγματα
361 2757 531 2824 ἔχειν,
569 2751 692 2809 ἀλλ’
725 2754 898 2811 αὐτὸν
928 2755 1002 2811 δι’
1034 2755 1206 2813 αὑτὸν
1235 2757 1300 2813 τά
1331 2755 1507 2812 αὑτοῦ
1537 2759 1713 2827 πράτ-

0 2837 303 2958 ,rumpuat
346 2833 753 2960 ὁΙᾴΑδείμαντος
792 2843 899 2910 ἔφη
935 2837 1074 2896 Ἀλλ’
1119 2848 1278 2911 ἴσως,
1318 2833 1363 2897 ὦ
1397 2839 1712 2912 Σώκρατες,

210 2927 327 2959 ιΑτο
428 2948 439 2961 .
1408 2923 1437 2967 4

0 3037 35 3080 τ.
