1962 3236
232 151 303 203 42
830 154 1306 203 ΠΛΑΤΩΝΟΣ

306 283 479 355 ἄκρας
496 289 599 358 μέν
615 307 675 342 τε
696 286 887 358 φέρειν
907 285 1186 358 βαλάνους
1198 328 1212 357 ,
1233 287 1437 357 μέσσας
1455 285 1514 341 δὲ
1533 294 1788 357 μελίσσας
1802 309 1815 322 ·

306 367 589 440 εἰροπόκοι
608 367 658 424 δ’
682 367 809 440 ὄϊες,
837 374 1034 440 φησίν,
1056 375 1280 439 μαλλοῖς
1299 373 1760 440 καταβεβρίθασι,

234 450 326 506 καὶ
344 448 486 506 ἄλλα
519 447 585 520 δὴ
607 447 784 505 πολλὰ
813 447 1000 519 ἀγαθοὶ
1020 447 1235 505 τούτων
1253 448 1486 520 ἐχόμενα
1501 474 1513 487 ·
1558 449 1913 522 παραπλήσια

235 530 295 587 δὲ
313 532 404 587 καὶ
424 529 453 587 ὁ
476 532 684 603 ἕτερος·
719 530 858 586 ὥστε
876 553 973 587 τευ
991 531 1100 602 γάρ
1121 547 1293 602 φησιν

572 610 609 683 ἢ
625 618 887 684 βασιλῆος
904 610 1214 684 ἀμύμονος,
1235 612 1364 668 ὅστε
1382 611 1626 684 θεουδὴς

305 691 550 757 εὐδικίας
564 690 804 765 ἀνέχῃσι,
829 694 1029 766 φέρῃσι
1049 693 1109 750 δὲ
1124 703 1257 765 γαῖα
1273 697 1502 765 μέλαινα

171 787 204 831 G
305 771 520 842 πυροὺς
539 775 630 829 καὶ
648 773 875 844 κριθάς,
895 779 1126 847 βρίθῃσι
1146 775 1206 831 δὲ
1225 778 1456 848 δένδρεα
1474 782 1671 849 καρπῷ
1682 817 1698 847 ,

303 858 459 926 τίκτῃ
478 853 533 910 δ’
554 858 764 926 ἔμπεδα
780 863 952 927 μῆλα,
970 858 1230 912 θάλασσα
1255 856 1315 912 δὲ
1334 860 1539 929 παρέχῃ
1559 861 1735 927 ἰχθῦς.

233 943 527 1001 Μουσαῖος
545 934 605 991 δὲ
624 936 843 993 τούτων
871 936 1243 1010 νεανικώτερα
1263 935 1483 1008 τάγαθὰ
1502 935 1642 993 καὶὸ
1664 936 1786 1002 υίὸς
1810 936 1917 992 αύ-

232 1023 333 1073 τοῦ
354 1015 502 1085 παρὰ
525 1023 683 1072 θεῶν
702 1016 918 1073 διδόασι
935 1030 1047 1084 τοῖς
1067 1023 1297 1083 δικαίοις
1310 1040 1321 1052 ·
1343 1023 1420 1084 εἰς
1435 1016 1629 1073 ’Ἅιδου
1647 1016 1754 1090 γὰρ
1776 1016 1916 1089 ἀγα-

231 1100 424 1169 γόντες
454 1104 533 1168 τῷ
567 1098 710 1171 λόγῳ
739 1099 830 1154 καὶ
866 1104 1291 1164 κατακλίναντες
1325 1100 1418 1155 καὶ
1454 1098 1767 1171 συμπόσιον
1802 1105 1915 1155 τῶν

166 1193 202 1234 D
235 1177 404 1236 ὁσίων
450 1179 962 1245 κατασκευάσαντες
1015 1183 1502 1252 ἐστεφανωμένους
1549 1187 1771 1237 ποιοῦσι
1815 1178 1915 1237 τὸν

233 1259 451 1316 ἅπαντα
470 1260 675 1330 χρόνον
693 1260 799 1331 ἤδη
821 1261 1032 1332 διάγειν
1050 1262 1366 1334 μεθύοντας
1378 1304 1393 1332 ,
1420 1260 1760 1334 ἡγησάμενοι
1779 1259 1915 1316 κάλ-

234 1349 424 1398 λιστον
459 1339 656 1412 ἀρετῆς
685 1346 895 1412 μισθὸν
925 1347 1108 1416 μέθην
1136 1343 1389 1400 αἰώνιον·
1435 1347 1491 1399 οἱ
1516 1342 1569 1399 δ’
1605 1347 1684 1399 ἔτι
1701 1341 1915 1399 τούτων

231 1424 609 1495 μακροτέρους
646 1419 1000 1479 ἀποτείνουσι
1029 1423 1270 1494 μισθούς
1307 1423 1456 1496 παρὰ
1495 1430 1679 1479 θεῶν·
1718 1427 1916 1487 παῖδας

233 1504 341 1577 γὰρ
374 1507 589 1560 παίδων
623 1506 759 1575 φασὶ
787 1507 880 1561 καὶ
917 1508 1077 1576 γένος
1111 1505 1453 1562 κατόπισθεν
1489 1511 1780 1562 λείπεσθαι
1814 1510 1918 1560 τοῦ

234 1585 395 1642 ὁσίου
417 1586 510 1642 καὶ
530 1583 786 1657 εὐόρκου.
824 1594 998 1642 ταῦτα
1030 1585 1097 1659 δὴ
1127 1588 1219 1643 καὶ
1238 1587 1378 1644 ἄλλα
1397 1593 1624 1644 τοιαῦτα
1642 1585 1916 1658 ἐγκωμιά-

237 1673 393 1734 ζουσι
422 1668 810 1739 δικαιοσύνην·
846 1667 978 1734 τούς
1003 1672 1062 1725 δὲ
1093 1669 1352 1735 ἀνοσίους
1381 1663 1455 1724 αὖ
1477 1672 1567 1725 καὶ
1589 1666 1815 1733 ἀδίκους
1842 1671 1916 1731 είς

233 1750 414 1821 πηλόν
444 1771 568 1804 τινα
597 1749 1033 1820 κατορύττουσιν
1059 1753 1120 1806 ἐν
1142 1749 1335 1806 ’Ἀιδου
1364 1753 1457 1807 καὶ
1487 1755 1729 1824 κοσκίνῳ
1758 1747 1915 1820 ὕδωρ

170 1847 205 1889 E
235 1830 607 1902 ἀναγκάζουσι
626 1834 842 1902 φέρειν,
872 1834 951 1887 ἔτι
979 1853 1038 1887 τε
1057 1837 1260 1898 ζῶντας
1279 1836 1354 1897 εἰς
1373 1830 1546 1897 κακάς
1566 1829 1726 1897 δόξας
1745 1829 1916 1901 ἄγον-

185 1912 187 1914 ’
232 1935 336 1982 τες,
355 1911 497 1984 ἅπερ
510 1911 782 1969 Γλαύκων
799 1916 921 1985 περὶ
942 1920 1055 1970 τῶν
1074 1918 1304 1970 δικαίων
1320 1916 1696 1984 δοξαζομένων
1714 1913 1774 1969 δὲ
1793 1910 1915 1967 ἀδί-

235 2016 352 2049 κων
383 1998 578 2065 διῆλθε
610 1993 967 2065 τιμωρήματα
979 2037 995 2065 ,
1031 2002 1204 2050 ταῦτα
1221 1997 1472 2066 περὶτῶν
1490 1993 1699 2049 ἀδίκων
1716 1997 1914 2063 λέγου-

233 2091 351 2160 σιν,
393 2074 530 2131 ἄλλα
560 2078 619 2130 δὲ
639 2073 742 2131 οὐκ
762 2079 996 2146 ἔχουσιν.
1038 2074 1067 2131 ὁ
1088 2075 1189 2147 μὲν
1209 2069 1313 2132 οὖν
1339 2079 1562 2140 ἔπαινος
1579 2078 1670 2131 καὶ
1690 2073 1719 2130 ὁ
1742 2074 1916 2145 ψόγος

235 2159 398 2221 οὗτος
417 2157 705 2227 ἑκατέρων.

374 2241 479 2292 VII.
517 2238 670 2307 Πρὸς
697 2241 757 2294 δὲ
774 2241 990 2303 τούτοις
1010 2241 1233 2309 σκέψαι,
1265 2233 1311 2294 03
1329 2237 1653 2310 Σώκρατες,
1686 2237 1819 2294 ἄλλο
1841 2231 1913 2292 αὖ

234 2317 378 2385 εἶδος
398 2318 582 2389 λόγων
602 2321 726 2392 περὶ
747 2318 1098 2392 δικαιοσύνης
1115 2341 1173 2375 τε
1196 2321 1288 2376 καὶ
1307 2319 1521 2384 ἀδικίας
1541 2323 1653 2391 ι’δίᾳ
1672 2341 1730 2375 τε
1749 2318 1915 2389 λεγό-

112 2413 205 2459 364
231 2421 404 2471 μενον
435 2401 527 2456 καὶ
562 2398 673 2456 ὑπὸ
712 2407 971 2472 ποιητῶν.
1017 2400 1217 2465 πάντες
1250 2398 1358 2472 γὰρ
1395 2401 1451 2465 ἐξ
1487 2399 1609 2464 ε”νός
1647 2399 1915 2471 στόματος

234 2479 527 2554 ὑμνοῦσιν,
551 2479 624 2547 ὥς
640 2482 816 2539 καλὸν
835 2484 936 2554 μὲν
958 2482 993 2554 ἡ
1012 2481 1351 2553 σωφροσύνη
1371 2502 1430 2537 τε
1456 2483 1548 2537 καὶ
1569 2482 1910 2553 δικαιοσύνη,

233 2562 476 2633 χαλεπὸν
494 2564 682 2634 μέντοι
702 2565 794 2620 καὶ
816 2566 1105 2620 ἐπίπονον·
1128 2561 1394 2619 ἀκολασία
1415 2563 1475 2620 δὲ
1493 2565 1582 2619 καὶ
1603 2561 1785 2621 ἀδικία
1802 2560 1913 2634 ἡδὺ

234 2646 336 2714 μὲν
365 2646 456 2701 καὶ
488 2642 710 2710 εὐπετὲς
737 2644 1076 2717 κτήσασθαι,
1116 2645 1247 2718 δόξῃ
1268 2647 1328 2701 δὲ
1344 2643 1524 2717 μόνον
1545 2647 1636 2701 καὶ
1654 2645 1806 2718 νόμῳ
1826 2647 1914 2698 αἰ-

236 2725 424 2795 σχρόν.
468 2729 881 2796 λυσιτελέστερα
912 2727 971 2784 δὲ
999 2733 1114 2783 τῶν
1133 2731 1363 2784 δικαίων
1381 2725 1448 2782 τὰ
1469 2725 1634 2782 ἄδικα
1653 2723 1726 2790 ὡς
1742 2725 1829 2780 ε’πὶ
1849 2723 1909 2779 τὸ

234 2811 451 2876 πλῆθος
468 2809 718 2880 λέγουσι,
759 2810 851 2865 καὶ
879 2807 1160 2881 πονηροὺς
1189 2812 1489 2872 πλουσίους
1509 2809 1598 2862 καὶ
1623 2805 1792 2871 ἄλλας
1810 2810 1913 2861 δυ·-
