1962 3236
550 198 1032 248 ΠοΛιΤΕιΑΣ
1053 189 1114 261 β’.
1601 194 1670 246 59

0 339 217 407 λέγουσι
245 331 378 400 τούς
406 332 647 398 πολλοὺς
674 333 986 404 ἐκβλητέον.
1039 332 1250 394 Ποίους
1270 327 1340 399 δή
1353 352 1368 396 ;
1404 333 1527 401 ἔφη.
1581 326 1669 384 Ἐν

0 431 104 484 τοῖς
124 422 396 490 μείζοσιν,
416 409 490 487 ἦν
509 412 562 471 δ’
583 413 697 484 ἐγώ
706 455 722 483 ,
742 412 948 484 μύθοις
965 409 1226 483 ὀψόμεθα
1245 411 1339 467 καὶ
1358 409 1489 475 τοὺς
1508 409 1669 466 ἐλάτ-

0 521 135 565 τους.
187 503 271 555 δεε
296 498 404 570 γὰρ
434 495 504 568 δὴ
533 493 635 552 τὸν
664 492 839 550 αὐτὸν
869 493 1051 550 τύπον
1068 491 1208 550 εἶναι
1228 494 1320 549 καὶ
1337 490 1545 549 ταύτὸν
1565 490 1670 547 δυ’-

0 590 202 638 νασθαι
237 580 371 646 τούς
405 599 466 635 τε
499 580 717 648 μείζους
746 575 838 631 καὶ
873 573 1006 640 τούς
1032 574 1307 641 ἐλάττους.
1345 572 1381 647 ἢ
1411 573 1516 631 οὐκ
1537 581 1666 640 οἴεις
1701 591 1734 631 D

0 656 201 735 ζῖηιωγζ
230 667 364 733 ἔφη·
395 657 521 716 ἀλλ’
552 656 656 714 οὐκ
676 659 855 713 ἐννοῶ
875 653 1007 712 οὐδὲ
1025 657 1156 722 τούς
1173 661 1390 728 μείζους
1405 661 1560 721 τίνας
1578 657 1672 712 λε’-

0 767 119 816 γεις.
162 743 279 808 Οὓς
298 740 549 806 Ἡσίοδός
574 761 632 796 τε
647 782 663 810 ,
696 738 882 810 εἷπον,
913 736 1249 812 καὶΌμηρος
1266 737 1398 811 ἡμῖν
1416 741 1671 810 ἐλεγέτην

0 830 84 885 καὶ
104 831 161 884 oc
176 827 333 883 ἄλλοι
352 829 582 896 ποιηταί.
627 815 782 879 οὗτοι
798 822 907 894 γάρ
937 841 1047 878 που
1065 822 1291 894 μύθους
1309 833 1421 888 τοῖς
1439 821 1671 893 ἀνθρώ-

0 933 117 978 ποις
134 914 356 978 ψευδεῖς
374 907 730 973 συντιθέντες
750 903 944 977 ἔλεγόν
960 926 1019 962 τε
1036 906 1130 962 καὶ
1148 907 1424 976 λέγουσιν.
1460 909 1672 971 Ποίους

0 998 89 1068 δή,
122 989 159 1066 ἦ
193 993 247 1050 δ’
269 992 361 1062 ὅς,
392 995 486 1049 καὶ
505 996 562 1048 τί
578 989 766 1047 αὐτῶν
784 989 1139 1062 μεμφόμενος
1156 990 1358 1060 λέγεις;
1375 986 1548 1055 Ὅπερ
1563 1029 1578 1058 ,
1598 980 1671 1058 ἦν

0 1076 51 1135 δ’
82 1077 191 1148 ἐγώ
206 1119 221 1146 ,
255 1074 357 1148 χρὴ
387 1077 479 1131 καὶ
513 1081 736 1145 πρῶτον
754 1076 846 1130 καὶ
863 1073 1101 1145 μάλιστα
1121 1074 1468 1144 μέμφεσθαι,
1490 1069 1672 1135 ἄλλως

0 1182 51 1218 τε
82 1162 170 1215 καὶ
198 1159 296 1215 ἐάν
327 1179 409 1223 τις
434 1156 509 1229 μὴ
538 1164 723 1223 καλῶς
754 1156 1037 1228 ψεύδηται.
1092 1162 1163 1212 Τί
1187 1162 1379 1223 τοῦτο,
1402 1153 1575 1210 Ὅταν
1593 1157 1673 1210 εί-
1702 1162 1738 1203 Ε

0 1241 130 1315 νεάζῃ
149 1264 230 1308 τις
246 1248 432 1306 κακῶς
447 1246 526 1315 τῷ
544 1239 692 1314 λόγῳ
712 1240 836 1311 περὶ
868 1245 1024 1295 θεῶν
1052 1260 1111 1294 τε
1131 1240 1223 1294 καὶ
1242 1237 1448 1310 ἡρώων
1466 1232 1576 1292 οἷοί
1592 1239 1673 1291 εί-

0 1344 83 1383 σιν
96 1368 113 1398 ,
151 1324 335 1395 ὥσπερ
364 1320 612 1395 γραφεὺς
631 1322 806 1394 μηδὲν
825 1322 1043 1378 ἐοικότα
1060 1319 1298 1392 γράφων
1317 1316 1398 1386 οἷς
1417 1316 1490 1375 ἂν
1510 1316 1673 1390 ὅμοια

0 1413 252 1480 βουληθῇ
268 1405 493 1478 γράψαι.
532 1407 643 1460 Καὶ
660 1405 767 1476 γάρ
780 1447 795 1475 ,
827 1407 960 1474 ἔφη,
982 1400 1171 1473 ὀρθῶς
1188 1406 1296 1474 ἔχει
1312 1400 1381 1458 τά
1399 1422 1463 1472 γε
1482 1405 1675 1457 τοιαῦ-

0 1511 58 1546 τα
77 1491 411 1561 μέμφεσθαι.
451 1484 590 1542 ἀλλά
620 1493 737 1552 πῶς
769 1483 836 1557 δὴ
869 1486 1103 1557 λέγομεν
1130 1484 1222 1540 καὶ
1241 1495 1399 1551 ποῖα;
1436 1489 1675 1552 Πρῶτον

0 1574 110 1643 μέν,
130 1564 204 1642 ἦν
224 1567 272 1626 δ’
289 1570 413 1640 ἐγώ,
434 1566 496 1625 τὸ
519 1570 776 1640 μέγιστον
795 1569 888 1624 καὶ
906 1567 1158 1640 περὶτῶν
1174 1571 1449 1638 μεγίστων
1470 1567 1676 1632 ψεῦδος

0 1651 23 1710 ὅ
48 1650 220 1708 εἰπών
250 1650 320 1707 οὗ
339 1658 521 1717 καλῶς
540 1650 810 1718 ἐψεύσατο
827 1693 842 1720 ,
875 1646 947 1715 ὥς
970 1647 1229 1718 Οὐρανός
1245 1670 1307 1705 τε
1326 1646 1618 1719 εἰργάσατο
1638 1643 1675 1700 ἅ

0 1750 134 1807 φησι
155 1738 353 1804 δρᾶσαι
373 1732 547 1790 αὐτὸν
560 1731 829 1803 Hemone,
851 1730 882 1789 ὅ
900 1754 958 1788 τε
978 1726 1052 1787 αὖ
1066 1731 1286 1803 Κρόνος
1307 1728 1382 1796 ὥς
1401 1727 1674 1802 ἐτιμωρή-

0 1835 127 1875 σατο
149 1814 325 1872 αὐτόν
344 1838 354 1848 ·
374 1815 440 1872 τὰ
462 1819 521 1872 δὲ
542 1814 608 1887 δὴ
628 1822 730 1871 τοῦ
749 1814 979 1887 Κρόνου
1005 1818 1139 1885 ἔργα
1156 1815 1250 1869 καὶ
1271 1813 1430 1883 πάθη
1449 1808 1559 1867 ὑπὸ
1579 1815 1681 1865 τοῦ
1701 1819 1791 1867 378

0 1902 167 1970 υίέος,
189 1896 313 1955 οὐδ’
337 1896 407 1953 ἀν
429 1903 479 1954 εί
493 1892 565 1970 ἦν
586 1897 798 1970 ἀληθῆ,
822 1896 980 1971 ᾤμην
995 1901 1111 1953 δεῖν
1131 1898 1335 1971 ῥᾳδίως
1353 1893 1501 1950 οὕτω
1520 1894 1674 1963 λέγε-
1811 1887 1819 1908 ⁵

0 1989 128 2039 σθαι
148 1977 286 2051 πρὸς
305 1977 559 2049 ἄφρονάς
582 2002 640 2035 τε
661 1981 751 2036 καὶ
769 1982 957 2050 νέους,
980 1977 1121 2035 ἀλλὰ
1141 1978 1375 2050 μάλιστα
1394 1979 1497 2049 μὲν
1517 1980 1677 2045 σιγᾶ-

0 2072 157 2133 σθαι,
183 2063 310 2118 εἰδὲ
335 2058 549 2133 ἀνάγκη
570 2084 650 2126 τις
667 2055 741 2132 ἦν
759 2064 967 2132 λέγειν,
993 2057 1069 2116 δι’
1090 2058 1423 2130 ἀπορρήτων
1448 2055 1678 2113 ἀκούειν

0 2141 69 2210 ὥς
98 2141 432 2215 ὀλιγίστους,
466 2144 824 2214 θυσαμένους
858 2141 926 2199 οὐ
947 2154 1165 2215 χοῖρον,
1197 2139 1337 2198 ἀλλά
1357 2162 1408 2196 τι
1426 2142 1566 2211 μέγα
1586 2140 1678 2194 καὶ

0 2223 212 2296 ἔπορον
229 2232 415 2297 θῦμα,
436 2223 586 2291 ὅπως
611 2225 644 2281 ὅ
662 2248 713 2281 τι
732 2228 1033 2297 ἐλαχίστοις
1053 2228 1260 2296 συνέβη
1282 2222 1535 2279 ἀκοῦσαι.
1566 2221 1678 2276 Καὶ

0 2306 135 2378 γάρ,
159 2300 199 2379 ἦ
226 2304 280 2363 δ’
305 2305 393 2377 ὅς,
430 2301 590 2364 οὗτοί
617 2329 678 2378 γε
698 2310 756 2363 οἱ
771 2307 927 2378 λόγοι
950 2311 1192 2379 χαλεποί.
1238 2306 1351 2362 Καὶ
1375 2303 1443 2360 οὐ
1466 2304 1678 2359 λεκτέοι

0 2386 71 2460 ν’,
110 2391 280 2460 ἔφην,
321 2383 721 2462 οἷἈδείμαντε,
763 2393 824 2447 ἐν
847 2396 916 2463 τῇ
944 2388 1179 2463 ἡμετέρᾳ
1199 2388 1386 2457 πόλει,
1426 2383 1559 2442 οὐδὲ
1585 2390 1679 2441 λε·-
1712 2392 1744 2433 Β

0 2471 157 2526 κτέον
176 2473 285 2545 νέῳ
304 2468 567 2528 ἀκούοντι
579 2514 594 2541 ,
616 2469 688 2538 ὡς
707 2470 916 2528 ἀδικῶν
934 2472 1001 2527 τᾶ
1021 2474 1219 2542 ἔσχατα
1244 2469 1412 2525 οὐδὲν
1436 2464 1510 2523 ἀν
1527 2475 1678 2523 θαυ-

0 2550 208 2625 μαστὸν
230 2563 383 2607 ποιοῖ
391 2594 408 2622 ,
440 2550 563 2607 οὐδ’
589 2548 662 2609 αὖ
685 2552 987 2610 ἀδικοῦντα
1014 2554 1224 2623 πατέρα
1242 2550 1491 2616 κολάζων
1513 2547 1678 2603 παντὶ

0 2633 210 2708 τρόπῳ,
239 2632 377 2690 ἀλλὰ
404 2635 554 2708 δρῴη
586 2630 659 2690 ἀν
687 2634 825 2707 ὅπερ
848 2641 1003 2691 θεῶν
1028 2638 1085 2691 οἰ
1101 2637 1316 2705 πρῶτοί
1333 2653 1392 2688 τε
1412 2633 1504 2687 καὶ
1522 2632 1679 2702 μέγν-

0 2730 131 2774 ποι.
211 2712 297 2772 Οὐ
316 2714 393 2787 μά
410 2714 509 2772 τὸν
531 2721 643 2772 Δία
657 2759 669 2783 ,
693 2710 727 2788 ἦ
746 2713 799 2772 δ’
822 2714 914 2786 ὅς,
952 2714 1084 2772 οὐδὲ
1102 2714 1256 2790 αὐτῷ
1274 2736 1370 2787 μοι
1388 2717 1545 2770 δοκεῖ
1557 2714 1679 2768 ἐπι-

0 2796 181 2870 τήδεια
200 2796 342 2855 εἶναι
360 2800 552 2870 λέγειν.
617 2797 772 2855 Ούδέ
796 2821 858 2870 γε
871 2842 886 2869 ,
925 2793 998 2870 ἦν
1031 2795 1087 2854 δ’
1130 2797 1238 2869 ἐγώ
1251 2839 1266 2867 ,
1307 2793 1370 2853 τὰ
1391 2794 1676 2867 παράπαν,

0 2874 69 2946 ὥς
92 2881 216 2936 θεοὶ
236 2886 390 2946 θεοῖς
409 2886 717 2953 πολεμοῦσί
731 2903 788 2936 τε
807 2882 895 2936 καὶ
917 2880 1341 2954 ἐπιβουλεύουσι
1358 2879 1451 2935 καὶ
1468 2877 1682 2950 μάχον-

0 3156 33 3236 ’ξ-
