1962 3236
0 0 64 34 μ’
133 0 222 18 “’.,
270 0 426 21 ⁷⁷*·'Y‘
471 0 488 12 b

5 35 34 42 ι,
87 19 132 35 '⁸

0 119 15 133 ²
35 158 95 203 ⁷⁵
376 99 378 101 ¹
672 142 1092 208 ·T1MA102.J.
1614 139 1720 192 393

37 285 118 338 ἔτι
137 284 336 351 ἔχουσα
355 285 466 335 τῶν
486 282 684 347 γενῶν,
705 271 940 345 ἰσχυρὰν
958 273 1062 344 μὲν
1079 271 1181 346 τὴν
1201 274 1513 344 ξύγκλεισιν
1533 275 1722 331 αὐτῶν

37 359 175 431 πρὸς
206 360 412 431 ἄλληλα
436 363 706 430 κέκτηται,
738 358 1052 427 ξυμπέπηγε
1076 355 1135 411 δὲ
1164 353 1193 411 ὁ
1225 361 1331 421 πᾶς
1360 353 1524 428 ὄγκος
1553 356 1722 427 αὐτῆς

38 440 322 510 ἁπαλός,
285 440 375 496 ατ’
396 444 453 496 ἐκ
471 445 682 511 μυελοῦ
709 438 812 509 μὲν
837 439 1033 492 νεωστὶ
1062 443 1371 508 γεγονυίας,
1406 440 1720 509 τεθραμμέ-
1753 453 1783 494 G

36 546 136 594 νης
158 523 263 578 δὲ’
238 545 296 578 εν
317 518 673 591 γάλακτι·τά
695 516 761 589 δὴ
791 519 1316 589 περιλαμβανόμενα
1346 521 1406 576 ἐν
1436 516 1578 591 αὐτῇ
1604 523 1722 587 τρί-

37 626 189 675 γωνα
227 606 436 668 ἔξωθεν
472 599 885 669 ἐπεισελθόντα,
921 602 975 664 ἐξ
1004 621 1085 653 ων
1110 595 1181 654 ἄν
1204 593 1240 672 ᾗ
1272 601 1339 655 τά
1363 622 1421 656 τε
1453 604 1596 656 σιτία
1633 600 1723 654 και

38 685 199 754 ποτά,
219 706 332 739 των
361 685 556 752 ἑαυτῆς
585 679 874 751 τριγώνων
904 679 1284 749 παλαιότερα’
1263 680 1400 737 όντα
1427 684 1519 737 καὶ
1550 677 1721 736 άσθε-

37 771 264 835 νέστερα
283 775 491 827 καινοῖς
512 765 790 831 ἐπικρατεῖ
813 763 1108 831 τέμνουσα,
1130 763 1221 817 καὶ
1250 763 1388 833 μέγα
1422 761 1724 833 άπεργάξε-
1808 820 1812 823 ,

37 869 124 902 ται
143 845 204 902 τὸ
224 851 364 912 ζῶον
383 846 664 914 τρέφουσα
694 844 753 897 ἐκ
785 848 1007 898 πολλῶν
1026 839 1248 912 ὁμοίων.
1288 840 1423 898 ὅταν
1456 841 1509 898 δ’
1542 840 1576 914 ἡ
1607 844 1724 911 ῥίζα

37 934 151 985 τῶν
185 925 472 997 τριγώνων
506 931 647 996 χαλᾷ
685 921 773 979 διὰ
803 922 862 979 τὸ
900 922 1142 988 πολλοὺς
1178 923 1398 993 ἀγῶνας
1434 927 1497 979 έν
1534 929 1724 996 πολλῷ

37 1010 220 1081 χρόνῳ
242 1006 378 1075 πρὸς
396 1004 572 1062 πολλὰ
591 1003 1000 1077 ἠγωνίσθαι,τά
1021 1005 1122 1075 μὲν
1142 1011 1236 1076 τῆς
1255 1011 1464 1076 τροφῆς
1485 1005 1724 1061 εἰσιόντα

39 1089 223 1146 οὐκέτι
264 1089 494 1144 δύναται
527 1090 743 1158 τέμνειν
777 1091 852 1151 εἰς
888 1083 1182 1157 ὁμοιότητα
1221 1088 1450 1157 ἑαυτοῖς,
1483 1083 1623 1141 αὐτὰ
1661 1088 1719 1141 δὲ
1749 1097 1784 1138 D

39 1169 148 1227 ὑπὸ
170 1193 281 1226 των
304 1174 512 1235 ἔξωθεν
531 1169 890 1224 ἐπεισιόντων
911 1167 1151 1233 εὐπετως
1183 1172 1493 1239 διαιρεῖται·
1533 1173 1727 1239 φθίνει

39 1251 106 1323 δὴ
129 1258 241 1306 πᾶν
269 1256 407 1317 ζωον
428 1253 488 1305 ἐν
500 1249 693 1329 οτούτω
715 1249 1114 1319 κρατούμενον,
1136 1250 1311 1319 γῆράς
1329 1271 1386 1304 τε
1407 1247 1729 1321 ὀνομάζεται

37 1332 99 1389 τό
121 1334 318 1396 πάθος.
345 1337 499 1396 τέλος
519 1335 595 1402 δέ,
617 1328 843 1386 ἐπειδᾶν
870 1335 983 1384 τῶν
1013 1331 1137 1399 περὶ
1158 1328 1254 1386 τὸν
1285 1328 1494 1400 μυελὸν
1526 1330 1728 1401 τριγώ-

42 1436 159 1470 νων
180 1418 237 1469 οί
252 1415 728 1482 ξυναρμοσθέντες
746 1412 935 1480 μηκέτι
955 1407 1220 1480 ἄντέχωσι
1251 1412 1438 1482 δεσμοὶ
1466 1417 1540 1486 τῷ
1571 1411 1726 1485 πόνω

43 1499 403 1566 διεσταμένοι,
424 1498 651 1564 μεθιᾶσι
667 1488 799 1556 τοὺς
818 1497 913 1560 τῆς
931 1497 1107 1562 ψυχῆς
1127 1513 1200 1546 αυ
1222 1490 1529 1562 δεσμούς,“
1498 1514 1532 1563 η
1556 1496 1616 1549 δὲ
1634 1499 1727 1548 λυ-

40 1587 204 1634 θεῖσα
224 1575 360 1634 nau}
385 1575 558 1646 φύσιν
577 1572 707 1645 μεθ’
730 1571 933 1643 ἡδονῆς
950 1575 1227 1638 ἐξέπτατο·
1267 1581 1380 1628 πᾶν
1398 1573 1505 1644 γάρ
1537 1572 1597 1630 τὸ
1626 1597 1729 1646 μεν

42 1662 191 1729 παρά
214 1660 388 1729 φύσιν
419 1655 695 1727 άλγεινόν,
723 1653 784 1710 τὸ
820 1653 870 1710 δ’
906 1648 943 1726 ᾗ
974 1657 1187 1725 πέφυκε
1218 1656 1554 1727 γιγνόμενον
1586 1654 1723 1728 ἡδύ·
1758 1678 1790 1717 Ε

43 1744 132 1795 καὶ
162 1742 406 1805 θάνατος
435 1738 498 1810 δὴ
533 1737 670 1794 κατὰ
699 1734 872 1792 ταύτὰ
907 1734 936 1792 ὁ
965 1736 1066 1807 μὲν
1096 1734 1231 1793 κατὰ
1266 1736 1468 1803 νόσους
1496 1741 1589 1793 καὶ
1616 1735 1724 1792 ὑπὸ

44 1822 376 1892 τραυμάτων
411 1820 741 1892 γιγνόμενος
775 1817 1033 1889 ἀλγεινὸς
1068 1821 1159 1875 καὶ
1196 1826 1390 1891 βίαιος,
1429 1820 1457 1876 ὁ
1497 1819 1556 1875 δὲ
1594 1817 1728 1890 μετὰ

44 1901 228 1973 γήρως
247 1901 348 1958 ἰῶν
368 1905 453 1958 ἐπὶ
473 1906 625 1967 τέλος
645 1900 782 1957 κατὰ
806 1901 980 1971 φύσιν
1015 1899 1372 1967 άπονιότατος
1403 1907 1516 1958 τῶν
1546 1901 1730 1957 θανά-

43 2005 157 2039 των
175 1988 259 2038 καὶ
282 1990 495 2053 μᾶλλον
513 1983 646 2054 μεθ’
668 1982 870 2055 ἡδονῆς
898 1983 1227 2054 γιγνόμενος
1252 1982 1287 2056 ἦ
1306 1985 1498 2056 λύπης.

185 2069 402 2120 XXXIX.
463 2072 512 2120 Τ
508 2064 536 2121 ὁ
572 2066 628 2121 δὲ
662 2071 775 2120 τῶν
804 2065 989 2120 νόσων
1019 2065 1163 2121 ὅθεν
1192 2071 1525 2137 ξυνίσταται,
1559 2065 1732 2137 δῆλόν

44 2167 155 2202 που
174 2149 263 2201 καὶ
283 2152 460 2202 παντί.
498 2146 775 2215 τεττάρων
792 2144 899 2215 γὰρ
920 2146 1100 2202 ὄντων
1123 2155 1319 2218 γενῶν,
1343 2150 1396 2214 ἐξ
1423 2140 1502 2203 ὦν
1520 2149 1730 2218 συμπέ-
1761 2161 1821 2204 82

44 2247 182 2299 πηγε
203 2227 263 2282 τὸ
286 2234 459 2297 σῶμα,
481 2235 580 2298 γῆς
608 2226 785 2298 πυρὸς
804 2225 1007 2293 ὕδατός
1035 2251 1093 2284 τε
1124 2233 1215 2284 καὶ
1245 2227 1422 2299 άέρος,
1456 2229 1670 2285 τούτων
1698 2224 1730 2298 ἡ

46 2308 194 2379 παρὰ
217 2308 390 2378 φύσιν
410 2312 693 2375 πλεονεξία
714 2312 803 2365 καὶ
830 2314 1011 2366 ἔνδεια
1032 2314 1121 2366 καὶ
1146 2319 1240 2383 τῆς
1259 2313 1437 2383 χώρας
1464 2312 1733 2384 μετάστα-

46 2407 129 2454 σις
150 2392 201 2455 ἐξ
221 2394 422 2455 οἰκείας
450 2387 536 2446 ἐπ’
570 2388 869 2459 άλλοτριάν
896 2396 1213 2463 γιγνομένη,
1249 2393 1425 2461 πυρός
1453 2414 1510 2447 τε
1541 2386 1614 2447 αὖ
1645 2395 1733 2448 καὶ

47 2477 160 2526 τῶν
180 2472 396 2540 ἑτέρων,
417 2469 600 2541 ἐπειδὴ
627 2476 758 2541 γένη
789 2478 1015 2527 πλείονα
1046 2473 1170 2538 ἑνὸς
1198 2473 1333 2529 ὅντα
1361 2473 1638 2543 τυγχάνει,
1670 2471 1730 2528 τὸ

45 2552 119 2622 μὴ
152 2559 437 2622 προσῆκον
461 2553 696 2607 ἕκαστον
726 2554 901 2624 ἑαυτῷ
936 2554 1387 2625 προσλαμβάνειν
1420 2556 1508 2609 καὶ
1550 2552 1728 2608 πάνθ’

46 2631 150 2687 ὅσα
181 2639 405 2687 τοιαῦτα
426 2634 640 2697 στάσεις
660 2636 747 2688 καὶ
774 2635 977 2699 νόσους
997 2637 1243 2704 παρέχει·
1264 2635 1411 2707 παρὰ
1433 2634 1606 2706 φύσιν
1625 2633 1732 2706 γὰρ

45 2713 281 2770 ἑκάστου
313 2717 646 2783 γιγνομένου
676 2716 763 2768 καὶ
801 2718 1209 2785 μεθισταμένου
1246 2722 1604 2787 θερμαίνεται
1632 2716 1732 2787 μὲν

50 2792 153 2850 ὅσα
173 2791 243 2850 (ἲν
273 2795 547 2862 πρότερον
578 2795 829 2866 ψύχηται,
855 2795 989 2867 ξηρὰ
1024 2797 1080 2852 δὲ
1110 2796 1244 2852 ὄντα
1276 2802 1350 2861 εἰς
1382 2795 1617 2867 ὕστερον
1641 2802 1727 2867 γί-
1760 2811 1789 2851 Β
