1962 3236
156 143 258 195 136
770 143 1258 192 HAATszN02

153 282 379 334 ναντιόν
399 289 584 342 ποιεῖς.
622 276 979 339 πιστεύοντος
998 275 1098 345 μὲν
1115 273 1222 346 γὰρ
1253 277 1391 346 ἐμοῦ
1420 280 1539 348 ἐμοὶ
1567 283 1768 335 εἰδέναι
1795 281 1830 337 ὁὶ

110 378 143 417 Ε
159 362 318 429 λέγω,
338 364 520 424 καλῶς
541 355 732 428 εἶχενὴ
754 361 1106 427 παραμυθία·
1147 359 1209 412 ἐν
1228 358 1336 427 γὰρ
1355 365 1647 430 φρονίμοις
1664 383 1721 416 τε
1741 364 1832 418 καὶ

153 445 333 510 φίλοις
368 441 491 509 περὶ
528 444 643 493 τῶν
679 443 952 508 μεγίστων
982 458 1040 492 τε
1065 439 1155 493 καὶ
1182 445 1361 508 φίλων
1397 436 1613 510 τάληθῆ
1650 441 1831 498 εἰδότα

155 520 336 589 λέγειν
368 517 611 590 ἀσφαλὲς
645 521 736 574 καὶ
771 522 1110 588 θαρραλέον·
1151 516 1489 575 ἀπιστοῦντα
1526 521 1585 576 δὲ
1615 524 1703 578 καὶ
1740 528 1831 592 ζη-

152 605 358 656 τοῦντα
378 599 490 671 ἅμα
510 597 640 664 τοὺς
661 600 865 669 λόγους
882 608 1178 670 ποιεῖσθαι,
1202 598 1232 654 ὂ
1254 599 1320 671 δὴ
1353 601 1455 671 ἐγώ
1494 606 1626 673 δρῶ,
1658 611 1832 675 φοβε-

34 706 122 747 451
157 682 262 751 ρόν
278 703 335 737 τε
355 683 444 736 καὶ
466 681 769 750 σφαλερόν,
790 679 862 735 οὕ
879 703 930 736 τι
949 684 1160 751 γέλωτα
1182 679 1376 751 ὀφλεῖν
1392 703 1402 712 ·
1438 683 1697 740 παιδικὸν
1724 685 1833 756 γὰρ

153 763 320 818 τοῦτό
339 782 426 832 γε·
451 760 589 817 άλλα
610 760 684 832 μὴ
715 764 941 832 σφαλεὶς
968 769 1063 833 τῆς
1091 761 1354 832 ἀληθείας
1373 763 1442 819 ού
1472 765 1648 834 μόνον
1666 765 1833 830 αὐτὸς

155 843 296 899 αλλα
317 846 408 899 καὶ
429 841 558 907 τούς
580 848 777 913 φίλους
798 844 1342 913 ξυνεπισπασάμενος
1370 850 1618 915 κείσομαι
1647 849 1767 917 περὶ
1797 844 1831 901 ἃ

152 924 347 998 ἥκιστα
395 927 482 979 δει
522 923 884 994 σφάλλεσθαι.
940 940 1239 992 προσκυνω
1280 925 1339 979 δε
1377 922 1744 996 Ἀδράστειαν,
1786 930 1829 982 ὦ

152 1007 444 1075 Γλαύκων,
465 1005 628 1075 χάριν
646 999 717 1060 οὗ
735 1005 915 1074 μέλλω
936 1007 1140 1074 λέγειν·
1184 1007 1377 1070 ἐλπίζω
1399 1004 1504 1077 γὰρ
1537 1028 1640 1062 ουν
1671 1012 1827 1063 ἔλατ-

154 1109 253 1142 τον
285 1085 576 1157 ἁμάρτημα
613 1083 887 1148 άκουσίως
922 1085 1072 1150 τινὸς
1109 1087 1285 1154 φονέα
1318 1089 1581 1155 γενέσθαι
1614 1085 1650 1157 ἢ
1687 1086 1800 1143 άπα

153 1175 330 1223 τεῶνα
351 1174 538 1222 καλῶν
562 1189 618 1222 τε
639 1168 729 1222 καὶ
749 1166 985 1236 ἀγαθῶν
1003 1168 1096 1222 καὶ
1125 1171 1393 1237 [δικαίων]
1423 1174 1672 1239 νομίμων
1692 1172 1829 1237 πέρι.

153 1257 316 1306 τοῦτο
337 1243 440 1304 οὖν
458 1247 518 1304 τὸ
540 1248 880 1318 κινδύνευμα
900 1249 1251 1303 κινδυνεύειν
1270 1252 1330 1304 ἐν
1347 1252 1566 1320 ἐχθροῖς
1583 1262 1832 1319 κρεῖττον

87 1355 119 1394 Β
153 1328 188 1402 ἢ
210 1337 406 1400 φίλοις,
438 1329 577 1384 ὥστε
597 1328 668 1383 οὔ
687 1351 752 1399 με
773 1338 1103 1400 παραμυθεϊ.
1145 1332 1235 1386 καὶ
1255 1328 1283 1385 ὁ
1305 1332 1579 1386 Γλαύκων
1597 1333 1831 1402 γελάσας

143 1409 311 1476 Ἀλλ’,
337 1404 379 1465 ὦ
399 1409 711 1481 Σώκρατες,
735 1414 857 1481 ἔφη,
879 1412 977 1467 ἐάν
1005 1434 1057 1467 τι
1087 1412 1359 1482 πάθωμεν
1387 1414 1691 1483 πλημμελὲς
1719 1411 1827 1468 ὑπὸ

153 1498 255 1548 τοῦ
288 1491 475 1562 λόγου,
509 1489 741 1561 άφίεμέν
774 1508 835 1545 σε
867 1489 1049 1561 ὥσπερ
1086 1492 1269 1562 φόνου
1297 1494 1387 1548 καὶ
1416 1492 1674 1563 καθαρὸν
1695 1492 1834 1549 εἶναι

153 1576 242 1630 καὶ
263 1573 336 1645 μὴ
358 1571 652 1628 ἀπατεῶνα
670 1570 855 1643 ἡμῶν·
878 1571 1015 1628 άλλὰ
1039 1574 1325 1673 θαρρήσας
1344 1579 1480 1644 λέγε.
1518 1573 1679 1631 Ἀλλὰ
1699 1579 1831 1644 μέν-

152 1678 254 1720 τοι,
270 1654 443 1725 εἶπον,
465 1652 716 1724 καθαρός
733 1676 795 1724 γε
813 1657 904 1709 καὶ
923 1658 1038 1710 ἐκει
1050 1653 1078 1709 ὁ
1102 1653 1348 1726 ἀφεθείς,
1363 1654 1435 1722 (ὃς
1447 1654 1475 1712 ὁ
1490 1655 1660 1726 νόμος
1671 1659 1830 1726 λέγει

154 1735 298 1801 εἰκὸς
320 1740 383 1792 δέ
396 1758 478 1807 γε,
500 1744 651 1806 εἰπερ
673 1739 796 1791 ἐκεῖ.
819 1734 1085 1791 κάνθάδε.
1128 1742 1266 1807 Λέγε
1295 1742 1504 1807 τοίνυν,
1538 1744 1659 1808 ἔφη,
1697 1739 1833 1793 τού-

157 1839 257 1874 του
292 1816 346 1887 γ’
389 1820 565 1873 ἕνεκα.
604 1821 802 1887 Λέγειν
840 1818 926 1888 δή,
967 1821 1109 1888 ἔφην
1143 1817 1269 1888 ἐγώ,
1306 1817 1407 1889 χρὴ
1444 1818 1720 1876 ἀνάπαλιν
1757 1814 1831 1875 αὖ

151 1907 277 1972 νῦν,
318 1924 351 1955 α
399 1900 522 1956 τότε
574 1908 705 1965 ἴσως
745 1905 852 1955 ἔδει
888 1903 1082 1971 ἐφεξῆς
1118 1903 1323 1970 λέγειν·
1375 1902 1511 1971 τάχα
1560 1902 1618 1957 δε
1656 1901 1831 1966 οὕτως

85 2002 117 2043 G
152 1981 223 2039 ἄν
243 1979 478 2053 ὀρθως”
448 2004 576 2052 εχοι,
598 1982 731 2053 μετὰ
753 1981 1012 2052 ἀνδρεῖον
1031 1987 1212 2051 δραμα
1232 1988 1511 2046 παντελως
1533 1986 1831 2052 διαπεραν-

152 2064 258 2120 θὲν
277 2062 337 2119 τὸ
360 2074 679 2133 γυναικεῖον
708 2067 781 2117 αὐ
812 2069 1106 2132 περαίνειν,
1139 2062 1318 2126 άλλως
1342 2084 1399 2117 τε
1427 2064 1516 2118 καὶ
1546 2064 1726 2127 ἐπειδὴ
1757 2064 1826 2119 συ

155 2145 302 2200 ούτω
321 2151 597 2213 προκαλεῖ.

265 2230 270 2237 ’
297 2229 380 2279 III.
419 2225 764 2291 Ἀνθροᾶποις
782 2225 888 2295 γὰρ
907 2232 1045 2296 φῦσι
1066 2229 1155 2280 καὶ
1183 2229 1566 2280 παιδευθεῖσιν
1586 2223 1658 2290 ὥς
1677 2226 1828 2297 ἡμεῖς

155 2306 475 2378 διήλθομεν,
498 2306 617 2361 κατ’
653 2308 788 2377 ἐμὴν
817 2308 984 2372 δόξαν
1013 2305 1116 2362 οὐκ
1146 2306 1258 2363 ἔστ’
1289 2306 1424 2377 ἄλλη
1448 2305 1591 2378 ὀρθή
1616 2313 1829 2363 παίδων

153 2410 211 2444 τε
229 2389 621 2459 καὶγυναικῶν
639 2392 825 2458 κτῆσίς
836 2410 892 2443 τε
905 2391 995 2444 καὶ
1012 2392 1164 2486 χρεία
1184 2383 1218 2458 ἦ
1236 2385 1356 2443 κατ’
1381 2390 1595 2458 ἐκείνην
1614 2386 1715 2458 τὴν
1734 2387 1830 2459 ὁρ-

153 2473 266 2541 μὴν
284 2475 483 2539 ἰοῦσιν,
503 2469 679 2539 ἥνπερ
702 2468 762 2524 τὸ
786 2490 1009 2538 πρωτον
1031 2468 1384 2567 ωρμήσαμεν·
1406 2469 1830 2540 ἐπεχειρήσαμεν

157 2553 221 2606 δέ
249 2570 363 2604 που
399 2552 471 2615 ὡς
500 2549 698 2622 ἀγέλης
727 2552 980 2621 φύλακας
1005 2573 1135 2615 τους
1163 2551 1369 2632 ἄνδρας
1395 2550 1726 2606 καθιστάναι
1751 2572 1828 2605 τω

14 2700 27 2702 „
89 2649 125 2690 D
157 2630 320 2702 λόγῳ.
367 2636 495 2686 Ναί.
540 2629 963 2702 Ἀκολουθωμεν
995 2638 1186 2687 τοίνυν
1223 2633 1313 2687 καὶ
1350 2632 1452 2702 τὴν
1486 2632 1703 2700 γένεσιν
1738 2633 1828 2685 και

154 2710 371 2781 τροφὴν
391 2720 779 2782 παραπλησίαν
798 2713 1031 2770 άποδιδό
1037 2736 1171 2783 ντες,
1190 2716 1278 2768 καὶ
1298 2730 1606 2782 σκοπωμεν,
1630 2709 1723 2765 el‘
1697 2723 1829 2781 ημῖν

158 2795 352 2858 πρέπει
368 2789 404 2862 ἢ
425 2793 508 2849 οὔ.
552 2799 708 2862 Πῶς;
739 2799 857 2865 ἔφη.
888 2788 1030 2850 Ὧδε.
1069 2793 1167 2858 τὰς
1187 2799 1412 2863 θηλείας
1432 2799 1542 2846 τῶν
1562 2793 1829 2860 φυλάκων

1940 983 1962 1103 *fimissq'
1934 838 1962 971 ‡>·=z52‘⁴f‘:
1923 739 1960 827 22¹*=··¹'‡·.
