1962 3236
665 100 1144 181 ΠΟΛΙΤΕΙΑΣ
1175 123 1231 186 ς’.
1680 123 1782 176 183

104 273 229 340 ἔφη,
257 270 468 338 έλέχθη.
522 258 703 329 Οὗτος
731 265 819 335 δή,
852 261 1027 331 εἷπον,
1057 253 1103 316 ῶ
1130 259 1429 331 θαυμάσιε,
1461 257 1699 327 ὄλεθρός
1726 270 1786 312 ’τε
1891 317 1900 324 ,

102 351 194 406 καὶ
212 347 496 420 διαφθορὰ
515 343 755 416 τοσαύτη
777 366 835 400 τε
860 346 950 399 καὶ
977 342 1204 414 τοιαύτη
1234 346 1330 413 τῆς
1357 345 1640 413 βελτίστης
1668 340 1783 410 φύ-
1816 357 1846 396 Β

102 449 243 496 σεως
262 436 339 495 εἰς
358 428 417 484 τό
437 428 663 497 ἄριστον
688 427 1038 496 ἐπιτήδευμα,
1060 422 1247 495 ὀλίγης
1265 425 1357 479 καὶ
1381 422 1564 487 ἄλλως
1593 440 1786 492 γιγνο-

107 515 290 583 μένης,
323 509 394 576 ῶς
412 510 565 581 ἡμεῖς
583 510 782 578 φαμέν.
818 509 908 562 καὶ
928 509 988 561 ἐκ
1007 506 1223 561 τούτων
1235 503 1302 576 δὴ
1319 511 1437 561 ’τῶν
1448 503 1676 573 ἀνδρῶν
1693 503 1785 558 καὶ

109 596 164 648 οἱ
176 595 243 648 τὰ
261 595 484 663 μέγιστα
502 586 647 645 κακὰ
667 587 1024 658 ἐργαζόμενοι
1049 586 1147 651 τὰς
1174 587 1362 652 πόλεις
1388 591 1675 657 γίγνονται
1693 585 1785 639 καὶ

104 677 235 740 τούς
254 674 485 741 ἰδιώτας,
505 673 595 727 καὶ
620 674 679 726 οἰ
690 668 926 740 τάγαθά,
948 667 1055 724 οἳ”
1019 691 1093 723 αν
1118 670 1290 742 ταύτῃ
1307 669 1512 740 τύχωσι
1531 670 1782 739 ῥυέντες

105 755 308 854 σμικρὰ
330 753 576 824 δὲφύσις
594 748 763 808 οὐδὲν
784 753 922 822 μέγα
951 747 1216 804 οὐδέποτε
1247 747 1451 805 οὐδένα
1480 749 1609 805 οὔτε
1633 747 1787 806 ἰδιῶ-

103 860 205 908 την
223 835 353 891 οὔτε
372 835 536 890 πόλιν
566 838 686 906 δρᾷ.
726 830 1111 904 Ἀληθέστατα,
1133 824 1170 902 ἦ
1197 829 1251 885 δ’
1281 830 1360 895 ὅς.
1403 823 1574 886 Οὗτοι
1595 830 1698 900 μὲν
1717 827 1784 899 δὴ

104 917 282 982 οὕτως
320 919 689 983 ἐκπίπτοντες,
727 910 807 979 οἷς
847 913 1078 984 μάλιστα
1123 911 1405 983 προσήκει,
1441 915 1648 983 ἔρημον
1689 911 1782 965 καὶ
1814 914 1844 956 0
1868 964 1876 969 ,

105 996 271 1068 ἀτελῆ
292 1000 631 1067 φιλοσοφίαν
650 999 928 1058 λείποντες
947 990 1111 1048 αὐτοί
1124 1013 1180 1048 τε
1199 998 1325 1064 βίον
1345 990 1414 1048 ού
1433 991 1787 1064 προσήκοντα

107 1077 232 1137 οὐδ’
261 1078 449 1149 ἀληθῆ
469 1083 616 1147 ζῶσι,
638 1076 742 1148 τὴν
764 1077 823 1133 δὲ
842 1076 1028 1146 ὥσπερ
1049 1074 1306 1147 ὀρφανὴν
1324 1079 1609 1146 ξυγγενῶν
1628 1074 1786 1130 ἄλλοι

101 1159 523 1223 ἐπεισελθόντες
549 1156 764 1223 ἀνάξιοι
794 1157 1048 1229 ᾔσχυνάν
1075 1178 1132 1212 τε
1160 1158 1254 1215 καὶ
1283 1156 1468 1228 ὀνείδη
1488 1162 1784 1228 περιῆψαν,

107 1238 195 1298 οἷα
223 1243 315 1297 καὶ
344 1239 416 1295 σύ
437 1239 547 1311 φῂς
567 1235 852 1304 ὀνειδίζειν
870 1236 1001 1302 τοὺς
1018 1237 1399 1308 ὀνειδίζοντας,
1423 1235 1494 1302 ῶς
1514 1241 1572 1292 οἱ
1583 1236 1787 1302 ξυνόν-

104 1345 192 1388 τες
209 1322 351 1393 αὐτῇ
367 1324 428 1377 οἱ
441 1324 542 1392 μὲν
564 1318 811 1389 οὐδενός,
833 1322 890 1375 oc
905 1322 963 1375 δὲ
982 1321 1175 1375 πολλοὶ
1194 1325 1418 1375 πολλῶν
1437 1325 1627 1374 κακῶν
1646 1317 1793 1383 ἄξιοί

103 1410 259 1461 εἰσιν.
298 1405 406 1459 Καὶ
425 1401 530 1472 γὰρ
552 1396 674 1471 οὖν,
695 1406 819 1473 ἔφη,
838 1403 905 1456 τά
935 1424 997 1472 γε
1025 1402 1295 1472 λεγόμενα
1314 1407 1502 1456 ταῦτα.
1543 1399 1790 1465 Εἰκότως

109 1507 189 1557 γε,
209 1480 283 1557 ἦν
303 1482 355 1540 δ’
378 1484 504 1554 ἐγώ,
525 1482 809 1581 λεγόμενα.
844 1489 1202 1554 καθορῶντες
1232 1482 1340 1554 γὰρ
1370 1480 1529 1537 ἄλλοι
1554 1478 1788 1550 ἀνθρω-

109 1574 295 1623 πίσκοι
330 1564 501 1636 κενὴν
535 1563 640 1641 τὴν
665 1585 853 1636 χωραν
882 1565 1092 1636 ταύτην
1118 1567 1471 1636 γιγνομένην,
1502 1569 1690 1618 καλῶν
1728 1565 1787 1617 δὲ

105 1646 398 1718 ὀνομάτων
411 1648 501 1702 καὶ
519 1646 923 1717 προσχημάτων
933 1648 1156 1718 μεστήν,
1175 1645 1361 1715 ῶσπερ
1373 1648 1429 1701 οἱ
1444 1647 1503 1700 ἐκ
1517 1651 1628 1743 τῶτν
1641 1647 1782 1715 εἰργ-
1817 1658 1849 1698 D

105 1735 226 1799 μῶν
254 1732 332 1793 εἰς
356 1728 423 1783 τὰ
461 1726 580 1797 ίερα
607 1725 1109 1796 ἀποδιδράσκοντες
1146 1727 1378 1798 ἅσμενοι
1408 1727 1500 1781 καὶ
1534 1717 1689 1780 οὗτοι
1728 1728 1787 1781 ἐκ

105 1817 220 1864 τῶν
238 1815 447 1879 τεχνῶν
463 1811 776 1880 ἐκπηδῶσιν
793 1815 868 1874 εἰς
886 1810 987 1880 τὴν
1008 1814 1364 1880 φιλοσοφίαν,
1397 1813 1454 1864 οἳ
1477 1804 1550 1863 ὅίν
1569 1807 1787 1878 κομψό-

107 1911 257 1945 τατοι
277 1890 434 1954 ὄντες
452 1890 761 1960 τυγχάνωσι
781 1893 903 1959 περὶ
933 1889 994 1946 τὸ
1019 1887 1207 1945 αὐτῶν
1236 1894 1467 1960 τεχνιον.
1502 1887 1651 1959 ὅμως
1677 1887 1785 1959 γὰρ

108 1970 175 2040 δή
194 1970 331 2038 πρός
351 1990 412 2038 γε
429 1968 526 2033 τὰς
544 1969 713 2034 ἄλλας
731 1974 919 2040 τέχνας
939 1975 1134 2038 καίπερ
1156 1969 1301 2025 οὕτω
1322 1968 1671 2040 πραττούσης
1689 1990 1785 2039 φι-

0 2060 1 2064 ’
104 2055 369 2120 λοσοφίας
387 2048 448 2106 τὸ
470 2048 678 2120 ἀξίωμα
707 2057 1285 2121 μεγαλοπρεπέστερον
1312 2056 1577 2106 λείπεται·
1620 2041 1690 2105 οὗ
1719 2048 1785 2120 δὴ

105 2132 380 2200 ἐφιέμενοι
400 2133 592 2187 πολλοὶ
611 2130 816 2197 ἀτελεῖς
834 2134 936 2203 μὲν
954 2133 1048 2198 τὰς
1068 2133 1282 2204 φύσεις,
1317 2129 1426 2186 ὑπὸ
1459 2132 1518 2185 δὲ
1556 2138 1668 2186 τῶν
1697 2151 1788 2186 τε-

106 2216 256 2279 χνῶν
279 2231 336 2265 τε
356 2214 446 2266 καὶ
467 2215 859 2282 δημιουργιῶν,
883 2212 1068 2283 ῶσπερ
1088 2212 1152 2269 τὰ
1180 2211 1405 2283 σώματα
1429 2211 1786 2284 λελώβηνται,

110 2288 256 2345 οὕτω
277 2293 483 2357 καὶτὰς
501 2293 679 2363 ψυχὰς
708 2298 1172 2365 ξυγκεκλασμένοι
1197 2317 1256 2350 τε
1294 2296 1386 2350 καὶ
1424 2291 1785 2365 ἀποτεθρυμ-
1822 2305 1856 2347 Ε

107 2375 262 2442 μένοι
283 2373 370 2428 δια
390 2374 485 2439 τὰς
503 2381 809 2445 βαναυσίας
827 2377 1212 2447 τυγχάνουσιν.
1240 2375 1272 2447 ἢ
1291 2375 1396 2431 οὐκ
1413 2374 1657 2447 ἀνάγκης
1679 2381 1788 2434 Και

108 2453 272 2522 μάλα,
295 2458 415 2524 ἔφη.
458 2462 658 2520 Δοκετς
687 2451 793 2511 οὖν
822 2479 888 2526 τι,
919 2451 992 2528 ἦν
1018 2457 1069 2511 δ’
1104 2458 1230 2528 ἐγώ,
1266 2458 1553 2527 διαφέρειν
1584 2455 1791 2522 αὐτοὺς

107 2537 246 2587 ἰδεῖν
274 2533 544 2604 ἀργύριον
572 2541 916 2607 κτησαμένου
945 2541 1183 2608 χαλκέως
1217 2544 1511 2609 φαλακροῦ
1545 2540 1635 2594 καὶ
1664 2556 1790 2609 σμι-

107 2621 263 2681 κροῦ,
295 2618 491 2670 νεωστὶ
519 2619 620 2685 μὲν
646 2619 704 2671 ἐκ
738 2622 955 2687 δεσμῶν
985 2621 1303 2689 λελυμένου,
1338 2621 1399 2674 έν
1428 2624 1702 2693 βαλανείω
1731 2619 1790 2675 δὲ

106 2700 457 2766 λελουμένου,
481 2698 756 2766 νεουργὸν
776 2700 993 2768 [μα’τιον
1011 2703 1245 2768 ἔχοντος,
1267 2697 1340 2764 ῶς
1360 2705 1608 2769 νυμφίου
1627 2718 1788 2772 παρε·

105 2782 502 2849 σκευασμένου,
527 2778 615 2833 διὰ
647 2785 843 2834 πενίαν
870 2781 958 2834 καὶ
990 2783 1220 2850 ἐρημίαν
1249 2786 1349 2835 τοῦ
1380 2781 1653 2836 δεσπότου
1683 2779 1788 2851 τὴν
