1962 3236
157 189 257 242 ΙΜ-ξ
728 192 731 193 ’
772 188 1247 236 ΠΛΑΤΩΝΟΣ

157 323 341 395 ἀπάτη
374 321 691 379 κινδυνεύει
721 319 853 391 ἡμῖν
890 320 1107 391 δεήσειν
1141 327 1384 390 χρῆσθαι
1413 314 1542 385 τοὺς
1573 319 1841 391 ἄρχοντας

89 424 124 466 D
156 402 245 460 ἐπ’
267 407 506 475 ωφελεία
531 408 644 457 τῶν
673 400 1009 472 ἀρχομένων.
1049 405 1262 471 ἔφαμεν
1294 403 1358 455 δέ
1378 421 1490 456 που
1519 403 1580 455 έν
1612 402 1839 471 φαρμά-

156 507 262 541 κου
282 489 413 541 εἴδει
432 485 611 539 πάντα
635 480 702 538 τά
720 490 948 538 τοιαῦτα
977 481 1214 553 χρήσιμα
1234 480 1387 537 εἶναι.
1409 483 1532 542 ςΚαὶ
1553 481 1741 553 ὀρθῶς
1758 503 1838 552 γε,

157 572 278 639 ἔφη.
316 566 404 621 Ἑν
425 576 535 630 τοῖς
553 565 747 635 γάμοις
766 570 960 620 τοίνυν
983 565 1073 620 καὶ
1094 566 1462 627 παιδοποιίαις
1481 567 1624 618 ἔοικε
1649 561 1710 617 τὸ
1741 560 1840 631 ὀρ-

157 649 272 704 θόν
303 653 468 702 τοῦτο
503 650 797 716 γίγνεσθαι
825 643 929 700 οὐκ
958 645 1254 714 ἐλάχιστον.
1288 651 1419 710 Πῶς
1449 645 1542 715 δή;
1580 652 1689 699 Δεῖ
1718 646 1837 714 μέν,

159 728 331 797 εἶπον,
352 731 413 783 ἐκ
433 733 547 781 τῶν
567 724 1010 797 ὡμολογημένων
1025 727 1156 790 τοὺς
1175 723 1434 796 ἀρίστους
1452 737 1567 790 ταῖς
1593 724 1838 794 ἀρίσταις
1922 763 1924 766 >

158 815 560 880 συγγίγνεσθαι
591 829 665 872 ως
695 806 1023 877 πλειστάκις,
1054 805 1183 871 τούς
1216 807 1275 862 δε
1311 806 1696 907 φαυλοτάτους
1723 816 1838 869 ταῖς
1924 854 1928 859 .

156 889 528 962 φαυλοτάταις
548 887 894 957 τούναντίον,
916 890 1008 943 καὶ
1029 893 1142 942 τῶν
1159 910 1261 958 μεν
1279 887 1343 942 τὰ
1365 891 1567 957 ἔκγονα
1593 890 1834 990 τρέφειν,
1919 896 1921 898 ’

89 990 122 1031 Ε
154 978 268 1027 τῶν
303 973 362 1028 δε
398 970 490 1042 μή,
527 976 574 1027 εἰ
608 973 789 1042 μέλλει
818 967 879 1024 τὸ
911 974 1170 1039 ποίμνιον
1203 967 1236 1023 3
1264 990 1315 1022 τι
1336 965 1644 1037 ἀκρότατον
1664 967 1832 1022 εἶναι·

152 1055 243 1110 καὶ
269 1059 444 1108 ταῦτα
465 1051 646 1107 πάντα
674 1050 977 1121 γιγνόμενα
996 1049 1303 1104 λανθάνειν
1322 1050 1468 1119 πλὴν
1488 1046 1690 1112 αὐτοὺς
1708 1047 1839 1113 τοὺς

152 1133 440 1205 ἄρχοντας,
462 1138 511 1189 εἰ
529 1155 602 1188 αυ
582 1126 658 1202 ςἡ
679 1130 846 1203 ἀγέλη
866 1137 981 1186 τῶν
997 1128 1269 1200 φυλάκων
1288 1128 1322 1184 3
1340 1151 1390 1184 τι
1407 1129 1642 1200 μάλιστα
1667 1127 1838 1184 ἀστα-

154 1220 376 1279 σίαστος
409 1218 572 1269 ἔσται.
610 1211 935 1284 Ὀρθότατα,
968 1216 1087 1282 ἔφη.
1137 1209 1366 1266 Οὐκοῦν
1387 1209 1453 1281 δὴ
1487 1212 1674 1281 ἑορταί
1697 1202 1838 1274 τινες
1918 1221 1927 1229 ”

154 1297 552 1367 νομοθετητέαι
584 1298 819 1364 ἔσονται,
843 1296 905 1348 ἐν
942 1289 1027 1357 αἷς
1055 1292 1360 1396 ξυνάξομεν
1387 1290 1483 1356 τάς
1519 1314 1578 1347 τε
1614 1291 1829 1361 νύμφας
1935 1351 1938 1359 y

153 1373 404 1439 καὶτοὺς
436 1381 732 1445 νυμφίους,
761 1376 850 1429 καὶ
886 1379 1083 1429 θυσίαι
1118 1374 1209 1428 καὶ
1246 1372 1413 1443 ὕμνοι
1449 1375 1690 1443 ποιητέοι
1725 1382 1838 1435 τοῖς

38 1473 128 1520 460
151 1455 435 1529 ἡμετέροις
453 1468 696 1527 ποιηταῖς
715 1458 1012 1527 πρέποντες
1030 1467 1141 1520 τοῖς
1160 1458 1506 1525 γιγνομένοις
1524 1454 1835 1524 γάμοις·τό
1919 1466 1922 1473 “

155 1537 217 1594 δε
233 1545 451 1610 πλῆθος
470 1560 585 1593 των
603 1537 799 1608 γάμων
818 1538 903 1591 ἐπὶ
921 1547 1035 1601 τοῖς
1053 1535 1284 1607 α’ρχουσι
1303 1534 1623 1607 ποιήσομεν,
1657 1531 1733 1589 ἵν’
1764 1531 1839 1597 ὠς

153 1619 388 1691 μάλιστα
407 1619 711 1685 διασώζωσι
726 1616 825 1673 τὸν
845 1615 1021 1673 αὐτὸν
1038 1615 1285 1688 ἀριθμὸν
1303 1621 1417 1671 τῶν
1436 1615 1678 1687 ἀνδρῶν,
1699 1613 1839 1684 πρὸς
1916 1661 1945 1691 '‹

154 1705 431 1772 πολέμους
463 1723 521 1757 τε
558 1701 649 1756 καὶ
676 1701 881 1764 νόσους
905 1700 996 1755 καὶ
1026 1699 1207 1754 πάντα
1236 1719 1303 1753 τα
1332 1704 1558 1753 τοιαῦτα
1587 1694 1835 1751 ἀποσκο-
1944 1691 1947 1698 ’

155 1790 408 1854 ποῦντες,
431 1785 521 1839 καὶ
544 1783 680 1855 μήτε
698 1782 907 1853 μεγάλη
928 1780 1059 1853 ἡμῖν
1086 1778 1121 1852 ἡ
1150 1780 1307 1846 πόλις
1334 1779 1471 1835 κατὰ
1498 1779 1560 1834 τὸ
1592 1776 1836 1834 δυνατὸν
1919 1817 1923 1824 -

153 1865 289 1936 μήτε
325 1863 527 1935 σμικροὶ
573 1869 838 1935 γίγνηται.
886 1863 1116 1933 Ὀρθῶς,
1156 1867 1276 1933 ἔφη.
1314 1867 1526 1932 Κλῆροι
1564 1861 1631 1931 δή
1674 1881 1834 1929 τινες,

154 1945 323 2017 οἶμαι,
344 1949 586 2017 ποιητέοι
605 1950 827 2017 κομψοί,
862 1944 1000 2000 ὥστε
1031 1943 1132 2000 τὸν
1162 1950 1384 2013 φαῦλον
1407 1946 1621 1998 ἐκεῖνον
1656 1946 1836 1997 αἰτιᾶ-

152 2035 287 2083 σθαι
307 2027 399 2098 ἐφ’
421 2027 651 2098 ἑκάστης
670 2030 974 2098 συνέρξεως
998 2027 1187 2096 τύχην,
1209 2023 1348 2079 ἀλλά
1368 2024 1440 2094 μὴ
1471 2025 1602 2087 τούς
1634 2022 1837 2093 ἄρχον-

155 2131 264 2173 τας.
293 2110 403 2164 Καὶ
422 2108 589 2179 μάλα,
613 2113 733 2178 ἔφη.

82 2208 121 2253 Β
297 2193 380 2243 ΙΧ.
418 2191 528 2243 Καὶ
546 2200 658 2252 τοῖς
678 2187 912 2257 ἀγαθοῖς
940 2191 1007 2258 γέ
1030 2206 1142 2242 που
1166 2193 1279 2242 τῶν
1311 2189 1455 2242 νέων
1484 2188 1544 2240 έν
1563 2188 1779 2257 πολέμῳ
1800 2180 1836 2254 ἢ
1930 2251 1931 2254 ¹

153 2270 361 2325 ἄλλοθί
378 2289 488 2324 που
499 2273 634 2341 γέρα
647 2272 837 2324 δοτέον
848 2271 937 2324 καὶ
950 2262 1100 2324 ἆθλα
1119 2267 1259 2324 ἄλλα
1277 2289 1336 2322 τε
1347 2269 1438 2322 καὶ
1450 2264 1838 2336 ἀφθονεστέρα

151 2349 424 2422 ἡέξουσία
453 2357 548 2422 τῆς
566 2357 680 2406 τῶν
707 2356 992 2421 γυναικῶν
1026 2350 1447 2421 ξυγκοιμήσεως,
1479 2351 1570 2403 ἵνα
1602 2349 1693 2402 καὶ
1721 2344 1834 2416 ἅμα
1922 2343 1928 2363 ⁴

151 2430 287 2503 μετὰ
306 2433 639 2504 προφάσεως
671 2431 745 2497 ὣς
776 2439 1018 2487 πλεῖστοι
1039 2437 1152 2486 τῶν
1177 2434 1393 2486 παίδων
1419 2432 1477 2485 ἐκ
1507 2434 1622 2483 τῶν
1647 2428 1805 2483 τοιού

152 2535 266 2569 των
290 2521 637 2586 σπείρωνται.
674 2511 899 2582 Ὀρθως.
952 2511 1177 2569 Οὐκοῦν
1207 2512 1299 2567 καὶ
1328 2509 1397 2566 τὰ
1422 2507 1507 2565 ἀεὶ
1533 2508 1837 2579 γιγνόμενα

153 2601 357 2667 ἔκγονα
375 2596 907 2669 παραλαμβάνουσαι
932 2618 986 2650 αι
975 2597 1091 2651 ’ἐπὶ
1110 2595 1325 2650 τούτων
1352 2594 1705 2662 ἐφεστηκυῖαι
1731 2587 1835 2690 ἀρ-
1918 2594 1946 2658 3¹

151 2680 240 2747 χαὶ
259 2686 367 2734 εἴτε
386 2676 612 2783 ἀνδρων
634 2685 739 2734 εἴτε
757 2699 1044 2747 γυναικων
1073 2684 1178 2731 εἴτε
1198 2674 1510 2746 ἀμφότερα·
1531 2671 1710 2727 κοιναὶ
1728 2691 1830 2740 μεν
1920 2734 1932 2744 „

89 2783 119 2824 c
149 2759 256 2828 γάρ
283 2780 393 2815 που
424 2762 516 2816 καὶ
535 2759 694 2831 ἀρχαὶ
713 2764 935 2829 γυναιξί
948 2781 1005 2814 τε
1026 2761 1115 2814 καὶ
1136 2758 1421 2823 ἀνδράσιν.
1458 2760 1586 2810 Ναί.
1631 2749 1711 2806 Τα
1733 2755 1834 2821 μὲν

153 2837 220 2908 δὴ
241 2847 354 2896 τῶν
385 2839 636 2911 ἀγαθῶν,
666 2846 830 2913 δοκῶ,
859 2847 1131 2912 λαβοῦσαι
1164 2846 1239 2903 εἰς
1274 2837 1374 2894 τὸν
1412 2835 1585 2908 σηκὸν
1619 2844 1834 2892 οἴσουσι
1919 2838 1926 2876 3
