1962 3236
95 177 123 222 7
384 135 386 137 ’
753 161 1121 211 ΤιΜΑιοΣ
1669 153 1774 208 325

11 315 35 372 ,ἱ
95 299 232 358 κατά
278 322 342 371 γε
377 297 514 372 ἐμὴν
560 297 727 364 δόξαν
765 291 894 351 οὔτε
926 292 1181 359 ‘Heledus
1216 289 1346 347 οὔτε
1374 287 1614 362 Ὅμηρος
1651 288 1779 346 οὔτε
1811 300 1845 341 D

11 375 27 399 ζ’
96 383 261 447 ἄλλος
279 378 461 446 οὐδεὶς
478 376 706 450 ποιητὴς
724 374 1158 474 εὐδοκιμώτερος
1177 375 1392 444 ἐγένετο
1424 370 1496 428 ἄν
1522 391 1655 428 ποτε
1675 369 1781 426 αὐ-

95 469 211 519 τοῦ.
257 468 349 527 Τίς
367 459 420 517 δ’
444 454 512 532 ἦν
530 457 559 517 6
580 459 763 529 λόγος,
789 451 823 528 ἦ
847 454 898 512 δ’
933 454 1010 526 ὅς,
1047 478 1089 511 ω
1122 458 1349 524 Κριτίας
1378 447 1448 509 Ἦ
1472 455 1598 522 περὶ
1626 458 1782 524 μεγί-

98 562 242 615 στης,
264 548 389 613 ἔφη,
418 543 510 597 καὶ
536 539 975 612 ὀνομαστοτάτης
996 545 1192 594 πασῶν
1213 532 1511 593 δικαιότατ’
1542 531 1615 591 ἄν
1634 535 1780 605 προὶ-

99 631 231 693 ξεως
253 623 442 695 οὔσης,
462 621 532 694 ἢν
550 621 647 694 ἥδε
674 620 708 693 ἡ
730 621 887 686 πόλις
907 623 1103 690 ἔπραξε
1122 622 1241 691 μέν,
1271 615 1359 674 διὰ
1390 619 1449 674 δὲ
1467 616 1673 689 χρόνον
1691 617 1783 672 καὶ

6 756 12 763 .
99 708 328 779 φθορὰν
365 712 477 761 τῶν
514 706 907 775 ἐργασαμένων
944 700 1012 757 οὐ
1043 701 1296 771 διήρκεσε
1326 703 1495 770 δεῦρο
1533 695 1562 754 ὁ
1601 697 1780 769 λόγος.

99 793 238 858 Λέγε
258 791 311 854 ἐξ
332 784 516 857 ἀρχῆς,
542 779 577 856 ἦ
606 783 659 840 δ’
691 782 770 855 ὅς,
799 789 856 839 τί
879 804 938 838 τε
966 783 1056 838 καὶ
1085 788 1200 846 πῶς
1222 782 1311 836 καὶ
1341 777 1489 849 παρὰ
1524 784 1692 835 τίνων
1710 776 1783 844 ὥς

99 871 283 942 ἀληθῆ
307 866 611 939 διακηκοώς
631 872 817 938 ἔλεγεν
845 863 874 922 6
907 863 1127 921 Σόλων.
1168 862 1321 919 ’Ἐστι
1347 884 1428 927 τις
1450 861 1571 917 κατ’
1603 868 1782 931 Λῖγυ-
1813 863 1850 905 Ε

102 974 255 1020 πτον,
276 946 312 1022 ἦ
332 949 384 1007 δ’
407 949 485 1018 ὅς,
507 952 568 1005 ἐν
587 956 661 1023 τῷ
682 953 881 1015 Δέλτα,
909 948 1032 1018 περὶ
1050 944 1081 1002 ὃ
1101 943 1238 1002 κατὰ
1263 943 1524 1016 κορυφὴν
1553 948 1784 1015 σχίζεται

101 1032 161 1089 τὰ
201 1038 301 1087 τοῦ
339 1036 549 1087 Νείλου
582 1033 789 1102 ῥεῦμα,
828 1027 1091 1093 Σαϊτικὸς
1127 1025 1558 1097 ἐπικαλούμενος
1593 1025 1783 1098 νομός,

103 1115 306 1171 τούτου
342 1114 401 1169 δὲ
437 1119 539 1168 τοῦ
577 1118 757 1182 νομοῦ
792 1117 1016 1183 μεγίστη
1048 1110 1206 1173 πόλις
1233 1107 1390 1176 Σάϊς,
1417 1106 1558 1163 ὅθεν
1587 1104 1654 1178 δὴ
1692 1107 1786 1163 καὶ

92 1196 314 1267 ’Ἄμασις
340 1189 413 1266 ἦν
437 1192 466 1249 ὁ
499 1194 760 1265 βασιλεύς
779 1215 789 1224 ·
825 1189 905 1257 οἷς
927 1199 1023 1262 τῆς
1049 1191 1259 1254 πόλεως
1285 1188 1418 1253 θεὸς
1446 1186 1682 1259 ἀρχηγός
1705 1192 1787 1254 τίς
1881 1259 1891 1267 -

102 1281 266 1347 ἐστιν,
286 1277 609 1347 Αἰγυπτιστὶ
638 1274 739 1346 μὲν
760 1273 1007 1343 τοῦνομα
1029 1276 1205 1342 Νηΐθ,
1230 1268 1535 1340 Ἑλληνιστὶ
1563 1272 1640 1340 δέ,
1662 1268 1735 1335 ὥς
1755 1266 1784 1324 ὁ

102 1362 328 1414 ἐκείνων
355 1357 536 1427 λόγος,
570 1356 807 1426 Ἀθηνᾶ·
856 1353 1003 1425 μα’λα
1041 1355 1100 1408 δὲ
1137 1350 1503 1423 φιλαθήναιοι
1535 1355 1633 1406 καί
1665 1372 1788 1405 τινα

103 1439 312 1507 τρόπον
333 1443 522 1494 οἰκεῖοι
538 1434 706 1493 τῶνδ’
739 1434 882 1491 εἶναι’
905 1450 1093 1506 φασιν.
1132 1429 1186 1489 οἶ
1212 1431 1278 1504 δὴ
1310 1431 1514 1488 Σόλων
1545 1436 1652 1502 ἔφη
1686 1450 1789 1486 πο-

105 1522 325 1588 ρευθεὶς
341 1521 561 1591 σφόδρα
581 1542 639 1576 τε
668 1521 931 1590 γενέσθαι
959 1515 1091 1587 παρ’
1124 1515 1309 1580 αὐτοῖς
1338 1519 1572 1585 ἔντιμος,
1601 1516 1692 1571 καὶ
1721 1511 1788 1586 δὴ

105 1605 194 1657 καὶ
224 1601 290 1656 τὰ
321 1600 522 1657 παλαιὰ
560 1599 855 1670 ἀνερωταῖν
878 1596 1010 1663 τούς
1042 1597 1277 1668 μάλιστα
1308 1599 1433 1666 περὶ
1463 1600 1636 1651 ταῦτα
1670 1602 1783 1651 τῶν
1811 1604 1869 1648 22

105 1686 300 1751 ἱερέων
318 1685 609 1754 ἐμπείρους
634 1679 832 1752 σχεδὸν
853 1679 981 1737 οὔτε
1002 1677 1178 1734 αὑτὸν
1210 1675 1337 1733 οὔτε
1358 1675 1530 1732 ἄλλον
1545 1675 1787 1748 Ἕλληνα

106 1765 309 1821 οὐδένα
341 1762 506 1819 οὐδὲν
535 1761 608 1828 ὥς
638 1768 768 1828 ἔπος
798 1766 970 1818 εἰπεῖν
999 1760 1182 1816 εἰδότα
1212 1760 1336 1828 περὶ
1365 1764 1478 1814 τῶν
1515 1758 1787 1814 τοιούτων

107 1845 377 1916 ἀνευρεῖν.
432 1851 530 1901 καί
548 1865 679 1900 ποτε
717 1854 1054 1914 προαγαγεῖν
1091 1841 1391 1914 βουληθεὶς
1427 1838 1632 1905 αὐτούς
1661 1841 1788 1910 περὶ

106 1935 218 1983 τῶν
247 1927 490 1997 α’ρχαίων
513 1932 588 1992 εἰς
619 1926 822 1996 λόγους
847 1931 960 1981 τῶν
989 1927 1117 1996 τῇδε
1151 1922 1216 1978 τὰ
1247 1921 1576 1994 ἀρχαιότατα
1609 1923 1789 1993 λέγειν

106 2013 412 2079 ἐπιχειρεῖν,
436 2011 559 2077 περὶ
579 2011 885 2077 Φορωνέως
905 2028 962 2062 τε
992 2014 1094 2062 τοῦ
1124 2005 1349 2075 πρώτου
1379 2007 1671 2075 λεχθέντος
1697 2003 1790 2058 καὶ

106 2091 336 2162 Νιόβης,
358 2091 447 2144 καὶ
464 2085 598 2159 μετὰ
618 2087 717 2144 τὸν
735 2085 1126 2159 κατακλυσμὸν
1155 2080 1228 2142 αὖ
1256 2088 1379 2157 περὶ
1399 2090 1790 2150 Δευκαλίωνος

107 2175 197 2227 καὶ
233 2170 460 2242 Πύρρας
485 2167 556 2235 ὡς
581 2172 890 2240 διεγένοντο
928 2175 1285 2241 μυθολογεῖν,
1319 2169 1408 2223 καὶ
1442 2166 1573 2232 τοὺς
1601 2168 1655 2232 ἐξ
1684 2164 1789 2221 αὖ·
1818 2174 1850 2216 Β

106 2257 218 2307 τῶν
241 2258 608 2322 γενεαλογεῖν,
629 2253 720 2308 καὶ
746 2251 813 2308 τὰ
837 2258 951 2308 τῶν
970 2253 1110 2307 ἐτῶν
1137 2248 1239 2306 ὅσα
1269 2243 1341 2320 ἦν
1370 2245 1451 2315 οἷς
1486 2252 1637 2320 ἔλεγε
1669 2267 1790 2304 πει-

110 2338 318 2400 ρᾶσθαι
336 2332 793 2403 διαμνημονεύων
821 2331 952 2398 τούς
975 2331 1211 2403 χρόνους
1231 2328 1516 2402 ἀριθμεῖν·
1554 2335 1650 2386 καί
1668 2352 1790 2386 τινα

110 2417 283 2468 εἰπεῖν
301 2417 416 2467 ταῖν
443 2414 635 2481 ἱερέων
658 2406 722 2468 εὖ
752 2413 899 2483 μάλα
928 2411 1188 2468 παλαιόν·
1220 2405 1284 2465 Ὠ
1314 2411 1537 2482 Σόλων,
1569 2411 1790 2481 Σόλων,

96 2490 351 2563 Ἕλληνες
370 2492 455 2548 ἀεὶ
473 2496 660 2558 παῖδές
678 2495 813 2563 ἐστε,
835 2495 1016 2564 γέρων
1035 2490 1300 2563 δὲ”Ελλην
1318 2489 1423 2547 οὐκ
1442 2495 1604 2547 ἔστιν.
1625 2490 1791 2547 οἱκού-

110 2590 208 2639 σας
228 2567 350 2643 οὖν,
373 2580 527 2639 Imm
564 2578 620 2629 τί
631 2580 795 2629 τοῦτο
817 2577 1015 2645 λε’γεις;
1045 2573 1236 2644 φάναι.
1276 2574 1413 2628 Νέοι
1442 2574 1579 2644 ἐστέ,
1601 2576 1790 2644 εἰπεῖν,

107 2655 204 2722 τὰς
225 2655 400 2727 ψυχὰς
419 2656 644 2721 πάντες·
684 2654 948 2727 οὐδεμίαν
966 2656 1071 2726 γὰρ
1096 2657 1157 2712 ἐν
1187 2652 1376 2720 αύταΐς
1410 2658 1553 2726 ἔχετε
1582 2652 1658 2711 δι’
1688 2652 1792 2724 ἆρ-

109 2744 270 2811 χαίαν
289 2737 465 2810 ἀκοὴν
494 2737 736 2794 παλαιὰν
768 2739 937 2806 δόξαν
966 2735 1097 2794 οὐδὲ
1124 2736 1358 2808 μα’θημα
1387 2737 1571 2812 χρόνῳ
1591 2733 1790 2794 πολιόν

110 2818 290 2877 οὐδέν.
325 2818 386 2877 τὸ
410 2823 469 2876 δὲ
491 2822 706 2876 τούτων
724 2827 903 2877 αἴτιον
921 2822 1062 2877 τόδε.
1105 2820 1300 2875 πολλαὶ
1328 2820 1420 2875 καὶ
1450 2817 1585 2874 κατὰ
1609 2815 1786 2874 πολλὰ
1822 2833 1855 2878 0
