<?xml version="1.0" encoding="UTF-8"?>
<!DOCTYPE html PUBLIC "-//W3C//DTD XHTML 1.0 Transitional//EN"
    "http://www.w3.org/TR/xhtml1/DTD/xhtml1-transitional.dtd">
<html xmlns="http://www.w3.org/1999/xhtml" xml:lang="en" lang="en">
 <head>
  <title>
</title>
<meta http-equiv="Content-Type" content="text/html;charset=utf-8" />
  <meta name='ocr-system' content='tesseract 3.04.00' />
  <meta name='ocr-capabilities' content='ocr_page ocr_carea ocr_par ocr_line ocrx_word'/>
</head>
<body>
  <div class='ocr_page' id='page_1' title='image "./dialogisecumdumt04platuoft_0393.png"; bbox 0 0 1962 3236; ppageno 0'>
   <div class='ocr_carea' id='block_1_1' title="bbox 0 0 1088 133">
    <p class='ocr_par' dir='ltr' id='par_1_1' title="bbox 0 0 1088 97">
     <span class='ocr_line' id='line_1_1' title="bbox 0 0 1088 97; baseline -0.049 -7"><span class='ocrx_word' id='word_1_1' title='bbox 0 0 367 97; x_wconf 36' lang='lat' dir='ltr'><strong><em>&amp;fir-1⁸³³:</em></strong></span> <span class='ocrx_word' id='word_1_2' title='bbox 501 0 854 37; x_wconf 45' lang='lat' dir='ltr'><strong><em>{=³=2›-²-÷‘:ssss⁴·12</em></strong></span> <span class='ocrx_word' id='word_1_3' title='bbox 903 0 919 19; x_wconf 49' lang='grc'><strong><em>·’</em></strong></span> <span class='ocrx_word' id='word_1_4' title='bbox 1012 0 1088 25; x_wconf 47' lang='grc' dir='ltr'>ἴ</span> 
     </span>
     <span class='ocr_line' id='line_1_2' title="bbox 130 27 970 58; baseline 0.001 -19"><span class='ocrx_word' id='word_1_5' title='bbox 130 34 187 54; x_wconf 63' lang='lat' dir='ltr'><strong><em>&#39;.-e</em></strong></span> <span class='ocrx_word' id='word_1_6' title='bbox 206 43 214 46; x_wconf 59' lang='grc'>-</span> <span class='ocrx_word' id='word_1_7' title='bbox 239 51 243 53; x_wconf 21' lang='grc' dir='ltr'>λ</span> <span class='ocrx_word' id='word_1_8' title='bbox 334 30 338 35; x_wconf 73' lang='grc'><strong>.</strong></span> <span class='ocrx_word' id='word_1_9' title='bbox 363 38 372 43; x_wconf 60' lang='grc'><em>·</em></span> <span class='ocrx_word' id='word_1_10' title='bbox 422 53 427 58; x_wconf 88' lang='lat'>.</span> <span class='ocrx_word' id='word_1_11' title='bbox 480 39 482 41; x_wconf 69' lang='lat'>‚</span> <span class='ocrx_word' id='word_1_12' title='bbox 534 52 538 53; x_wconf 27' lang='lat'><em>⁷</em></span> <span class='ocrx_word' id='word_1_13' title='bbox 575 35 599 53; x_wconf 51' lang='lat' dir='ltr'><strong><em>,s</em></strong></span> <span class='ocrx_word' id='word_1_14' title='bbox 652 36 662 43; x_wconf 67' lang='grc'>,</span> <span class='ocrx_word' id='word_1_15' title='bbox 721 34 725 38; x_wconf 79' lang='grc'><em>,</em></span> <span class='ocrx_word' id='word_1_16' title='bbox 751 39 757 50; x_wconf 34' lang='lat'><strong><em>,-</em></strong></span> <span class='ocrx_word' id='word_1_17' title='bbox 947 27 970 47; x_wconf 41' lang='grc' dir='ltr'><strong><em>ᾖ,</em></strong></span> 
     </span>
    </p>

    <p class='ocr_par' dir='ltr' id='par_1_2' title="bbox 0 87 72 118">
     <span class='ocr_line' id='line_1_3' title="bbox 0 87 72 118; baseline -0.014 -7"><span class='ocrx_word' id='word_1_18' title='bbox 0 104 13 112; x_wconf 57' lang='lat' dir='ltr'><strong><em>n«</em></strong></span> <span class='ocrx_word' id='word_1_19' title='bbox 33 87 46 118; x_wconf 34' lang='grc' dir='ltr'><strong><em>’ν</em></strong></span> <span class='ocrx_word' id='word_1_20' title='bbox 59 102 72 110; x_wconf 59' lang='lat'><em>2</em></span> 
     </span>
    </p>

    <p class='ocr_par' dir='ltr' id='par_1_3' title="bbox 1 122 49 133">
     <span class='ocr_line' id='line_1_4' title="bbox 1 122 49 133; baseline 0 -9"><span class='ocrx_word' id='word_1_21' title='bbox 1 125 15 133; x_wconf 71' lang='lat'><em>,</em></span> <span class='ocrx_word' id='word_1_22' title='bbox 44 122 49 124; x_wconf 11' lang='grc' dir='ltr'><strong><em>μ</em></strong></span> 
     </span>
    </p>
   </div>
   <div class='ocr_carea' id='block_1_2' title="bbox 101 211 1791 272">
    <p class='ocr_par' dir='ltr' id='par_1_4' title="bbox 101 211 1791 272">
     <span class='ocr_line' id='line_1_5' title="bbox 101 211 1791 272; baseline 0.001 -9"><span class='ocrx_word' id='word_1_23' title='bbox 101 226 159 272; x_wconf 73' lang='grc'><strong><em>39</em></strong></span> <span class='ocrx_word' id='word_1_24' title='bbox 774 214 1158 264; x_wconf 85' lang='grc' dir='ltr'><strong><em>ΤΙΜΑΙΟΣ.</em></strong></span> <span class='ocrx_word' id='word_1_25' title='bbox 1686 211 1791 264; x_wconf 86' lang='grc'><strong><em>357</em></strong></span> 
     </span>
    </p>
   </div>
   <div class='ocr_carea' id='block_1_3' title="bbox 10 345 1874 2951">
    <p class='ocr_par' dir='ltr' id='par_1_5' title="bbox 102 345 1794 586">
     <span class='ocr_line' id='line_1_6' title="bbox 102 345 1794 422; baseline -0.004 -14"><span class='ocrx_word' id='word_1_26' title='bbox 102 351 244 408; x_wconf 71' lang='grc' dir='ltr'><strong><em>ἄλλα</em></strong></span> <span class='ocrx_word' id='word_1_27' title='bbox 268 350 358 407; x_wconf 74' lang='grc' dir='ltr'><strong><em>διὰ</em></strong></span> <span class='ocrx_word' id='word_1_28' title='bbox 379 357 483 407; x_wconf 84' lang='grc' dir='ltr'><strong><em>τοῦ</em></strong></span> <span class='ocrx_word' id='word_1_29' title='bbox 510 350 763 422; x_wconf 71' lang='grc' dir='ltr'><strong><em>σώματος</em></strong></span> <span class='ocrx_word' id='word_1_30' title='bbox 791 346 1201 418; x_wconf 81' lang='grc' dir='ltr'><strong><em>αἰσθανόμεθα,</em></strong></span> <span class='ocrx_word' id='word_1_31' title='bbox 1223 345 1371 418; x_wconf 89' lang='grc' dir='ltr'><strong><em>μόνα</em></strong></span> <span class='ocrx_word' id='word_1_32' title='bbox 1389 348 1500 403; x_wconf 81' lang='grc' dir='ltr'><strong><em>ἐστὶ</em></strong></span> <span class='ocrx_word' id='word_1_33' title='bbox 1527 347 1794 418; x_wconf 79' lang='grc' dir='ltr'><strong><em>τοιαύτην</em></strong></span> 
     </span>
     <span class='ocr_line' id='line_1_7' title="bbox 102 426 1793 504; baseline -0.004 -14"><span class='ocrx_word' id='word_1_34' title='bbox 102 439 294 504; x_wconf 80' lang='grc' dir='ltr'><strong><em>ἔχοντα</em></strong></span> <span class='ocrx_word' id='word_1_35' title='bbox 323 432 615 504; x_wconf 81' lang='grc' dir='ltr'><strong><em>ἀλήθειαν,</em></strong></span> <span class='ocrx_word' id='word_1_36' title='bbox 646 432 791 487; x_wconf 87' lang='grc' dir='ltr'><strong><em>αλλα</em></strong></span> <span class='ocrx_word' id='word_1_37' title='bbox 822 431 883 486; x_wconf 77' lang='grc' dir='ltr'><strong><em>δὲ</em></strong></span> <span class='ocrx_word' id='word_1_38' title='bbox 911 426 1016 485; x_wconf 80' lang='grc' dir='ltr'><strong><em>οὐκ</em></strong></span> <span class='ocrx_word' id='word_1_39' title='bbox 1047 433 1162 485; x_wconf 83' lang='grc' dir='ltr'><strong><em>ἔστι</em></strong></span> <span class='ocrx_word' id='word_1_40' title='bbox 1193 449 1340 499; x_wconf 79' lang='grc' dir='ltr'><strong><em>παρα</em></strong></span> <span class='ocrx_word' id='word_1_41' title='bbox 1367 433 1540 484; x_wconf 85' lang='grc' dir='ltr'><strong><em>ταῦτα</em></strong></span> <span class='ocrx_word' id='word_1_42' title='bbox 1575 426 1793 501; x_wconf 80' lang='grc' dir='ltr'><strong><em>οὐδαμῇ</em></strong></span> 
     </span>
     <span class='ocr_line' id='line_1_8' title="bbox 103 507 1793 586; baseline -0.004 -16"><span class='ocrx_word' id='word_1_43' title='bbox 103 515 378 586; x_wconf 75' lang='grc' dir='ltr'><strong><em>οὐδαμῶς,</em></strong></span> <span class='ocrx_word' id='word_1_44' title='bbox 406 511 544 569; x_wconf 78' lang='grc' dir='ltr'><strong><em>ἀλλὰ</em></strong></span> <span class='ocrx_word' id='word_1_45' title='bbox 564 512 743 584; x_wconf 81' lang='grc' dir='ltr'><strong><em>μάτην</em></strong></span> <span class='ocrx_word' id='word_1_46' title='bbox 763 509 1021 566; x_wconf 84' lang='grc' dir='ltr'><strong><em>έκαστοτε</em></strong></span> <span class='ocrx_word' id='word_1_47' title='bbox 1041 507 1187 564; x_wconf 86' lang='grc' dir='ltr'><strong><em>εἷναί</em></strong></span> <span class='ocrx_word' id='word_1_48' title='bbox 1204 514 1261 564; x_wconf 91' lang='grc' dir='ltr'><strong><em>τί</em></strong></span> <span class='ocrx_word' id='word_1_49' title='bbox 1275 530 1462 581; x_wconf 87' lang='grc' dir='ltr'><strong><em>φαμεν</em></strong></span> <span class='ocrx_word' id='word_1_50' title='bbox 1489 507 1690 574; x_wconf 83' lang='grc' dir='ltr'><strong><em>εἶδος</em></strong></span> <span class='ocrx_word' id='word_1_51' title='bbox 1662 510 1793 565; x_wconf 77' lang='grc' dir='ltr'><strong><em>εκά-</em></strong></span> 
     </span>
    </p>

    <p class='ocr_par' dir='ltr' id='par_1_6' title="bbox 10 585 1874 2951">
     <span class='ocr_line' id='line_1_9' title="bbox 10 585 1790 667; baseline -0.003 -14"><span class='ocrx_word' id='word_1_52' title='bbox 10 634 15 637; x_wconf 96' lang='grc'>-</span> <span class='ocrx_word' id='word_1_53' title='bbox 101 616 239 653; x_wconf 90' lang='grc' dir='ltr'><strong><em>στου</em></strong></span> <span class='ocrx_word' id='word_1_54' title='bbox 257 595 479 667; x_wconf 85' lang='grc' dir='ltr'><strong><em>νοητόν,</em></strong></span> <span class='ocrx_word' id='word_1_55' title='bbox 499 594 561 650; x_wconf 85' lang='grc' dir='ltr'><strong><em>τό</em></strong></span> <span class='ocrx_word' id='word_1_56' title='bbox 583 594 641 650; x_wconf 79' lang='grc' dir='ltr'><strong><em>δὲ</em></strong></span> <span class='ocrx_word' id='word_1_57' title='bbox 659 590 883 648; x_wconf 79' lang='grc' dir='ltr'><strong><em>οὐδὲν”</em></strong></span> <span class='ocrx_word' id='word_1_58' title='bbox 847 589 940 659; x_wconf 79' lang='grc' dir='ltr'><strong><em>αρ’</em></strong></span> <span class='ocrx_word' id='word_1_59' title='bbox 967 585 1039 662; x_wconf 85' lang='grc' dir='ltr'><strong><em>ἦν</em></strong></span> <span class='ocrx_word' id='word_1_60' title='bbox 1057 589 1204 662; x_wconf 85' lang='grc' dir='ltr'><strong><em>πλὴν</em></strong></span> <span class='ocrx_word' id='word_1_61' title='bbox 1223 591 1413 662; x_wconf 80' lang='grc' dir='ltr'><em>λόγος·</em></span> <span class='ocrx_word' id='word_1_62' title='bbox 1400 634 1414 659; x_wconf 92' lang='grc'><strong><em>,</em></strong></span> <span class='ocrx_word' id='word_1_63' title='bbox 1442 590 1572 648; x_wconf 77' lang='grc' dir='ltr'><strong><em>οὔτε</em></strong></span> <span class='ocrx_word' id='word_1_64' title='bbox 1597 585 1704 648; x_wconf 80' lang='grc' dir='ltr'><strong><em>οὖν</em></strong></span> <span class='ocrx_word' id='word_1_65' title='bbox 1723 590 1790 663; x_wconf 84' lang='grc' dir='ltr'><strong><em>δὴ</em></strong></span> 
     </span>
     <span class='ocr_line' id='line_1_10' title="bbox 102 670 1794 747; baseline -0.003 -14"><span class='ocrx_word' id='word_1_66' title='bbox 102 677 163 734; x_wconf 85' lang='grc' dir='ltr'><strong><em>τὸ</em></strong></span> <span class='ocrx_word' id='word_1_67' title='bbox 185 676 371 747; x_wconf 79' lang='grc' dir='ltr'><strong><em>παρὸν</em></strong></span> <span class='ocrx_word' id='word_1_68' title='bbox 388 697 618 745; x_wconf 81' lang='grc' dir='ltr'><strong><em>ακριτον</em></strong></span> <span class='ocrx_word' id='word_1_69' title='bbox 639 675 730 730; x_wconf 87' lang='grc' dir='ltr'><strong><em>καὶ</em></strong></span> <span class='ocrx_word' id='word_1_70' title='bbox 749 670 1049 728; x_wconf 69' lang='grc' dir='ltr'><strong><em>ἀδίκαστον</em></strong></span> <span class='ocrx_word' id='word_1_71' title='bbox 1071 671 1283 742; x_wconf 86' lang='grc' dir='ltr'><strong><em>α’φέντα</em></strong></span> <span class='ocrx_word' id='word_1_72' title='bbox 1315 672 1473 739; x_wconf 75' lang='grc' dir='ltr'><strong><em>ἄξιον</em></strong></span> <span class='ocrx_word' id='word_1_73' title='bbox 1501 694 1679 743; x_wconf 87' lang='grc' dir='ltr'><strong><em>φαναι</em></strong></span> <span class='ocrx_word' id='word_1_74' title='bbox 1708 675 1794 728; x_wconf 90' lang='grc' dir='ltr'><strong><em>δι-</em></strong></span> 
     </span>
     <span class='ocr_line' id='line_1_11' title="bbox 100 752 1793 830; baseline -0.003 -15"><span class='ocrx_word' id='word_1_75' title='bbox 100 759 514 830; x_wconf 78' lang='grc' dir='ltr'><strong><em>ισχυριζόμενον</em></strong></span> <span class='ocrx_word' id='word_1_76' title='bbox 539 762 683 827; x_wconf 87' lang='grc' dir='ltr'><strong><em>ἔχειν</em></strong></span> <span class='ocrx_word' id='word_1_77' title='bbox 713 755 908 826; x_wconf 82' lang='grc' dir='ltr'><strong><em>οὕτως,</em></strong></span> <span class='ocrx_word' id='word_1_78' title='bbox 942 752 1068 809; x_wconf 79' lang='grc' dir='ltr'><strong><em>οὔτ’</em></strong></span> <span class='ocrx_word' id='word_1_79' title='bbox 1100 755 1186 810; x_wconf 82' lang='grc' dir='ltr'><strong><em>ἐπὶ</em></strong></span> <span class='ocrx_word' id='word_1_80' title='bbox 1202 755 1377 824; x_wconf 89' lang='grc' dir='ltr'><strong><em>λόγου</em></strong></span> <span class='ocrx_word' id='word_1_81' title='bbox 1395 754 1559 825; x_wconf 86' lang='grc' dir='ltr'><strong><em>μήκει</em></strong></span> <span class='ocrx_word' id='word_1_82' title='bbox 1582 774 1793 825; x_wconf 77' lang='grc' dir='ltr'><strong><em>παρερ-</em></strong></span> 
     </span>
     <span class='ocr_line' id='line_1_12' title="bbox 98 833 1860 911; baseline -0.004 -16"><span class='ocrx_word' id='word_1_83' title='bbox 98 862 202 910; x_wconf 88' lang='grc' dir='ltr'><strong><em>γον</em></strong></span> <span class='ocrx_word' id='word_1_84' title='bbox 221 840 357 896; x_wconf 78' lang='grc' dir='ltr'><strong><em>ἄλλο</em></strong></span> <span class='ocrx_word' id='word_1_85' title='bbox 378 845 551 911; x_wconf 85' lang='grc' dir='ltr'><strong><em>μῆκος</em></strong></span> <span class='ocrx_word' id='word_1_86' title='bbox 570 838 941 908; x_wconf 80' lang='grc' dir='ltr'><strong><em>ἐπεμβλητέον</em></strong></span> <span class='ocrx_word' id='word_1_87' title='bbox 956 857 967 865; x_wconf 90' lang='grc'><em>·</em></span> <span class='ocrx_word' id='word_1_88' title='bbox 1003 841 1054 891; x_wconf 84' lang='grc' dir='ltr'><strong><em>εί</em></strong></span> <span class='ocrx_word' id='word_1_89' title='bbox 1077 839 1142 891; x_wconf 88' lang='grc' dir='ltr'><strong><em>δέ</em></strong></span> <span class='ocrx_word' id='word_1_90' title='bbox 1164 858 1244 901; x_wconf 92' lang='grc' dir='ltr'><strong><em>τις</em></strong></span> <span class='ocrx_word' id='word_1_91' title='bbox 1264 835 1399 905; x_wconf 81' lang='grc' dir='ltr'><strong><em>ὅρος</em></strong></span> <span class='ocrx_word' id='word_1_92' title='bbox 1426 833 1674 906; x_wconf 80' lang='grc' dir='ltr'><strong><em>ὁρισθεὶς</em></strong></span> <span class='ocrx_word' id='word_1_93' title='bbox 1694 838 1793 907; x_wconf 87' lang='grc' dir='ltr'><strong><em>μέ-</em></strong></span> <span class='ocrx_word' id='word_1_94' title='bbox 1825 846 1860 888; x_wconf 91' lang='lat' dir='ltr'>D</span> 
     </span>
     <span class='ocr_line' id='line_1_13' title="bbox 96 916 1790 993; baseline -0.002 -16"><span class='ocrx_word' id='word_1_95' title='bbox 96 944 198 993; x_wconf 91' lang='grc' dir='ltr'><strong><em>γας</em></strong></span> <span class='ocrx_word' id='word_1_96' title='bbox 234 921 326 978; x_wconf 79' lang='grc' dir='ltr'><strong><em>διὰ</em></strong></span> <span class='ocrx_word' id='word_1_97' title='bbox 367 923 619 993; x_wconf 81' lang='grc' dir='ltr'><strong><em>βραχέων</em></strong></span> <span class='ocrx_word' id='word_1_98' title='bbox 655 926 875 990; x_wconf 84' lang='grc' dir='ltr'><strong><em>φανείη,</em></strong></span> <span class='ocrx_word' id='word_1_99' title='bbox 904 924 1069 973; x_wconf 86' lang='grc' dir='ltr'><strong><em>τοῦτο</em></strong></span> <span class='ocrx_word' id='word_1_100' title='bbox 1107 916 1327 989; x_wconf 81' lang='grc' dir='ltr'><strong><em>μάλιστ’</em></strong></span> <span class='ocrx_word' id='word_1_101' title='bbox 1361 917 1790 988; x_wconf 78' lang='grc' dir='ltr'><strong><em>ἐγκαιριοότατον</em></strong></span> 
     </span>
     <span class='ocr_line' id='line_1_14' title="bbox 99 995 1797 1072; baseline -0.002 -13"><span class='ocrx_word' id='word_1_102' title='bbox 99 1001 298 1068; x_wconf 85' lang='grc' dir='ltr'><strong><em>γένοιτ’</em></strong></span> <span class='ocrx_word' id='word_1_103' title='bbox 323 1002 409 1057; x_wconf 79' lang='grc' dir='ltr'><strong><em>ι’ἱν.</em></strong></span> <span class='ocrx_word' id='word_1_104' title='bbox 435 996 542 1057; x_wconf 74' lang='grc' dir='ltr'><strong><em>ὦδε</em></strong></span> <span class='ocrx_word' id='word_1_105' title='bbox 567 995 674 1057; x_wconf 81' lang='grc' dir='ltr'><strong><em>οὖν</em></strong></span> <span class='ocrx_word' id='word_1_106' title='bbox 691 1003 793 1072; x_wconf 87' lang='grc' dir='ltr'><strong><em>τήν</em></strong></span> <span class='ocrx_word' id='word_1_107' title='bbox 812 998 870 1072; x_wconf 84' lang='grc' dir='ltr'><strong><em>γ’</em></strong></span> <span class='ocrx_word' id='word_1_108' title='bbox 894 998 1032 1071; x_wconf 80' lang='grc' dir='ltr'><strong><em>ἐμὴν</em></strong></span> <span class='ocrx_word' id='word_1_109' title='bbox 1062 999 1229 1064; x_wconf 82' lang='grc' dir='ltr'><strong><em>αὐτὸς</em></strong></span> <span class='ocrx_word' id='word_1_110' title='bbox 1248 1005 1473 1070; x_wconf 83' lang='grc' dir='ltr'><strong><em>τίθεμαι</em></strong></span> <span class='ocrx_word' id='word_1_111' title='bbox 1491 1004 1712 1071; x_wconf 83' lang='grc' dir='ltr'><strong><em>ψῆφον·</em></strong></span> <span class='ocrx_word' id='word_1_112' title='bbox 1746 1004 1797 1056; x_wconf 85' lang='grc' dir='ltr'><strong><em>εί</em></strong></span> 
     </span>
     <span class='ocr_line' id='line_1_15' title="bbox 98 1081 1874 1156; baseline -0.002 -15"><span class='ocrx_word' id='word_1_113' title='bbox 98 1088 200 1156; x_wconf 77' lang='grc' dir='ltr'><strong><em>μὲν</em></strong></span> <span class='ocrx_word' id='word_1_114' title='bbox 221 1092 354 1149; x_wconf 84' lang='grc' dir='ltr'><strong><em>νοῦς</em></strong></span> <span class='ocrx_word' id='word_1_115' title='bbox 373 1087 462 1140; x_wconf 84' lang='grc' dir='ltr'><strong><em>καὶ</em></strong></span> <span class='ocrx_word' id='word_1_116' title='bbox 484 1083 615 1149; x_wconf 77' lang='grc' dir='ltr'><strong><em>δόξα</em></strong></span> <span class='ocrx_word' id='word_1_117' title='bbox 634 1081 852 1153; x_wconf 81' lang='grc' dir='ltr'><strong><em>α’ληθής</em></strong></span> <span class='ocrx_word' id='word_1_118' title='bbox 868 1084 1031 1138; x_wconf 84' lang='grc' dir='ltr'><strong><em>ἐστον</em></strong></span> <span class='ocrx_word' id='word_1_119' title='bbox 1050 1082 1153 1137; x_wconf 86' lang='grc' dir='ltr'><strong><em>δύο</em></strong></span> <span class='ocrx_word' id='word_1_120' title='bbox 1175 1085 1327 1153; x_wconf 90' lang='grc' dir='ltr'><strong><em>γένη,</em></strong></span> <span class='ocrx_word' id='word_1_121' title='bbox 1349 1082 1704 1137; x_wconf 81' lang='grc' dir='ltr'><strong><em>παντάπασιν</em></strong></span> <span class='ocrx_word' id='word_1_122' title='bbox 1723 1081 1790 1137; x_wconf 84' lang='grc' dir='ltr'><strong><em>εἷ·</em></strong></span> <span class='ocrx_word' id='word_1_123' title='bbox 1871 1116 1874 1118; x_wconf 87' lang='grc'>-</span> 
     </span>
     <span class='ocr_line' id='line_1_16' title="bbox 99 1160 1792 1234; baseline 0 -15"><span class='ocrx_word' id='word_1_124' title='bbox 99 1188 190 1220; x_wconf 91' lang='grc' dir='ltr'><strong><em>ναι</em></strong></span> <span class='ocrx_word' id='word_1_125' title='bbox 208 1162 342 1221; x_wconf 87' lang='grc' dir='ltr'><strong><em>καθ’</em></strong></span> <span class='ocrx_word' id='word_1_126' title='bbox 362 1163 504 1218; x_wconf 81' lang='grc' dir='ltr'><strong><em>αὑτοὶ</em></strong></span> <span class='ocrx_word' id='word_1_127' title='bbox 525 1170 714 1234; x_wconf 86' lang='grc' dir='ltr'><strong><em>ταῦτα,</em></strong></span> <span class='ocrx_word' id='word_1_128' title='bbox 729 1162 1041 1234; x_wconf 75' lang='grc' dir='ltr'><strong><em>ἀναίσθητα</em></strong></span> <span class='ocrx_word' id='word_1_129' title='bbox 1058 1161 1162 1233; x_wconf 81' lang='grc' dir='ltr'><strong><em>ὑφ’</em></strong></span> <span class='ocrx_word' id='word_1_130' title='bbox 1180 1160 1340 1233; x_wconf 72' lang='grc' dir='ltr'><strong><em>ἡμῶν</em></strong></span> <span class='ocrx_word' id='word_1_131' title='bbox 1360 1166 1496 1233; x_wconf 74' lang='grc' dir='ltr'><strong><em>εἴδη,</em></strong></span> <span class='ocrx_word' id='word_1_132' title='bbox 1510 1162 1792 1234; x_wconf 83' lang='grc' dir='ltr'><strong><em>νοούμενα</em></strong></span> 
     </span>
     <span class='ocr_line' id='line_1_17' title="bbox 96 1241 1792 1316; baseline -0.001 -15"><span class='ocrx_word' id='word_1_133' title='bbox 96 1246 300 1316; x_wconf 89' lang='grc' dir='ltr'><strong><em>μόνον·</em></strong></span> <span class='ocrx_word' id='word_1_134' title='bbox 341 1249 393 1299; x_wconf 80' lang='grc' dir='ltr'><strong><em>εἰ</em></strong></span> <span class='ocrx_word' id='word_1_135' title='bbox 413 1242 492 1312; x_wconf 80' lang='grc' dir='ltr'><strong><em>δ’,</em></strong></span> <span class='ocrx_word' id='word_1_136' title='bbox 517 1242 591 1307; x_wconf 73' lang='grc' dir='ltr'><strong><em>ὥς</em></strong></span> <span class='ocrx_word' id='word_1_137' title='bbox 610 1260 717 1298; x_wconf 89' lang='grc' dir='ltr'><strong><em>τισι</em></strong></span> <span class='ocrx_word' id='word_1_138' title='bbox 743 1249 1016 1313; x_wconf 85' lang='grc' dir='ltr'><strong><em>φαίνεται,</em></strong></span> <span class='ocrx_word' id='word_1_139' title='bbox 1050 1244 1182 1309; x_wconf 82' lang='grc' dir='ltr'><strong><em>δόξα</em></strong></span> <span class='ocrx_word' id='word_1_140' title='bbox 1212 1241 1429 1314; x_wconf 74' lang='grc' dir='ltr'><strong><em>ἀληθὴς</em></strong></span> <span class='ocrx_word' id='word_1_141' title='bbox 1459 1250 1566 1299; x_wconf 84' lang='grc' dir='ltr'><strong><em>νοῦ</em></strong></span> <span class='ocrx_word' id='word_1_142' title='bbox 1596 1247 1792 1315; x_wconf 86' lang='grc' dir='ltr'><strong><em>διαφέ-</em></strong></span> 
     </span>
     <span class='ocr_line' id='line_1_18' title="bbox 97 1318 1792 1397; baseline -0.001 -16"><span class='ocrx_word' id='word_1_143' title='bbox 97 1348 180 1397; x_wconf 76' lang='grc' dir='ltr'><strong><em>ρει</em></strong></span> <span class='ocrx_word' id='word_1_144' title='bbox 199 1325 260 1381; x_wconf 85' lang='grc' dir='ltr'><strong><em>τὸ</em></strong></span> <span class='ocrx_word' id='word_1_145' title='bbox 282 1328 472 1397; x_wconf 85' lang='grc' dir='ltr'><strong><em>μηδέν,</em></strong></span> <span class='ocrx_word' id='word_1_146' title='bbox 504 1322 683 1379; x_wconf 81' lang='grc' dir='ltr'><strong><em>πάνθ’</em></strong></span> <span class='ocrx_word' id='word_1_147' title='bbox 705 1321 866 1380; x_wconf 88' lang='grc' dir='ltr'><strong><em>ὁπόσ’</em></strong></span> <span class='ocrx_word' id='word_1_148' title='bbox 892 1318 965 1379; x_wconf 82' lang='grc' dir='ltr'><strong><em>αὖ</em></strong></span> <span class='ocrx_word' id='word_1_149' title='bbox 986 1325 1075 1378; x_wconf 79' lang='grc' dir='ltr'><strong><em>διὰ</em></strong></span> <span class='ocrx_word' id='word_1_150' title='bbox 1102 1331 1205 1378; x_wconf 86' lang='grc' dir='ltr'><strong><em>τοῦ</em></strong></span> <span class='ocrx_word' id='word_1_151' title='bbox 1235 1324 1487 1394; x_wconf 79' lang='grc' dir='ltr'><strong><em>σώματος</em></strong></span> <span class='ocrx_word' id='word_1_152' title='bbox 1516 1325 1792 1380; x_wconf 87' lang='grc' dir='ltr'><strong><em>αἰσθανό-</em></strong></span> 
     </span>
     <span class='ocr_line' id='line_1_19' title="bbox 96 1404 1852 1479; baseline 0.001 -16"><span class='ocrx_word' id='word_1_153' title='bbox 96 1416 260 1478; x_wconf 89' lang='grc' dir='ltr'><strong><em>μεθα,</em></strong></span> <span class='ocrx_word' id='word_1_154' title='bbox 298 1410 496 1463; x_wconf 83' lang='grc' dir='ltr'><strong><em>θετέον</em></strong></span> <span class='ocrx_word' id='word_1_155' title='bbox 532 1406 877 1479; x_wconf 87' lang='grc' dir='ltr'><strong><em>βεβαιότατα,</em></strong></span> <span class='ocrx_word' id='word_1_156' title='bbox 917 1407 1020 1462; x_wconf 85' lang='grc' dir='ltr'><strong><em>δύο</em></strong></span> <span class='ocrx_word' id='word_1_157' title='bbox 1061 1404 1127 1477; x_wconf 83' lang='grc' dir='ltr'><strong><em>δὴ</em></strong></span> <span class='ocrx_word' id='word_1_158' title='bbox 1161 1408 1384 1461; x_wconf 77' lang='grc' dir='ltr'><strong><em>λεκτέον</em></strong></span> <span class='ocrx_word' id='word_1_159' title='bbox 1412 1408 1624 1476; x_wconf 82' lang='grc' dir='ltr'><strong><em>ἐκείνω,</em></strong></span> <span class='ocrx_word' id='word_1_160' title='bbox 1646 1405 1785 1463; x_wconf 85' lang='grc' dir='ltr'><strong><em>διότι</em></strong></span> <span class='ocrx_word' id='word_1_161' title='bbox 1818 1423 1852 1465; x_wconf 86' lang='grc' dir='ltr'><strong>Ε</strong></span> 
     </span>
     <span class='ocr_line' id='line_1_20' title="bbox 98 1485 1791 1560; baseline -0.001 -16"><span class='ocrx_word' id='word_1_162' title='bbox 98 1491 260 1560; x_wconf 80' lang='grc' dir='ltr'><strong><em>χωρὶς</em></strong></span> <span class='ocrx_word' id='word_1_163' title='bbox 287 1489 591 1558; x_wconf 76' lang='grc' dir='ltr'><strong><em>γεγόνατον</em></strong></span> <span class='ocrx_word' id='word_1_164' title='bbox 623 1485 898 1559; x_wconf 73' lang='grc' dir='ltr'><strong><em>ἀνομοίως</em></strong></span> <span class='ocrx_word' id='word_1_165' title='bbox 916 1510 973 1543; x_wconf 92' lang='grc' dir='ltr'><strong><em>τε</em></strong></span> <span class='ocrx_word' id='word_1_166' title='bbox 995 1492 1196 1558; x_wconf 84' lang='grc' dir='ltr'><strong><em>ἔχετον.</em></strong></span> <span class='ocrx_word' id='word_1_167' title='bbox 1236 1487 1298 1544; x_wconf 82' lang='grc' dir='ltr'><strong><em>τὸ</em></strong></span> <span class='ocrx_word' id='word_1_168' title='bbox 1329 1487 1431 1559; x_wconf 76' lang='grc' dir='ltr'><strong><em>μὲν</em></strong></span> <span class='ocrx_word' id='word_1_169' title='bbox 1462 1486 1571 1559; x_wconf 79' lang='grc' dir='ltr'><strong><em>γὰρ</em></strong></span> <span class='ocrx_word' id='word_1_170' title='bbox 1604 1487 1791 1544; x_wconf 75' lang='grc' dir='ltr'><strong><em>αὐτῶν</em></strong></span> 
     </span>
     <span class='ocr_line' id='line_1_21' title="bbox 97 1567 1788 1642; baseline -0.001 -17"><span class='ocrx_word' id='word_1_171' title='bbox 97 1571 187 1626; x_wconf 74' lang='grc' dir='ltr'><strong><em>διὰ</em></strong></span> <span class='ocrx_word' id='word_1_172' title='bbox 216 1574 457 1641; x_wconf 83' lang='grc' dir='ltr'><strong><em>διδαχῆς,</em></strong></span> <span class='ocrx_word' id='word_1_173' title='bbox 482 1570 543 1624; x_wconf 88' lang='grc' dir='ltr'><strong><em>τὸ</em></strong></span> <span class='ocrx_word' id='word_1_174' title='bbox 575 1568 626 1624; x_wconf 90' lang='grc' dir='ltr'><strong><em>δ’</em></strong></span> <span class='ocrx_word' id='word_1_175' title='bbox 660 1567 771 1625; x_wconf 83' lang='grc' dir='ltr'><strong><em>ὑπὸ</em></strong></span> <span class='ocrx_word' id='word_1_176' title='bbox 803 1577 1038 1635; x_wconf 80' lang='grc' dir='ltr'><strong><em>πειθοῦς</em></strong></span> <span class='ocrx_word' id='word_1_177' title='bbox 1066 1568 1201 1642; x_wconf 78' lang='grc' dir='ltr'><strong><em>ἡμῖν</em></strong></span> <span class='ocrx_word' id='word_1_178' title='bbox 1229 1572 1563 1640; x_wconf 83' lang='grc' dir='ltr'><strong><em>ἐγγίγνεται·</em></strong></span> <span class='ocrx_word' id='word_1_179' title='bbox 1608 1572 1700 1626; x_wconf 90' lang='grc' dir='ltr'><strong><em>καὶ</em></strong></span> <span class='ocrx_word' id='word_1_180' title='bbox 1727 1567 1788 1625; x_wconf 89' lang='grc' dir='ltr'>τό</span> 
     </span>
     <span class='ocr_line' id='line_1_22' title="bbox 98 1648 1791 1723; baseline 0 -16"><span class='ocrx_word' id='word_1_181' title='bbox 98 1653 200 1721; x_wconf 78' lang='grc' dir='ltr'><strong><em>μὲν</em></strong></span> <span class='ocrx_word' id='word_1_182' title='bbox 226 1649 310 1706; x_wconf 82' lang='grc' dir='ltr'><strong><em>ἀεὶ</em></strong></span> <span class='ocrx_word' id='word_1_183' title='bbox 338 1648 455 1721; x_wconf 85' lang='grc' dir='ltr'><strong><em>μετ’</em></strong></span> <span class='ocrx_word' id='word_1_184' title='bbox 491 1648 744 1722; x_wconf 87' lang='grc' dir='ltr'><strong><em>α’ληθοῦς</em></strong></span> <span class='ocrx_word' id='word_1_185' title='bbox 775 1650 964 1722; x_wconf 90' lang='grc' dir='ltr'><strong><em>λόγου,</em></strong></span> <span class='ocrx_word' id='word_1_186' title='bbox 997 1650 1058 1707; x_wconf 86' lang='grc' dir='ltr'><strong><em>τὸ</em></strong></span> <span class='ocrx_word' id='word_1_187' title='bbox 1098 1650 1157 1706; x_wconf 71' lang='grc' dir='ltr'><strong><em>δὲ</em></strong></span> <span class='ocrx_word' id='word_1_188' title='bbox 1196 1650 1431 1722; x_wconf 74' lang='grc' dir='ltr'><strong><em>ἄλογον·</em></strong></span> <span class='ocrx_word' id='word_1_189' title='bbox 1471 1654 1563 1707; x_wconf 85' lang='grc' dir='ltr'><strong><em>καὶ</em></strong></span> <span class='ocrx_word' id='word_1_190' title='bbox 1591 1649 1653 1706; x_wconf 87' lang='grc' dir='ltr'><strong><em>τό</em></strong></span> <span class='ocrx_word' id='word_1_191' title='bbox 1689 1650 1791 1723; x_wconf 76' lang='grc' dir='ltr'><strong><em>μὲν</em></strong></span> 
     </span>
     <span class='ocr_line' id='line_1_23' title="bbox 96 1731 1788 1804; baseline 0.001 -17"><span class='ocrx_word' id='word_1_192' title='bbox 96 1731 362 1804; x_wconf 81' lang='grc' dir='ltr'><strong><em>ἀκίνητον</em></strong></span> <span class='ocrx_word' id='word_1_193' title='bbox 379 1740 584 1800; x_wconf 77' lang='grc' dir='ltr'><strong><em>πειθοῖ,</em></strong></span> <span class='ocrx_word' id='word_1_194' title='bbox 614 1731 675 1787; x_wconf 88' lang='grc' dir='ltr'>τὸ</span> <span class='ocrx_word' id='word_1_195' title='bbox 708 1733 769 1788; x_wconf 78' lang='grc' dir='ltr'><strong><em>δὲ</em></strong></span> <span class='ocrx_word' id='word_1_196' title='bbox 795 1733 1182 1802; x_wconf 88' lang='grc' dir='ltr'><strong><em>μεταπειστόν·</em></strong></span> <span class='ocrx_word' id='word_1_197' title='bbox 1221 1734 1311 1788; x_wconf 84' lang='grc' dir='ltr'><strong><em>καὶ</em></strong></span> <span class='ocrx_word' id='word_1_198' title='bbox 1341 1739 1445 1788; x_wconf 85' lang='grc' dir='ltr'><strong><em>τοῦ</em></strong></span> <span class='ocrx_word' id='word_1_199' title='bbox 1474 1732 1577 1803; x_wconf 81' lang='grc' dir='ltr'><strong><em>μὲν</em></strong></span> <span class='ocrx_word' id='word_1_200' title='bbox 1606 1734 1788 1788; x_wconf 79' lang='grc' dir='ltr'><strong><em>πάντα</em></strong></span> 
     </span>
     <span class='ocr_line' id='line_1_24' title="bbox 97 1813 1790 1886; baseline 0.001 -17"><span class='ocrx_word' id='word_1_201' title='bbox 97 1814 278 1883; x_wconf 74' lang='grc' dir='ltr'><strong><em>ἄνδρα</em></strong></span> <span class='ocrx_word' id='word_1_202' title='bbox 322 1815 566 1885; x_wconf 83' lang='grc' dir='ltr'><strong><em>μετέχειν</em></strong></span> <span class='ocrx_word' id='word_1_203' title='bbox 614 1818 851 1884; x_wconf 84' lang='grc' dir='ltr'><strong><em>φατέον,</em></strong></span> <span class='ocrx_word' id='word_1_204' title='bbox 889 1821 996 1870; x_wconf 85' lang='grc' dir='ltr'><strong><em>νοῦ</em></strong></span> <span class='ocrx_word' id='word_1_205' title='bbox 1034 1815 1094 1870; x_wconf 79' lang='grc' dir='ltr'><strong><em>δὲ</em></strong></span> <span class='ocrx_word' id='word_1_206' title='bbox 1129 1815 1327 1884; x_wconf 83' lang='grc' dir='ltr'><strong><em>θεούς,</em></strong></span> <span class='ocrx_word' id='word_1_207' title='bbox 1365 1813 1690 1886; x_wconf 77' lang='grc' dir='ltr'><strong><em>ἀνθρώπων</em></strong></span> <span class='ocrx_word' id='word_1_208' title='bbox 1730 1817 1790 1871; x_wconf 79' lang='grc' dir='ltr'><strong><em>δὲ</em></strong></span> 
     </span>
     <span class='ocr_line' id='line_1_25' title="bbox 95 1893 1790 1968; baseline 0.001 -17"><span class='ocrx_word' id='word_1_209' title='bbox 95 1900 257 1966; x_wconf 85' lang='grc' dir='ltr'><strong><em>γένος</em></strong></span> <span class='ocrx_word' id='word_1_210' title='bbox 285 1896 464 1967; x_wconf 80' lang='grc' dir='ltr'><strong><em>βραχύ</em></strong></span> <span class='ocrx_word' id='word_1_211' title='bbox 490 1917 556 1951; x_wconf 92' lang='grc' dir='ltr'><strong><em>τι.</em></strong></span> <span class='ocrx_word' id='word_1_212' title='bbox 609 1896 824 1951; x_wconf 84' lang='grc' dir='ltr'><strong><em>τούτων</em></strong></span> <span class='ocrx_word' id='word_1_213' title='bbox 850 1895 910 1952; x_wconf 73' lang='grc' dir='ltr'><strong><em>δὲ</em></strong></span> <span class='ocrx_word' id='word_1_214' title='bbox 940 1895 1117 1960; x_wconf 80' lang='grc' dir='ltr'><strong><em>οὕτως</em></strong></span> <span class='ocrx_word' id='word_1_215' title='bbox 1150 1896 1392 1967; x_wconf 80' lang='grc' dir='ltr'><strong><em>ἐχόντων</em></strong></span> <span class='ocrx_word' id='word_1_216' title='bbox 1420 1893 1790 1968; x_wconf 84' lang='grc' dir='ltr'><strong><em>ὁμολογητέον</em></strong></span> 
     </span>
     <span class='ocr_line' id='line_1_26' title="bbox 97 1974 1870 2048; baseline 0 -15"><span class='ocrx_word' id='word_1_217' title='bbox 97 1981 160 2033; x_wconf 79' lang='grc' dir='ltr'><strong><em>ἓν</em></strong></span> <span class='ocrx_word' id='word_1_218' title='bbox 172 1978 273 2047; x_wconf 80' lang='grc' dir='ltr'><strong><em>μὲν</em></strong></span> <span class='ocrx_word' id='word_1_219' title='bbox 291 1975 431 2031; x_wconf 81' lang='grc' dir='ltr'><strong><em>εἶναι</em></strong></span> <span class='ocrx_word' id='word_1_220' title='bbox 450 1974 510 2031; x_wconf 84' lang='grc' dir='ltr'><strong><em>τὸ</em></strong></span> <span class='ocrx_word' id='word_1_221' title='bbox 534 1975 672 2031; x_wconf 79' lang='grc' dir='ltr'><strong><em>κατὰ</em></strong></span> <span class='ocrx_word' id='word_1_222' title='bbox 694 1974 865 2032; x_wconf 79' lang='grc' dir='ltr'><strong><em>ταύτὰ</em></strong></span> <span class='ocrx_word' id='word_1_223' title='bbox 888 1975 1030 2042; x_wconf 82' lang='grc' dir='ltr'><strong><em>εἶδος</em></strong></span> <span class='ocrx_word' id='word_1_224' title='bbox 1042 1981 1184 2047; x_wconf 83' lang='grc' dir='ltr'><strong><em>ἕχον,</em></strong></span> <span class='ocrx_word' id='word_1_225' title='bbox 1208 1974 1515 2048; x_wconf 87' lang='grc' dir='ltr'><strong><em>α’γέννητον</em></strong></span> <span class='ocrx_word' id='word_1_226' title='bbox 1533 1979 1624 2033; x_wconf 80' lang='grc' dir='ltr'><strong><em>καὶ</em></strong></span> <span class='ocrx_word' id='word_1_227' title='bbox 1644 1975 1783 2034; x_wconf 68' lang='grc' dir='ltr'><strong><em>οἶνοί-</em></strong></span> <span class='ocrx_word' id='word_1_228' title='bbox 1813 1995 1870 2040; x_wconf 81' lang='lat'><strong><em>52</em></strong></span> 
     </span>
     <span class='ocr_line' id='line_1_27' title="bbox 94 2058 1790 2130; baseline 0.001 -15"><span class='ocrx_word' id='word_1_229' title='bbox 94 2066 321 2128; x_wconf 79' lang='grc' dir='ltr'><strong><em>λεθρον,</em></strong></span> <span class='ocrx_word' id='word_1_230' title='bbox 358 2058 486 2113; x_wconf 86' lang='grc' dir='ltr'><strong><em>οὔτε</em></strong></span> <span class='ocrx_word' id='word_1_231' title='bbox 507 2062 583 2122; x_wconf 84' lang='grc' dir='ltr'><strong><em>είς</em></strong></span> <span class='ocrx_word' id='word_1_232' title='bbox 613 2058 774 2113; x_wconf 83' lang='grc' dir='ltr'><strong><em>ἑαυτὸ</em></strong></span> <span class='ocrx_word' id='word_1_233' title='bbox 807 2059 1193 2130; x_wconf 84' lang='grc' dir='ltr'><strong><em>εἰσδεχόμενον</em></strong></span> <span class='ocrx_word' id='word_1_234' title='bbox 1221 2058 1356 2115; x_wconf 80' lang='grc' dir='ltr'><strong><em>ἄλλο</em></strong></span> <span class='ocrx_word' id='word_1_235' title='bbox 1386 2058 1631 2116; x_wconf 78' lang='grc' dir='ltr'><strong><em>ἄλλοθεν</em></strong></span> <span class='ocrx_word' id='word_1_236' title='bbox 1662 2058 1790 2116; x_wconf 81' lang='grc' dir='ltr'><strong><em>οὔτε</em></strong></span> 
     </span>
     <span class='ocr_line' id='line_1_28' title="bbox 94 2138 1786 2214; baseline 0 -16"><span class='ocrx_word' id='word_1_237' title='bbox 94 2140 230 2198; x_wconf 82' lang='grc' dir='ltr'><strong><em>αὐτὸ</em></strong></span> <span class='ocrx_word' id='word_1_238' title='bbox 253 2146 328 2205; x_wconf 79' lang='grc' dir='ltr'><strong><em>εἰς</em></strong></span> <span class='ocrx_word' id='word_1_239' title='bbox 346 2138 483 2196; x_wconf 79' lang='grc' dir='ltr'><strong><em>ἄλλο</em></strong></span> <span class='ocrx_word' id='word_1_240' title='bbox 504 2160 598 2195; x_wconf 86' lang='grc' dir='ltr'><strong><em>ποι</em></strong></span> <span class='ocrx_word' id='word_1_241' title='bbox 618 2140 725 2210; x_wconf 68' lang='lat' dir='ltr'><strong><em>cdv,</em></strong></span> <span class='ocrx_word' id='word_1_242' title='bbox 747 2138 991 2212; x_wconf 79' lang='grc' dir='ltr'><strong><em>α’όρατον</em></strong></span> <span class='ocrx_word' id='word_1_243' title='bbox 1012 2141 1069 2198; x_wconf 76' lang='grc' dir='ltr'><strong><em>δὲ</em></strong></span> <span class='ocrx_word' id='word_1_244' title='bbox 1092 2144 1183 2197; x_wconf 83' lang='grc' dir='ltr'><strong><em>καὶ</em></strong></span> <span class='ocrx_word' id='word_1_245' title='bbox 1214 2140 1394 2207; x_wconf 77' lang='grc' dir='ltr'><strong><em>ἄλλως</em></strong></span> <span class='ocrx_word' id='word_1_246' title='bbox 1421 2141 1786 2214; x_wconf 81' lang='grc' dir='ltr'><strong><em>ἀναίσθητον,</em></strong></span> 
     </span>
     <span class='ocr_line' id='line_1_29' title="bbox 92 2219 1789 2296; baseline 0 -16"><span class='ocrx_word' id='word_1_247' title='bbox 92 2230 257 2280; x_wconf 84' lang='grc' dir='ltr'><strong><em>τοῦτο</em></strong></span> <span class='ocrx_word' id='word_1_248' title='bbox 287 2219 320 2277; x_wconf 83' lang='grc' dir='ltr'>ὃ</span> <span class='ocrx_word' id='word_1_249' title='bbox 353 2221 420 2294; x_wconf 88' lang='grc' dir='ltr'><strong><em>δὴ</em></strong></span> <span class='ocrx_word' id='word_1_250' title='bbox 451 2222 643 2293; x_wconf 88' lang='grc' dir='ltr'><strong><em>νόησις</em></strong></span> <span class='ocrx_word' id='word_1_251' title='bbox 680 2230 894 2295; x_wconf 73' lang='grc' dir='ltr'><strong><em>εἴληχεν</em></strong></span> <span class='ocrx_word' id='word_1_252' title='bbox 925 2226 1267 2281; x_wconf 81' lang='grc' dir='ltr'><strong><em>ἐπισκοπεῖν·</em></strong></span> <span class='ocrx_word' id='word_1_253' title='bbox 1306 2225 1366 2280; x_wconf 88' lang='grc' dir='ltr'><strong><em>τὸ</em></strong></span> <span class='ocrx_word' id='word_1_254' title='bbox 1399 2221 1454 2280; x_wconf 89' lang='grc' dir='ltr'><strong><em>δ’</em></strong></span> <span class='ocrx_word' id='word_1_255' title='bbox 1486 2223 1789 2296; x_wconf 75' lang='grc' dir='ltr'><strong><em>ὁμώνυμον</em></strong></span> 
     </span>
     <span class='ocr_line' id='line_1_30' title="bbox 94 2302 1787 2379; baseline 0.001 -19"><span class='ocrx_word' id='word_1_256' title='bbox 94 2302 295 2375; x_wconf 82' lang='grc' dir='ltr'><strong><em>ὅμοιόν</em></strong></span> <span class='ocrx_word' id='word_1_257' title='bbox 312 2324 369 2358; x_wconf 86' lang='grc' dir='ltr'><strong><em>τε</em></strong></span> <span class='ocrx_word' id='word_1_258' title='bbox 390 2306 579 2377; x_wconf 82' lang='grc' dir='ltr'><strong><em>ἐκείνῳ</em></strong></span> <span class='ocrx_word' id='word_1_259' title='bbox 600 2302 880 2374; x_wconf 80' lang='grc' dir='ltr'><strong><em>δεύτερον,</em></strong></span> <span class='ocrx_word' id='word_1_260' title='bbox 903 2305 1191 2376; x_wconf 83' lang='grc' dir='ltr'><strong><em>αἰσθητόν,</em></strong></span> <span class='ocrx_word' id='word_1_261' title='bbox 1212 2304 1502 2377; x_wconf 87' lang='grc' dir='ltr'><strong><em>γεννητόν,</em></strong></span> <span class='ocrx_word' id='word_1_262' title='bbox 1535 2327 1787 2379; x_wconf 77' lang='grc' dir='ltr'><strong><em>πεφορη-</em></strong></span> 
     </span>
     <span class='ocr_line' id='line_1_31' title="bbox 94 2381 1787 2462; baseline 0.002 -22"><span class='ocrx_word' id='word_1_263' title='bbox 94 2388 265 2454; x_wconf 80' lang='grc' dir='ltr'><strong><em>μένον</em></strong></span> <span class='ocrx_word' id='word_1_264' title='bbox 295 2381 395 2453; x_wconf 81' lang='grc' dir='ltr'><strong><em>ἇεί,</em></strong></span> <span class='ocrx_word' id='word_1_265' title='bbox 416 2382 751 2455; x_wconf 86' lang='grc' dir='ltr'><strong><em>γιγνόμενόν</em></strong></span> <span class='ocrx_word' id='word_1_266' title='bbox 774 2407 831 2440; x_wconf 89' lang='grc' dir='ltr'><strong><em>τε</em></strong></span> <span class='ocrx_word' id='word_1_267' title='bbox 851 2390 911 2441; x_wconf 84' lang='grc' dir='ltr'><strong><em>ἔν</em></strong></span> <span class='ocrx_word' id='word_1_268' title='bbox 939 2409 1048 2443; x_wconf 91' lang='grc' dir='ltr'><strong><em>τινι</em></strong></span> <span class='ocrx_word' id='word_1_269' title='bbox 1076 2387 1228 2462; x_wconf 90' lang='grc' dir='ltr'><strong><em>τόπῳ</em></strong></span> <span class='ocrx_word' id='word_1_270' title='bbox 1257 2389 1348 2444; x_wconf 88' lang='grc' dir='ltr'><strong><em>καὶ</em></strong></span> <span class='ocrx_word' id='word_1_271' title='bbox 1373 2387 1542 2444; x_wconf 81' lang='grc' dir='ltr'><strong><em>πάλιν</em></strong></span> <span class='ocrx_word' id='word_1_272' title='bbox 1569 2391 1787 2445; x_wconf 83' lang='grc' dir='ltr'><strong><em>ἐκεῖθεν</em></strong></span> 
     </span>
     <span class='ocr_line' id='line_1_32' title="bbox 95 2463 1786 2567; baseline 0.002 -46"><span class='ocrx_word' id='word_1_273' title='bbox 95 2465 504 2535; x_wconf 76' lang='grc' dir='ltr'><strong><em>απολλύμενον,</em></strong></span> <span class='ocrx_word' id='word_1_274' title='bbox 534 2465 667 2537; x_wconf 81' lang='grc' dir='ltr'><strong><em>δόξῃ</em></strong></span> <span class='ocrx_word' id='word_1_275' title='bbox 695 2463 814 2537; x_wconf 86' lang='grc' dir='ltr'><strong><em>μετ’</em></strong></span> <span class='ocrx_word' id='word_1_276' title='bbox 846 2468 1160 2540; x_wconf 80' lang='grc' dir='ltr'><strong><em>αἰσθήσεως</em></strong></span> <span class='ocrx_word' id='word_1_277' title='bbox 1198 2468 1563 2567; x_wconf 78' lang='grc' dir='ltr'><strong><em>περιληπτόν·</em></strong></span> <span class='ocrx_word' id='word_1_278' title='bbox 1597 2476 1786 2540; x_wconf 79' lang='grc' dir='ltr'><strong><em>τρίτον</em></strong></span> 
     </span>
     <span class='ocr_line' id='line_1_33' title="bbox 98 2540 1786 2622; baseline 0.004 -21"><span class='ocrx_word' id='word_1_279' title='bbox 98 2548 154 2603; x_wconf 78' lang='grc' dir='ltr'><strong><em>δὲ</em></strong></span> <span class='ocrx_word' id='word_1_280' title='bbox 177 2540 251 2602; x_wconf 81' lang='grc' dir='ltr'><strong><em>αὖ</em></strong></span> <span class='ocrx_word' id='word_1_281' title='bbox 271 2547 430 2616; x_wconf 83' lang='grc' dir='ltr'><strong><em>γένος</em></strong></span> <span class='ocrx_word' id='word_1_282' title='bbox 453 2542 519 2601; x_wconf 85' lang='grc' dir='ltr'><strong><em>ὄν</em></strong></span> <span class='ocrx_word' id='word_1_283' title='bbox 539 2544 598 2600; x_wconf 84' lang='grc' dir='ltr'>τό</span> <span class='ocrx_word' id='word_1_284' title='bbox 627 2553 722 2618; x_wconf 84' lang='grc' dir='ltr'><strong><em>τῆς</em></strong></span> <span class='ocrx_word' id='word_1_285' title='bbox 740 2547 922 2618; x_wconf 77' lang='grc' dir='ltr'><strong><em>χώρας</em></strong></span> <span class='ocrx_word' id='word_1_286' title='bbox 942 2546 1045 2619; x_wconf 74' lang='grc' dir='ltr'><strong><em>ἀεί,</em></strong></span> <span class='ocrx_word' id='word_1_287' title='bbox 1071 2549 1301 2620; x_wconf 79' lang='grc' dir='ltr'><strong><em>φθορὰν</em></strong></span> <span class='ocrx_word' id='word_1_288' title='bbox 1320 2548 1390 2605; x_wconf 83' lang='grc' dir='ltr'><strong><em>οὐ</em></strong></span> <span class='ocrx_word' id='word_1_289' title='bbox 1411 2550 1786 2622; x_wconf 80' lang='grc' dir='ltr'><strong><em>προσδεχόμε-</em></strong></span> 
     </span>
     <span class='ocr_line' id='line_1_34' title="bbox 95 2626 1843 2702; baseline 0.003 -18"><span class='ocrx_word' id='word_1_290' title='bbox 95 2649 215 2696; x_wconf 89' lang='grc' dir='ltr'><strong><em>νον,</em></strong></span> <span class='ocrx_word' id='word_1_291' title='bbox 250 2628 419 2696; x_wconf 80' lang='grc' dir='ltr'><strong><em>ἕδραν</em></strong></span> <span class='ocrx_word' id='word_1_292' title='bbox 450 2629 507 2682; x_wconf 74' lang='grc' dir='ltr'><strong><em>δὲ</em></strong></span> <span class='ocrx_word' id='word_1_293' title='bbox 538 2626 839 2699; x_wconf 74' lang='grc' dir='ltr'><strong><em>παρέχον“</em></strong></span> <span class='ocrx_word' id='word_1_294' title='bbox 807 2646 910 2686; x_wconf 88' lang='grc' dir='ltr'><strong><em>οσα</em></strong></span> <span class='ocrx_word' id='word_1_295' title='bbox 949 2634 1054 2701; x_wconf 81' lang='grc' dir='ltr'><strong><em>ἔχει</em></strong></span> <span class='ocrx_word' id='word_1_296' title='bbox 1079 2633 1302 2700; x_wconf 90' lang='grc' dir='ltr'><strong><em>γένεσιν</em></strong></span> <span class='ocrx_word' id='word_1_297' title='bbox 1331 2638 1520 2702; x_wconf 80' lang='grc' dir='ltr'><strong><em>πᾶσιν,</em></strong></span> <span class='ocrx_word' id='word_1_298' title='bbox 1554 2630 1688 2689; x_wconf 82' lang='grc' dir='ltr'><strong><em>αὐτὸ</em></strong></span> <span class='ocrx_word' id='word_1_299' title='bbox 1722 2635 1782 2690; x_wconf 81' lang='grc' dir='ltr'><strong><em>δὲ</em></strong></span> <span class='ocrx_word' id='word_1_300' title='bbox 1811 2646 1843 2689; x_wconf 91' lang='grc' dir='ltr'>Β</span> 
     </span>
     <span class='ocr_line' id='line_1_35' title="bbox 94 2706 1788 2787; baseline 0.003 -21"><span class='ocrx_word' id='word_1_301' title='bbox 94 2707 214 2780; x_wconf 85' lang='grc' dir='ltr'><strong><em>μετ’</em></strong></span> <span class='ocrx_word' id='word_1_302' title='bbox 243 2707 614 2780; x_wconf 78' lang='grc' dir='ltr'><strong><em>ἀναισθησίας</em></strong></span> <span class='ocrx_word' id='word_1_303' title='bbox 645 2706 824 2766; x_wconf 78' lang='grc' dir='ltr'><strong><em>ἁπτὸν</em></strong></span> <span class='ocrx_word' id='word_1_304' title='bbox 857 2717 1100 2786; x_wconf 80' lang='grc' dir='ltr'><strong><em>λογισμῷ</em></strong></span> <span class='ocrx_word' id='word_1_305' title='bbox 1132 2715 1238 2769; x_wconf 83' lang='grc' dir='ltr'><strong><em>τινὶ</em></strong></span> <span class='ocrx_word' id='word_1_306' title='bbox 1277 2714 1455 2787; x_wconf 88' lang='grc' dir='ltr'><strong><em>νόθῳ,</em></strong></span> <span class='ocrx_word' id='word_1_307' title='bbox 1495 2714 1655 2786; x_wconf 87' lang='grc' dir='ltr'><strong><em>μόγις</em></strong></span> <span class='ocrx_word' id='word_1_308' title='bbox 1693 2735 1788 2771; x_wconf 81' lang='grc' dir='ltr'><strong><em>πι-</em></strong></span> 
     </span>
     <span class='ocr_line' id='line_1_36' title="bbox 96 2786 1787 2869; baseline 0.005 -24"><span class='ocrx_word' id='word_1_309' title='bbox 96 2789 250 2860; x_wconf 86' lang='grc' dir='ltr'><strong><em>στόν,</em></strong></span> <span class='ocrx_word' id='word_1_310' title='bbox 270 2810 408 2860; x_wconf 78' lang='grc' dir='ltr'><strong><em>προς</em></strong></span> <span class='ocrx_word' id='word_1_311' title='bbox 428 2786 460 2845; x_wconf 81' lang='grc' dir='ltr'>ὃ</span> <span class='ocrx_word' id='word_1_312' title='bbox 480 2789 547 2861; x_wconf 81' lang='grc' dir='ltr'><strong><em>δὴ</em></strong></span> <span class='ocrx_word' id='word_1_313' title='bbox 570 2792 660 2846; x_wconf 80' lang='grc' dir='ltr'><strong><em>καὶ</em></strong></span> <span class='ocrx_word' id='word_1_314' title='bbox 681 2789 1154 2865; x_wconf 78' lang='grc' dir='ltr'><strong><em>όνειροπολοῦμεν</em></strong></span> <span class='ocrx_word' id='word_1_315' title='bbox 1173 2797 1469 2866; x_wconf 81' lang='grc' dir='ltr'><strong><em>βλέποντες</em></strong></span> <span class='ocrx_word' id='word_1_316' title='bbox 1489 2805 1583 2851; x_wconf 84' lang='grc' dir='ltr'><strong><em>καί</em></strong></span> <span class='ocrx_word' id='word_1_317' title='bbox 1601 2818 1787 2869; x_wconf 87' lang='grc' dir='ltr'><strong><em>φαμεν</em></strong></span> 
     </span>
     <span class='ocr_line' id='line_1_37' title="bbox 97 2868 1787 2951; baseline 0.006 -25"><span class='ocrx_word' id='word_1_318' title='bbox 97 2868 402 2942; x_wconf 77' lang='grc' dir='ltr'><strong><em>ἀναγκαῖον</em></strong></span> <span class='ocrx_word' id='word_1_319' title='bbox 427 2870 571 2927; x_wconf 83' lang='grc' dir='ltr'><strong><em>εἷναί</em></strong></span> <span class='ocrx_word' id='word_1_320' title='bbox 586 2893 697 2928; x_wconf 85' lang='grc' dir='ltr'><strong><em>που</em></strong></span> <span class='ocrx_word' id='word_1_321' title='bbox 715 2874 775 2930; x_wconf 84' lang='grc' dir='ltr'><strong><em>τὸ</em></strong></span> <span class='ocrx_word' id='word_1_322' title='bbox 798 2869 866 2930; x_wconf 85' lang='grc' dir='ltr'><strong><em>ὂν</em></strong></span> <span class='ocrx_word' id='word_1_323' title='bbox 885 2896 1037 2931; x_wconf 88' lang='grc' dir='ltr'><strong><em>απαν</em></strong></span> <span class='ocrx_word' id='word_1_324' title='bbox 1064 2880 1125 2931; x_wconf 76' lang='grc' dir='ltr'><strong><em>ἔν</em></strong></span> <span class='ocrx_word' id='word_1_325' title='bbox 1145 2899 1253 2932; x_wconf 87' lang='grc' dir='ltr'><strong><em>τινι</em></strong></span> <span class='ocrx_word' id='word_1_326' title='bbox 1274 2876 1425 2951; x_wconf 88' lang='grc' dir='ltr'><strong><em>τόπῳ</em></strong></span> <span class='ocrx_word' id='word_1_327' title='bbox 1446 2880 1537 2934; x_wconf 78' lang='grc' dir='ltr'><strong><em>καὶ</em></strong></span> <span class='ocrx_word' id='word_1_328' title='bbox 1555 2880 1787 2951; x_wconf 84' lang='grc' dir='ltr'><strong><em>κατέχον</em></strong></span> 
     </span>
    </p>
   </div>
  </div>
 </body>
</html>
