1962 3236
658 149 1136 200 ΙΙΟΛΙΤΕΙΑΣ
1166 140 1227 195 δ’.
1674 145 1775 196 103

902 452 974 501 A.

237 619 275 669 1
329 608 482 669 Kal‘
456 633 486 666 ο
515 610 857 680 Ἀδείμαντος
872 607 1176 679 ὑπολαβών
1200 611 1271 663 Τί
1284 599 1408 678 οὖν,
1429 611 1555 679 ἔφη,
1583 628 1626 663 ω
1647 598 1781 663 Σαί-

99 717 308 766 κρατες,
329 691 678 763 ἀπολογήσει,
709 690 808 746 ἐάν
825 695 906 754 τίς
923 705 984 744 σε
1008 694 1095 760 φῇ
1113 686 1186 759 μὴ
1209 687 1359 743 πάνυ
1376 711 1429 745 τι
1447 685 1781 762 εὐδαίμονας

0 801 3 821 ¹
97 789 277 833 ποιεῖν
304 774 542 838 τούτους
570 770 702 836 τούς
734 771 959 842 ανδρας,
987 771 1078 825 καὶ
1106 777 1278 825 ταῦτα
1306 769 1382 825 δι’
1417 771 1669 841 ἑαυτούς,
1700 792 1782 826 ων

97 863 208 914 ἔστι
236 859 339 928 μὲν
367 854 400 927 ἡ
433 855 592 919 πόλις
620 859 688 925 τῇ
721 851 974 926 ἀληθεία,
1011 854 1068 907 οἰ
1100 852 1160 907 δὲ
1194 850 1368 922 μηδὲν
1397 849 1783 907 ἀπολαύουσιν

0 946 3 1004 ἕ
98 938 281 1010 ἀγαθὰ
293 962 323 994 ν
341 944 435 1009 τῆς
455 936 681 1006 πόλεως,
705 930 826 991 οἷον
844 933 1002 990 ἄλλοι
1019 932 1229 1003 ἀγρούς
1246 954 1305 988 τε
1334 935 1660 1004 κεκτημένοι
1689 935 1781 988 καὶ

103 1027 281 1086 οἰκίας
320 1018 778 1091 οἰκοδομούμενοι
814 1016 986 1080 καλὰς
1020 1016 1111 1070 καὶ
1147 1012 1388 1085 μεγάλας
1429 1016 1522 1070 καὶ
1558 1013 1784 1079 ταύταις

101 1107 424 1171 πρέπουσαν
441 1097 790 1169 κατασκευὴν
813 1096 1084 1167 κτώμενοι
1114 1097 1205 1150 καὶ
1233 1100 1438 1191 θυσίας
1461 1102 1618 1160 θεοῖς
1646 1099 1787 1161 ἰδίας

99 1183 338 1246 θύοντες
356 1203 445 1237 και
431 1184 900 1248 “ξενοδοκοῦντες,
918 1179 1008 1233 καὶ
1028 1175 1093 1247 δὴ
1116 1179 1205 1231 καὶ
1224 1173 1260 1231 ὁὶ
1276 1182 1385 1231 νῦν
1404 1175 1471 1247 δὴ
1494 1174 1566 1231 σὺ
1586 1181 1784 1247 ἔλεγες,

98 1264 309 1338 χρυσόν
338 1284 397 1319 τε
427 1261 572 1317 καὶ”
537 1282 788 1333 αργυρον
813 1260 1136 1330 κεκτημένοι
1167 1260 1258 1312 καὶ
1284 1257 1466 1313 πάντα
1499 1255 1604 1313 ὅσα
1627 1262 1787 1329 νομί-

103 1352 246 1414 ζεται
263 1356 377 1409 τοῖς
394 1347 658 1415 μέλλουσι
685 1346 972 1412 μακαρίοις
997 1339 1165 1405 εἷναι;
1199 1336 1324 1394 ἀλλ’
1356 1336 1611 1411 ἀτεχνῶς,
1650 1343 1786 1410 φαίη

105 1430 194 1496 ἄν,
219 1426 403 1495 ωσπερ
423 1427 709 1496 ἐπίκουροι
727 1424 999 1495 μισθωτοὶ
1019 1425 1077 1477 ἐν
1107 1426 1174 1495 τῇ
1193 1421 1352 1476 πόλει
1371 1425 1668 1491 φαίνονται
1690 1443 1792 1476 κα-
1818 1436 1907 1483 420

104 1517 323 1582 θῆσθαι
341 1505 507 1563 οὐδὲν
526 1505 662 1562 ἀλλο
694 1528 729 1576 η
763 1509 1162 1576 φρουροῦντες.
1199 1507 1331 1574 Ναί,
1359 1496 1431 1574 ἦν
1456 1500 1509 1558 δ’
1539 1503 1665 1574 ἐγώ,
1696 1504 1790 1559 καὶ

106 1591 278 1648 ταῦτά
301 1612 361 1660 γε
386 1591 636 1644 ἐπισίτιοι
663 1590 754 1644 καὶ
774 1586 905 1643 ούδε
923 1583 1132 1658 μισθὸν
1150 1582 1289 1654 πρὸς
1307 1595 1421 1650 τοῖς
1439 1588 1629 1650 σιτίοις
1647 1591 1790 1656 λαμ-

106 1673 372 1744 βάνοντες
394 1669 580 1738 ὥσπερ
599 1672 657 1724 οἰ
670 1667 844 1738 αλλοι,
869 1665 1007 1723 ωστε
1028 1665 1152 1722 οὐδ’
1185 1661 1258 1721 ἀν
1275 1663 1631 1737 ἀποδημῆσαι
1649 1666 1791 1738 βού-

108 1762 309 1812 λωνται
345 1755 474 1824 ἰδίᾳ,
508 1752 714 1816 ἐξέσται
743 1746 946 1818 αυτοῖς,
979 1745 1103 1803 οὐδ’
1138 1749 1374 1816 ἑταίραις
1409 1747 1630 1804 διδόναι
1659 1744 1784 1803 ουδ’

109 1834 426 1891 ἀναλίσκειν
442 1832 515 1888 ἄν
534 1854 628 1887 ποι
648 1831 961 1903 βούλωνται
980 1828 1196 1900 ἄλλοσε,
1224 1824 1311 1884 οἷα
1341 1829 1407 1900 δὴ
1441 1832 1498 1884 οἰ
1525 1826 1789 1900 εὐδαίμο-

106 1939 196 1983 νες
215 1920 510 1979 δοκοῦντες
529 1913 668 1970 εἶναι
688 1911 1062 1969 ἀναλίσκουσι.
1099 1919 1272 1968 ταῦτα
1292 1914 1382 1969 καὶ
1399 1909 1544 1978 ἄλλα
1561 1918 1790 1968 τοιαῦτα

108 1996 283 2070 συχνὰ
295 2003 392 2067 τῆς
410 2001 740 2066 κατηγορίας
759 1994 1086 2060 ἀπολείπεις.
1120 1992 1284 2065 Ἀλλ’,
1306 1988 1342 2065 ἦ
1362 1992 1414 2049 δ’
1441 1992 1520 2063 ὅς,
1539 1998 1677 2050 ἔστω
1698 1995 1791 2050 καὶ

107 2090 278 2140 ταῦτα
306 2081 740 2151 κατηγορημένα.
805 2084 874 2134 Τί
898 2073 1005 2134 οὖν
1036 2079 1103 2150 δὴ
1133 2075 1619 2177 ἀπολογησόμεθα,
1649 2077 1785 2151 φῄς;
1816 2089 1850 2130 Β

110 2171 236 2222 Ναί.
279 2162 392 2219 Τὸν
422 2160 599 2216 αὐτὸν
617 2160 793 2232 οἶμον,
824 2154 894 2232 ἦν
924 2159 975 2216 δ’
1010 2159 1136 2231 ἐγώ,
1162 2159 1533 2259 πορευόμενοι
1554 2157 1794 2232 εὑρήσο-

112 2268 231 2317 μεν,
256 2242 328 2309 ὥς
359 2237 584 2316 ἐγῷμαι,
618 2239 653 2298 ἀ
683 2245 888 2298 λεκτέα.
929 2245 1164 2314 ἐροῦμεν
1190 2241 1318 2312 γάρ,
1348 2240 1432 2298 ὅτι
1460 2239 1794 2312 θαυμαστὸν

114 2327 216 2397 μὲν
250 2322 324 2380 ἀν
358 2322 525 2381 οὐδὲν
563 2333 665 2396 εἴη,
708 2329 758 2380 εἰ
790 2327 881 2380 καὶ
917 2316 1074 2379 οὗτοι
1105 2345 1284 2388 ουτως
1312 2321 1801 2395 εὐδαιμονέστατοί

113 2414 271 2474 εἰσιν,
293 2406 363 2462 ού
383 2405 494 2477 μὴν
512 2405 651 2475 πρὸς
666 2412 830 2462 τοῦτο
853 2409 1148 2478 βλέποντες
1175 2404 1278 2477 τὴν
1307 2405 1472 2461 πόλιν
1501 2409 1792 2476 οἰκίζομεν,

115 2510 265 2553 οπως
286 2490 347 2543 ἓν
367 2510 417 2543 τι
436 2485 564 2558 ἡμῖν
582 2492 749 2553 ἔθνος
770 2493 918 2544 ἔσται
947 2486 1323 2558 διαφερόντως
1351 2487 1637 2558 εὔδαιμον,
1667 2482 1788 2540 ἀλλ’

115 2570 264 2633 ὅπως
295 2567 324 2622 ὅ
356 2590 407 2622 τι
436 2569 671 2638 μα’λιστα
699 2567 801 2639 ολη
830 2566 865 2638 ἡ
889 2569 1057 2634 πόλις.
1098 2566 1366 2642 ᾠήθημεν
1383 2566 1493 2638 γὰρ
1513 2570 1572 2622 ἐν
1591 2572 1659 2638 τῇ
1682 2586 1796 2621 τοι-

113 2649 255 2721 αύτη
291 2650 521 2703 ιιάλιστα
560 2645 631 2703 ἀν
662 2646 845 2718 εὑρεῖν
882 2649 1244 2719 δικαιοσύνην
1274 2651 1366 2704 καὶ
1395 2641 1469 2703 αὖ
1500 2650 1562 2704 ἐν
1591 2655 1659 2720 τῇ
1692 2647 1796 2704 κά-

115 2748 270 2787 κιστα
290 2736 584 2802 οἰκουμένῃ
606 2729 842 2799 ἀδικίαν,
864 2730 1176 2796 κατιδόντες
1190 2732 1247 2786 δὲ
1264 2741 1448 2800 κρῖναι
1466 2729 1555 2800 ἄν,
1577 2726 1607 2785 ὃ
1627 2729 1795 2787 πάλαι
1827 2738 1860 2779 G

117 2818 395 2885 ζητοῦμεν.
420 2820 527 2868 νῦν
545 2816 646 2883 μὲν
668 2807 791 2883 οὖν,
814 2811 886 2877 ὠς
905 2813 1157 2885 οἰόμεθα,
1178 2811 1284 2882 τὴν
1302 2810 1603 2884 εὐδαίμονα
1623 2810 1797 2868 πλάτ-
