1962 3236
264 136 368 186 226
881 142 1050 186 HAA
1071 140 1357 188 ΤΩΝΟΣ

264 270 337 339 μὴ
361 270 682 325 παντάπασί
704 269 759 339 γ’
792 265 830 342 ᾗ
862 269 1087 340 εὐφυής.
1129 271 1370 340 Τὰγοῦν
1401 279 1510 328 νῦν
1542 272 1852 347 ἁμάρτημα,
1872 271 1952 348 ἦν’

266 348 317 404 δ’
344 348 470 419 ἐγώ,
494 351 585 406 καὶ
605 349 638 421 ἡ
661 349 843 421 ἀτιμία
864 357 1166 424 φιλοσοφίᾳ
1189 352 1278 406 διὰ
1297 360 1468 408 ταῦτα
1497 359 1942 427 προσπέπτωκεν,

265 428 297 484 ὂ
316 434 407 485 καὶ
427 431 696 502 πρότερον
718 430 930 501 εἷπον,
910 430 993 487 ότι
1014 430 1082 486 οὐ
1111 431 1233 488 κατ’
1270 432 1429 499 ἀξίαν
1459 434 1628 507 αὐτῆς
1654 436 1942 493 ἅπτονται·

267 508 336 564 οὐ
354 509 460 583 γὰρ
481 512 692 576 νόθους
712 516 820 568 ἔδει
841 512 1131 583 α’πτεσθαι,
1156 511 1294 568 άλλα
1317 522 1593 586 γνησίους.
1630 519 1785 584 Πως;
1821 523 1943 589 ἔφη.

198 600 231 640 D
265 597 502 662 Πρῶτον
538 595 655 663 μέν,
691 591 863 662 εἷπον,
903 599 1200 667 φιλοπονία
1234 594 1302 649 οὐ
1335 597 1515 665 χωλὸν
1554 602 1640 654 δεῖ
1670 598 1809 654 εἶναι
1845 601 1954 665 τὸνΔ

266 669 570 743 ἁψόμενον,
595 670 661 727 τὰ
693 674 794 744 μεν
817 671 1012 744 ἡμίσεα
1043 675 1368 744 φιλόπονον,
1400 677 1464 731 τὰ
1497 676 1545 732 δ’
1578 675 1772 748 ἡμίσεα
1804 680 1945 738 ἄπο-

265 774 367 808 νον
382 775 392 786 ·
422 757 534 810 ε”στι
556 758 614 811 δὲ
634 762 814 827 τοῦτο,
836 755 969 812 ὅταν
993 778 1070 820 τις
1090 756 1535 829 φιλογυμναστὴς
1554 761 1654 829 μὲν
1673 762 1761 815 καὶ
1783 759 1962 830 φιλόψ-

262 841 441 904 θηρος
466 831 502 907 ᾗ
522 838 614 892 καὶ
633 837 815 892 πάντα
834 837 899 892 τὰ
922 836 1010 892 διὰ
1040 843 1142 892 τοῦ
1173 839 1422 907 σώματος
1453 846 1748 911 φιλοπονῇ,
1781 849 1937 911 φιλο-

265 914 450 987 μαθὴς
471 918 530 971 δὲ
549 918 639 988 μή,
660 921 795 989 μηδὲ
816 918 1079 989 φιλήκοος
1098 919 1233 989 μηδὲ
1253 919 1547 989 ζητητικός,
1580 918 1701 974 ἀλλ’
1733 923 1792 975 ἐν
1811 928 1945 975 πᾶσι

265 997 483 1062 τούτοις
501 1005 801 1072 μισοπονῇ·
838 998 1011 1069 χωλὸς
1032 1002 1090 1055 δὲ
1111 1002 1199 1054 καὶ
1222 999 1249 1054 ὁ
1274 998 1535 1055 τάναντία
1559 1001 1761 1056 τούτου
1780 1024 1935 1072 μετα-

262 1077 545 1150 βεβληκώς
581 1078 682 1149 τὴν
733 1086 1079 1150 φιλοπονίαν.
1152 1079 1535 1152 Ἀληθέστατα,
1586 1085 1706 1152 ἔφη,
1757 1086 1962 1152 λέγεις.

270 1157 497 1215 Οὐκοῦν
516 1164 606 1215 καὶ
627 1160 763 1231 πρὸς
782 1159 1067 1232 ἀλήθειαν,
1088 1157 1162 1233 ἦν
1184 1161 1235 1218 δ’
1257 1162 1382 1232 ἐγώ,
1397 1161 1601 1217 ταύτὸν
1619 1170 1782 1218 τοῦτο
1804 1161 1944 1218 ἀνά-

203 1257 236 1296 Ε
268 1262 448 1313 πηρον
466 1243 650 1313 ψυχὴν
669 1243 937 1315 θήσομεν,
959 1243 996 1314 ἢ
1015 1240 1086 1298 ἄν
1105 1242 1164 1299 τὸ
1186 1244 1287 1314 μὲν
1308 1244 1563 1299 εκούσιον
1582 1248 1785 1310 ψεῦδος
1812 1252 1944 1317 μισῇ

266 1326 356 1379 καὶ
375 1330 623 1394 χαλεπως
644 1329 785 1398 φέρῃ
806 1323 944 1396 αὐτή
963 1348 1019 1380 τε
1041 1327 1173 1381 καὶ
1146 1327 1347 1393 ετέρων
1360 1324 1764 1396 ψευδομένων“
1734 1348 1942 1398 vaspa—

268 1412 531 1477 γανακτῇ,
553 1404 611 1461 τὸ
646 1404 694 1460 δ’
730 1407 997 1462 ἀκούσιον
1027 1405 1269 1471 εὐκόλως
1297 1411 1657 1477 προσδέχηται
1685 1410 1774 1462 καὶ
1801 1408 1944 1479 ἆμα-

268 1485 547 1541 θαίνουσά
580 1506 691 1541 που
731 1486 1059 1560 ἁλισκομένη
1096 1487 1166 1559 μὴ
1207 1488 1505 1559 άγανακτη,
1545 1486 1670 1543 ἀλλ’
1709 1488 1944 1559 εὐχερως

269 1565 454 1637 ὥσπερ
490 1572 694 1639 θηρίον
731 1567 884 1624 ὕειον
913 1572 973 1624 έν
1002 1566 1214 1641 ἀμαθίᾳ
1243 1568 1575 1640 μολύνηται;
1614 1570 1943 1626 Παντάπασι

152 1653 239 1699 536
267 1647 368 1719 μὲν
388 1642 509 1718 οὖν,
532 1652 650 1719 ἔφη.
692 1651 801 1704 Καὶ
821 1650 958 1721 πρὸς
977 1649 1369 1720 σωφροσύνην,
1390 1643 1460 1720 ἦν
1481 1648 1534 1704 δ’
1568 1650 1692 1720 ἐγώ,
1723 1653 1811 1705 καὶ
1840 1651 1962 1706 άν-·,

269 1731 457 1800 δρείαν
475 1732 566 1784 καὶ
585 1735 1057 1802 μεγαλοπρέπειαν
1075 1733 1166 1786 καὶ
1187 1730 1364 1785 πάντα
1384 1730 1450 1785 τὰ
1480 1738 1574 1802 τῆς
1594 1728 1788 1802 ἀρετῆς
1807 1735 1942 1803 μέρη

270 1810 370 1880 οὐχ
389 1811 584 1882 ἥκιστα
605 1815 691 1867 δεῖ
706 1812 1001 1882 φυλάττειν
1023 1813 1123 1868 τὸν
1155 1813 1334 1868 νόθον
1363 1834 1420 1867 τε
1447 1813 1537 1867 καὶ
1564 1810 1663 1867 τὸν
1691 1813 1926 1883 γνήσιον

267 1889 404 1947 ὅταν
423 1891 528 1963 γάρ
549 1914 628 1958 τις
647 1893 720 1964 μὴ
741 1896 1019 1965 ἐπίστηται
1037 1892 1100 1948 τὰ
1123 1900 1346 1949 τοιαῦτα
1364 1905 1590 1949 σκοπεῖν
1608 1896 1699 1949 καὶ
1728 1893 1962 1964 ἰδιώτης.-

217 2022 229 2027 ,
263 1974 354 2028 καὶ
384 1972 558 2043 πόλις,
590 1972 937 2030 λανθάνουσι
972 1982 1165 2045 χωλοῖς
1200 1997 1257 2029 τε
1294 1975 1384 2029 καὶ
1422 1972 1615 2038 νόθοις
1650 1973 1938 2044 χρεόμενοι,

265 2052 405 2122 πρὸς
425 2052 457 2108 ὅ
475 2076 525 2109 τι
546 2050 618 2109 άν
637 2054 840 2125 τύχωσι
861 2056 1091 2124 τούτων,
1114 2059 1172 2110 οἰ
1184 2056 1286 2124 μὲν
1306 2059 1500 2124 φίλοις,
1524 2057 1580 2108 οἰ
1604 2054 1662 2109 δὲ
1692 2053 1936 2123 ἄρχουσι.

267 2137 375 2189 Καὶ
394 2134 559 2205 μάλα,
583 2140 705 2209 ἔφη,
731 2135 906 2200 οὕτως
925 2140 1045 2206 ἔχει.
1076 2133 1238 2206 “Ημῐν
1258 2135 1343 2205 δή,
1365 2128 1435 2205 ἧν
1455 2133 1502 2189 δ’
1528 2133 1651 2204 ἐγώ,
1677 2133 1855 2189 πάντα
1874 2133 1939 2189 τά

204 2228 236 2270 Β
267 2221 493 2270 τοιαῦτα
513 2211 919 2287 διευλαβητέον,
943 2215 1015 2280 ὦς
1035 2214 1132 2272 ἐὰν
1150 2220 1252 2287 μὲν
1270 2214 1569 2287 ἀρτιμελεῖς
1597 2236 1654 2271 τε
1681 2217 1771 2271 καὶ
1790 2213 1943 2285 άρτί-

267 2317 480 2367 φρονας
498 2299 583 2352 ἐπὶ
601 2296 876 2368 τοσαύτην
895 2299 1145 2370 μάθησιν
1173 2300 1260 2354 καὶ
1291 2298 1568 2369 τοσαύτην
1593 2296 1825 2367 ἄσκησιν
1845 2317 1958 2355 κο-,

266 2382 521 2449 μίσαντες
541 2378 905 2450 παιδεύωμεν,
935 2379 972 2450 ἥ
999 2402 1055 2435 τε
1078 2384 1199 2451 δίκη
1229 2378 1359 2451 ἡμῖν
1391 2376 1460 2433 οὐ
1490 2382 1755 2449 μέμψεται
1785 2375 1940 2447 αὐτή,

267 2460 369 2531 τήν
388 2480 445 2514 τε
464 2460 630 2515 πόλιν
660 2462 751 2516 καὶ
771 2467 1047 2517 πολιτείαν
1068 2460 1338 2533 σώσομεν,
1365 2459 1620 2525 ἀλλοίους
1640 2463 1698 2515 δὲ
1717 2458 1950 2530 ἄγοντες,

273 2541 361 2596 ἐπὶ
381 2545 555 2596 ταῦτα
577 2538 839 2597 τάναντία
859 2542 1037 2598 πάντα
1067 2544 1158 2598 καὶ
1187 2541 1463 2613 πράξομεν
1490 2543 1581 2596 καὶ
1611 2544 1943 2611 φιλοσοφίας

269 2626 345 2677 ἔτι
362 2629 528 2678 πλειω
548 2626 757 2694 γέλωτα
774 2624 1231 2697 καταντλήσομεν.
1274 2621 1518 2695 Αἰσχρόν
1547 2620 1700 2694 μέντ’
1732 2643 1801 2676 αν
1836 2629 1962 2691 εἴη,Ι

269 2698 305 2775 ἦ
331 2702 383 2758 δ’
407 2703 483 2769 ός
521 2705 687 2761 Πάνυ
705 2729 805 2778 μεν
823 2710 944 2778 οὐν,
966 2705 1147 2762 εἷπον
1176 2714 1393 2778 γελοῖον
1413 2706 1467 2761 δ’
1491 2709 1658 2774 ἔγωγε
1676 2704 1762 2757 καὶ
1786 2704 1845 2756 έν
1864 2708 1950 2775 τῷ

270 2789 505 2859 παρόντι
531 2792 682 2844 ἔοικα
704 2798 921 2845 παθεῖν.
974 2789 1046 2844 Τὸ
1073 2800 1258 2855 ποῖον;
1298 2791 1417 2857 ἔφη.
1451 2783 1847 2854 Ἐπελαθόμην,
1871 2776 1940 2854 ἦν
