1962 3236
230 144 332 196 212
843 149 1323 197 ΠΛΑΤΩΝΟΣ

228 285 568 351 σαφέστερον
602 285 805 352 ἴδωμεν
842 285 892 336 εἰ
925 283 1072 334 ἔστιν
1115 276 1235 335 οἷον
1270 283 1624 354 μαντεύομαι.
1678 291 1908 357 Λείκνυ,

198 365 347 441 Ιἔφη.
387 367 658 433 Δείκνυμι
683 362 766 433 δή,
790 360 963 429 εἶπον,
986 365 1036 415 εἰ
1062 369 1330 434 καθορᾷς,
1361 361 1427 417 τὰ
1456 366 1557 433 μὲν
1589 367 1650 419 ἐν
1677 377 1793 430 ταῖς
1822 371 1910 422 αἰ-

159 452 192 492 Β
225 443 495 513 σθήσεσιν
515 443 584 499 ού
604 449 1034 515 παρακαλοῦντα
1053 441 1155 513 τὴν
1183 443 1381 514 νόησιν
1401 449 1477 509 εἰς
1507 448 1808 515 ἐπίσκεψιν,
1836 446 1909 513 ὠς

225 528 427 589 ἱκανῶς
454 523 561 580 ὑπὸ
594 533 687 595 τῆς
712 524 1023 596 αἰσθήσεως
1053 526 1370 596 κρινόμενα,
1405 525 1471 580 τὰ
1506 526 1564 582 δὲ
1595 528 1911 584 παντάπασι

226 606 659 677 διακελευόμενα
678 609 894 677 ἐκείνην
914 609 1334 678 ἐπισκέψασθαι,
1369 605 1440 672 ὡς
1470 614 1563 678 τῆς
1596 609 1908 679 αἰσθήσεως
1958 666 1962 682 Ἰ,

225 685 392 742 οὐδὲν
430 684 580 757 ὑγιὲς
616 687 894 758 ποιούσης.
957 686 1034 742 To}
1075 689 1392 759 πόρρωθεν,
1435 693 1557 760 ἔφη,
1599 690 1909 790 φαινόμενα
1957 699 1960 702 ”

227 769 447 840 δῆλον
416 792 499 824 οτι
526 773 698 840 λέγεις
717 771 807 825 καὶ
827 792 894 824 τα
915 772 1414 841 ἐσκιαγραφημένα.
1450 770 1534 826 Οὐ
1566 772 1731 842 πάνυ,
1763 775 1835 842 ἦν
1854 771 1962 826 δ’

225 852 351 922 ἐγω,
375 856 558 921 ἔτυχες
577 845 649 907 οὗ
675 856 833 922 λέγω.
869 858 1012 907 Ποῖα
1045 853 1172 922 μήν,
1205 856 1329 923 ἔφη,
1363 854 1558 922 λέγεις;
1596 855 1675 908 Τὰ
1709 876 1807 924 μεν
1839 851 1907 909 ού

226 939 676 1004 παρακαλοῦντα,
698 936 771 1003 ἠν
790 931 844 987 6'
882 933 1006 1003 ἐγώ,
1039 932 1144 987 ὅσα
1170 931 1242 1003 μὴ
1275 936 1514 1004 ἐκβαίνει
1546 938 1620 998 εἰς
1651 937 1907 989 ἐναντίαν
1954 963 1962 1008 3

163 1028 194 1068 C
227 1022 491 1086 αἴσθησιν
519 1014 657 1085 ἅμα·
694 1036 758 1068 τα
798 1013 851 1068 δ’
892 1017 1217 1085 ἐκβαίνοντα
1256 1012 1328 1079 ὡς
1364 1022 1792 1086 παρακαλοῦντα
1827 1021 1909 1070 τί-

224 1104 380 1167 θημι,
403 1094 675 1151 ἐπειδαν“
647 1119 678 1194 η
701 1103 958 1166 αἰσθησις
977 1098 1148 1166 μηδὲν
1166 1102 1378 1166 μᾶλλον
1396 1103 1558 1151 τοῦτο
1587 1093 1624 1168 ἦ
1653 1096 1712 1152 τὸ
1746 1099 1908 1151 ἐναν-
1958 1090 1962 1144 ἶ

224 1183 344 1232 τίον
377 1181 549 1247 δηλοι,
582 1175 677 1232 εἰτ’
721 1176 963 1246 ἐγγύθεν
997 1178 1414 1248 προσπίπτουσα
1446 1184 1551 1232 εἴτε
1591 1176 1903 1248 πόρρωθεν

227 1252 333 1314 ωδε
355 1257 454 1315 δε
434 1258 467 1313 οὶ
497 1261 637 1328 λέγω
668 1263 1010 1327 σαφέστερον
1035 1266 1182 1313 εἰ’.σει
1230 1260 1402 1328 οὗτοι,
1435 1262 1631 1328 φαμέν,
1664 1270 1806 1327 τρεῖς
1835 1281 1906 1312 αν

226 1338 336 1395 εἷεν
361 1337 687 1409 δακτυλοι,
664 1338 698 1393 ό
718 1361 776 1393 τε
797 1338 1155 1409 σμικρότατος
1173 1341 1263 1395 καὶ
1293 1337 1320 1394 6
1354 1341 1607 1409 δεύτερος
1627 1339 1769 1395 καὶ”
1748 1364 1776 1396 ο
1809 1343 1906 1409 με’-

226 1438 334 1486 σος.
359 1421 523 1476 Πάνυ
540 1420 614 1491 γ’,
638 1425 759 1491 ἔφη.
793 1419 885 1485 Ὡς
904 1421 1148 1491 ἐγγύθεν
1166 1427 1359 1476 τοίνυν
1380 1419 1694 1491 ὁρωμένους
1713 1424 1906 1490 λέγον-

224 1503 315 1568 τός
345 1525 455 1574 μου
477 1507 722 1558 διανοοῦ.
761 1501 900 1558 ἄλλα
929 1524 1023 1573 μοι
1052 1506 1175 1573 περὶ
1207 1502 1393 1557 αὐτῶν
1422 1502 1547 1557 τόδε
1578 1502 1785 1558 σκόπει.
1830 1501 1903 1556 Τὸ

225 1597 412 1651 ποῖον;
451 1584 742 1648 Δάκτυλος
768 1585 870 1654 μὲν
905 1583 1090 1638 αὐτῶν
1134 1590 1386 1653 φαίνεται
1427 1581 1626 1652 ὁμοίως
1661 1584 1903 1652 ἕκαστος,

160 1685 194 1725 D
229 1669 319 1721 καὶ
342 1666 513 1737 ταύτῃ
532 1687 593 1735 γε
616 1662 780 1719 οὐδὲν
801 1669 1064 1735 διαφέρει,
1088 1665 1187 1720 ἐάν
1204 1686 1262 1719 τε
1282 1667 1342 1720 ἐν
1361 1667 1507 1738 μέσῳ
1529 1662 1722 1733 ὁρᾶται
1742 1664 1840 1720 ἐοὶν
1862 1662 1903 1718 τ’

225 1749 286 1802 ἐν
306 1748 529 1819 ἐσχάτω,
555 1747 652 1802 ἐάν
671 1769 728 1802 τε
747 1745 943 1812 λευκὸς
969 1747 1065 1803 ἐάν
1091 1769 1147 1802 τε
1177 1750 1359 1818 μέλας,
1391 1745 1488 1801 ἐάν
1511 1768 1567 1801 τε
1598 1746 1772 1816 παχὺς
1806 1747 1905 1801 ἐοέν

223 1850 281 1884 τε
299 1819 511 1898 λεπτός,
533 1830 623 1883 καὶ
644 1835 756 1883 πᾶν
775 1828 807 1883 ὅ
827 1851 878 1883 τι
896 1836 1166 1884 τοιοῦτον.
1207 1832 1267 1884 ἐν
1286 1834 1421 1883 πᾶσι
1441 1827 1546 1898 γὰρ
1567 1827 1780 1893 τούτοις
1801 1826 1902 1882 οὐκ

225 1909 585 1979 ἀναγκάζεται
603 1916 717 1964 τῶν
737 1917 960 1966 πολλῶν
979 1909 1011 1982 ἡ
1035 1910 1181 1981 ψυχὴ
1202 1909 1305 1981 τὴν
1326 1909 1523 1981 νόησιν
1539 1912 1833 2007 ἐπερέσθαι
1852 1922 1902 1963 τί

223 1990 349 2046 ποτ’
371 1994 481 2046 ἐστι
503 1991 800 2056 δάκτυλος·
842 1990 1095 2062 οὐδαμοῦ
1113 2013 1220 2062 γαρ
1241 1992 1274 2061 ἡ
1309 1991 1434 2056 ὄψις
1464 1989 1602 2061 αὐτῇ
1633 1990 1745 2059 ἅμα
1776 1990 1903 2084 ἐση-
1959 2033 1962 2035 .

223 2095 364 2171 μηνε
384 2072 483 2128 τὸν
504 2073 780 2128 δακτυλον
799 2073 1130 2128 τούναντίον
1149 2070 1184 2143 ἢ
1206 2073 1480 2127 δακτυλον
1502 2071 1652 2126 εἶναι.
1693 2070 1775 2126 Ού
1795 2072 1900 2141 γὰρ

223 2158 347 2224 οὐν,
368 2159 487 2225 ἔφη.
513 2153 759 2223 Οὐκοῦν,
780 2148 850 2224 ἦν
873 2152 923 2208 6'
945 2154 1071 2224 ἐγώ,
1094 2154 1315 2218 εἰκότως
1333 2152 1395 2208 τό
1413 2175 1475 2223 γε
1494 2158 1749 2207 τοιοῦτον
1767 2153 1902 2223 νοή-
1954 2167 1962 2199 ¹.

160 2255 192 2295 Ε
224 2251 361 2300 σεως
382 2233 485 2290 οὐκ
506 2231 576 2289 ἂν
597 2236 1007 2306 παρακλητικὸν
1030 2233 1151 2290 οὐδ’
1192 2232 1471 2306 ἐγερτικὸν
1501 2241 1598 2304 εἷ’,η
1637 2234 1895 2298 Εἰκότως.
1943 2282 1962 2303 ,Ἰ

229 2323 298 2372 Τί
314 2315 380 2372 δα
407 2317 504 2387 δή;
542 2315 603 2371 τὸ
635 2320 871 2387 μέγεθος
899 2314 1084 2371 αὐτων
1106 2319 1196 2371 καὶ
1224 2338 1326 2386 την
1355 2314 1687 2386 σμικρότητα
1711 2312 1744 2385 ἡ
1776 2314 1959 2381 ὅψιςξ

223 2421 330 2471 αρα
351 2402 553 2463 ἶκανῶς
590 2396 714 2497 ὁρᾷ,
745 2400 835 2454 καὶ
868 2396 1032 2453 οὐδὲν
1060 2397 1199 2469 αὐτῇ
1233 2400 1480 2469 διαφέρει
1510 2400 1570 2452 ἐν
1598 2401 1743 2470 μέσῳ
1777 2397 1899 2452 τινὰ
1937 2395 1962 2473 ξ

224 2478 414 2535 αὐτων
434 2489 654 2535 κεῖσθαι
673 2480 708 2550 ἦ
727 2482 812 2534 ἐπ’
836 2480 1069 2551 ἐσχάτως
1090 2503 1181 2535 και
1205 2478 1467 2544 ὡσαύτως
1497 2499 1667 2549 παχος
1694 2481 1783 2534 καὶ
1809 2486 1899 2533 λε-
1936 2474 1962 2537 2}

224 2562 462 2632 πτότητα
500 2585 533 2631 η
575 2562 922 2633 μαλακότητα
958 2567 1049 2617 καὶ
1087 2562 1428 2659 σκληρότητα
1462 2559 1494 2632 ἡ
1536 2560 1679 2632 ἁφη;
1717 2564 1806 2616 καὶ
1843 2563 1902 2614 αἱ
1929 2539 1962 2624 {f

223 2643 383 2699 αλλαι
402 2643 689 2715 αἰσθήσεις
709 2643 799 2714 ἀρ’
824 2643 926 2699 οὐκ
956 2648 1156 2709 ἐνδεως
1183 2666 1247 2698 τα
1280 2650 1505 2697 τοιαῦτα
1535 2646 1828 2712 δηλοῦσιν;
1863 2638 1897 2710 ’]’
1932 2632 1962 2756 :ff

1928 2868 1958 2894 :1

1951 3027 1955 3063 ι

1947 1902 1962 1999 ..nc-au
1949 1878 1962 1892 h
1947 1796 1962 1870 uivus.-
1953 1771 1962 1787 .—
1953 1644 1962 1764 ,ΛΠ-α..--
1959 1630 1962 1635 .
1960 1617 1962 1622 .
1959 1579 1962 1609 ....
1952 1551 1954 1553 ’
1957 1509 1962 1513 «
1954 1496 1958 1497 ¹

102 2738 192 2808 524
221 2718 326 2778 ὦδε
345 2735 492 2778 ποιεῖ
508 2723 702 2796 ἑκαστη
725 2723 935 2781 αὐτων·
958 2746 1179 2796 πρωτον
1201 2747 1300 2795 μεν
1318 2747 1351 2827 η
1372 2726 1456 2778 ἐπὶ
1476 2745 1549 2778 τω
1573 2727 1788 2795 σκληρῷ
1809 2743 1896 2775 τε-

222 2807 459 2875 ταγμένη
492 2813 746 2876 αἴσθησις
775 2805 1115 2876 ἠνάγκασται
1143 2809 1232 2860 καὶ
1265 2807 1350 2860 ἐπὶ
1380 2825 1454 2858 τω
1484 2808 1713 2875 μαλακῷ
1742 2802 1891 2857 τετοξ-
1937 2836 1959 2862 ,.
