1962 3236
705 0 809 39 w
828 0 1195 28 ntzwthwwfflw
1212 0 1338 26 :¹†²².'.»i·2*·
1386 7 1393 13 ·
1416 0 1426 4 ’
1460 0 1462 4 ’
1483 0 1488 4 ’

700 184 1177 233 ΠΟΛΙΤΕΙΛΣ
1198 174 1261 245 η’.
1671 179 1775 232 261

96 319 220 390 ἐγώ,
242 322 412 390 λέγεις
429 318 714 387 τυράννου
730 321 927 387 χρῆμα,
950 319 1000 370 εἰ
1016 315 1287 379 τοιούτοις
1303 318 1486 386 φίλοις
1503 336 1559 369 τε
1579 317 1672 370 καὶ
1689 334 1783 371 πι-
1808 329 1894 376 568

96 413 242 464 στοῖς
260 398 495 493 ἀνδράσι
510 405 720 469 χρῆται,
741 394 874 460 τούς
901 398 1203 464 προτέρους
1223 398 1469 461 ἐκείνους
1487 393 1777 461 ἀπολέσας.

92 479 250 535 Ἀλλὰ
271 481 399 550 μήν,
423 485 546 551 ἔφη,
567 478 838 541 τοιούτοις
854 498 917 546 γε
935 483 1143 548 χρῆται.
1190 479 1301 534 Καὶ
1319 476 1670 548 θαυμάζουσι
1693 477 1779 548 δή,

97 562 272 631 εἷπον,
296 555 452 617 οὗτοι
482 563 539 616 οἰ
562 561 765 626 ἑταῖροι
795 556 967 613 αὐτὸν
999 561 1089 614 καὶ
1119 559 1362 624 ξύνεισιν
1392 562 1449 614 οἰ
1473 562 1589 615 νέοι
1623 566 1782 615 πολῖ-

95 666 199 711 ται,
222 646 280 698 oc
305 641 355 698 δ’
396 646 646 704 ἐπιεικεῖς
674 645 904 710 μισοῦσί
934 661 991 693 τε
1021 642 1112 695 καὶ
1142 641 1479 710 φεύγουσιν;
1521 646 1589 696 Τί
1619 638 1673 696 δ’
1712 633 1782 695 οὐ

97 729 418 795 μέλλουσινς
454 721 575 779 Οὐκ
596 721 734 791 ἐτός,
756 714 827 791 ἦν
848 719 900 775 δ’
922 719 1102 791 ε’γω’,ἥ
1133 742 1189 775 τε
1217 725 1493 794 τραγῳδία
1513 720 1655 787 ὅλως
1684 737 1784 777 σο-

97 804 211 874 φὸν
247 809 402 859 δοκεῖ
435 803 573 859 εἶναι
609 803 699 858 καὶ
730 799 759 857 ὁ
795 800 1100 872 Εὐριπίδης
1123 805 1403 872 διαφέρων
1434 806 1491 858 ἐν
1521 799 1675 875 αὐτῇ.
1720 809 1785 858 Τι

96 887 192 956 δή;
216 884 335 940 Ὅτι
355 887 444 940 καὶ
464 890 629 939 τοῦτο
650 890 865 954 πυκνῆς
885 886 1131 947 διανοίας
1160 884 1426 954 ἐχόμενον
1454 886 1782 954 ἐφθέγξατο,

98 966 171 1031 ὠς
208 967 315 1034 ἄρα
355 968 519 1036 σοφοὶ
556 966 828 1036 τύραννοί
855 970 958 1020 εἰσι
994 971 1107 1020 τῶν
1138 972 1334 1036 σοφῶν
1365 971 1652 1040 συνουσίᾳ.
1692 969 1782 1023 καὶ
1812 981 1845 1021 Β
1926 978 1931 982 “

99 1053 245 1116 ἔλεγε
269 1052 439 1118 δῆλον
469 1046 552 1102 ὅτι
572 1047 805 1111 τούτους
835 1045 974 1102 εἶναι
1002 1044 1131 1110 τούς
1160 1046 1373 1117 σοφοὺς
1404 1043 1485 1112 οἷς
1515 1047 1781 1114 ξύνεστιν.

98 1130 207 1183 Καὶ
234 1126 306 1191 ὡς
334 1129 567 1183 ἰσόθεόν
598 1126 673 1198 γ’,
709 1133 831 1198 ἔφη,
857 1129 959 1198 τὴν
988 1132 1291 1196 τυραννίδα
1323 1130 1660 1202 ἐγκωμιάζει,
1693 1132 1786 1187 καὶ

97 1211 252 1277 ἕτερα
274 1209 467 1276 πολλά,
498 1211 587 1264 καὶ
618 1203 780 1275 οὗτος
810 1213 901 1264 καὶ
927 1213 983 1264 οί
1007 1209 1163 1265 ἄλλοι
1193 1215 1425 1281 ποιηταί.
1473 1215 1782 1283 Τοιγάρτοι,

97 1295 255 1361 ἔφην,
271 1289 363 1345 ἅτε
383 1293 548 1360 σοφοὶ
570 1290 726 1355 ὅντες
738 1294 795 1346 οἰ
809 1298 903 1361 τῆς
921 1295 1227 1364 τραγῳδίας
1248 1293 1466 1362 ποιηταὶ
1486 1292 1782 1364 ξυγγιγνοό·

97 1389 330 1427 σκουσιν
349 1369 480 1443 ἡμῖν
499 1394 556 1428 τε
577 1374 667 1428 καὶ
687 1376 931 1441 ἐκείνοις,
954 1370 1077 1427 ὅσοι
1097 1370 1252 1443 ἡμῶν
1281 1371 1445 1443 ἐγγὺς
1464 1374 1779 1430 πολιτεύου

96 1474 200 1521 ται,
239 1450 323 1507 ὅτι
353 1452 556 1518 αὐτοὺς
590 1459 665 1519 εἰς
703 1453 805 1525 τὴν
834 1459 1111 1509 πολιτείαν
1141 1451 1209 1508 οὐ
1230 1454 1656 1526 παραδεξόμεθα
1689 1454 1784 1511 ἅτε

97 1538 427 1601 τυραννίδος
455 1532 713 1606 ὑμνητάς.
763 1533 929 1605 Οἶμαι
959 1533 1143 1605 ἔγωγ’,
1176 1540 1297 1606 ἔφη,
1331 1537 1782 1608 ξυγγιγνιόσκου-

97 1631 186 1669 σιν
205 1613 427 1686 ὅσοιπέρ
447 1638 508 1685 γε
529 1615 716 1671 αὐτῶν
737 1621 954 1687 κομψοί.
996 1621 1092 1680 Εἰς
1112 1618 1177 1671 δέ
1190 1638 1270 1686 γε,
1303 1615 1468 1688 οἶμαι,
1501 1616 1597 1683 τὰς
1617 1617 1785 1684 ἄλλας
1814 1637 1844 1679 o

98 1696 404 1763 περιιόντες
424 1697 624 1767 πόλεις,
646 1700 1000 1766 ξυλλέγοντες
1019 1696 1151 1762 τούς
1170 1695 1384 1768 ὄχλους,
1405 1699 1576 1764 καλὰς
1591 1697 1784 1770 φωνὰς

97 1779 184 1831 καὶ
205 1776 444 1846 μεγάλας
464 1779 554 1832 καὶ
573 1777 817 1843 πιθανάς
837 1778 1255 1849 μισθωσάμενοι
1284 1785 1358 1845 εἰς
1377 1784 1710 1848 τυραννίδας
1728 1802 1784 1835 τε

97 1861 184 1912 καὶ
208 1862 573 1928 δημοκρατίας
601 1860 823 1915 ἕλκουσι
857 1858 954 1924 τὰς
985 1866 1271 1924 πολιτείας.
1314 1860 1484 1916 Μάλα
1514 1883 1591 1931 γε.
1632 1859 1785 1917 Οὐκ-

98 1946 203 1993 οῦν
222 1941 311 1994 καὶ
338 1943 560 2007 προσέτι
579 1940 795 1995 τούτων
814 1940 1055 2011 μισθους
1082 1940 1429 2012 λαμβάνουσι
1458 1945 1549 1998 καὶ
1579 1948 1784 2013 τιμῶν-

97 2042 201 2088 ται,
228 2019 463 2089 μάλιστα
483 2027 602 2090 μέν,
626 2020 810 2090 ὥσπερ
831 2023 889 2077 τὸ
923 2022 1084 2089 εἰκός,
1114 2019 1223 2077 ὑπὸ
1255 2023 1567 2093 τυράννων,
1593 2023 1784 2079 δεύτε-

99 2121 200 2168 ρον
221 2099 278 2154 δὲ
299 2097 407 2154 ὑπὸ
428 2104 820 2171 δημοκρατίας·
870 2101 984 2175 ὅσῳ
1015 2101 1069 2156 δ’
1103 2098 1174 2157 όίν
1200 2102 1458 2173 ἀνωτέρω
1495 2113 1618 2160 ἴωσι
1645 2104 1785 2175 πρὸς

96 2179 157 2235 τὸ
188 2201 422 2245 αναντες
450 2188 563 2236 τῶν
591 2188 899 2253 πολιτειῶν,
931 2190 1144 2253 μᾶλλον
1173 2182 1506 2254 ἀπαγορεύει
1535 2184 1722 2242 αὐτῶν
1748 2184 1781 2257 ἡ
1815 2210 1847 2251 1)

98 2258 242 2330 τιμή,
263 2257 336 2331 [ἡ]
361 2259 543 2332 ωσπερ
572 2260 681 2318 ὑπὸ
714 2262 1000 2335 άσθματος
1030 2264 1389 2322 ἀδυνατοῦσα
1421 2268 1778 2339 πορεύεσθαι.

104 2339 264 2395 Πάνυ
283 2362 383 2411 μεν
403 2337 523 2397 οὖν.

238 2428 365 2482 xlx.
401 2425 560 2481 Ἀλλά
583 2427 669 2497 δή,
693 2426 865 2498 εἷπον,
888 2432 1134 2485 ἐνταῦθα
1152 2432 1253 2501 μὲν
1282 2433 1569 2502 ἐξέβημεν·
1608 2439 1782 2504 λέγω·

97 2526 199 2573 μεν
220 2508 276 2561 δὲ
299 2506 465 2562 πάλιν
485 2510 658 2563 ἐκεῖνο
679 2508 739 2563 τὸ
759 2516 862 2564 τοῦ
878 2510 1163 2581 τυράννου
1184 2513 1558 2582 στρατόπεδον
1588 2511 1649 2568 τὸ
1681 2535 1783 2568 κα-

96 2585 198 2640 λόν
219 2607 273 2641 τε
295 2589 384 2643 καὶ
405 2587 548 2643 πολὺ
567 2589 658 2643 καὶ
683 2595 934 2645 ποικίλον
952 2594 1041 2647 καὶ
1064 2590 1326 2649 οὐδέποτε
1356 2591 1580 2663 ταύτόν,
1601 2592 1782 2649 πόθεν

96 2669 376 2734 θρέψεται.
419 2676 628 2740 Δῆλον,
649 2674 772 2741 ἔφη,
801 2670 904 2742 ὅτι,
926 2672 1022 2727 ἐάν
1047 2694 1103 2728 τε
1135 2673 1254 2742 {eoo}
1289 2673 1534 2745 χρήματα
1564 2668 1601 2748 ᾖ
1625 2678 1686 2732 ἐν
1714 2679 1780 2748 τῇ

95 2754 273 2822 πόλει,
306 2760 477 2809 ταῦτα
507 2753 780 2811 ἀναλώσει
801 2754 924 2811 ὅποι
957 2757 1084 2813 ποτὲ
1117 2753 1188 2813 ἂν
1215 2757 1298 2813 ἀεὶ
1327 2760 1542 2833 ἐξαρκῇ,
1580 2756 1641 2814 τὸ
1668 2763 1781 2814 τῶν

96 2834 476 2906 ἀποδομένων,
514 2837 771 2902 ἐλάττους
810 2837 1070 2907 εἰσφορὰς
1106 2837 1431 2910 άναγκάζων
1467 2840 1565 2895 τὸν
1603 2844 1780 2911 δῆμον
