1962 3236
484 383 875 456 ΤῙΜΑΙΩ
926 382 1282 456 ΛΟΚΡῼ

180 533 378 588 ΠΕΡΙ
427 532 700 601 ΨΓΧΑΣ
731 531 1023 587 ΚΟΣΜΩ
1080 533 1218 587 ΚΑΙ
1263 532 1583 587 ΦΥΣΙΟΣ.
1755 591 1818 633 St

185 705 222 754 1.
269 697 532 785 Τίμαιος’
508 722 537 755 ο
561 696 778 767 Λοκρὸς
797 700 976 754 τάδε
935 720 1082 783 εφα·
1124 699 1227 755 δύο
1249 703 1422 763 αἰτίας
1444 697 1593 786 εἶμεν
1611 651 1826 758 τῶνῃὲἔ
1843 679 1848 685 .

42 771 398 859 συμπάντων,
414 770 551 823 νόον
570 771 670 854 μὲν
687 774 800 822 τῶν
815 768 954 823 κατὰ
974 768 1143 838 λόγον
1162 771 1525 854 γιγνομένων,
1546 766 1726 839 ἀνάγ-

42 861 150 894 καν
169 839 228 894 δὲ
248 845 362 893 τῶν
380 843 473 910 βίᾳ
494 838 691 901 καττάς
713 839 978 922 δυνάμεις
1003 844 1115 892 τῶν
1149 838 1436 924 σωμάτων.
1484 841 1728 894 τουτέων

42 908 101 963 δε
120 930 220 963 τον
213 930 337 994 μεν
361 914 456 971 τοῖς
484 905 714 991 τάγαθῶ
748 907 949 977 φύσιος
981 906 1132 994 εἶμεν
1159 906 1301 962 θεόν
1335 928 1393 962 τε
1430 906 1730 978 όνυμαίνε-

42 984 176 1032 σθαι
197 975 371 1063 ἀρχάν
389 999 445 1032 τε
463 983 575 1031 τῶν
594 975 849 1046 ἀρίστων,
864 980 930 1031 τά
953 975 1006 1032 δ’
1030 977 1272 1047 ἑπόμενά
1284 997 1342 1031 τε
1361 980 1452 1032 καὶ
1473 982 1730 1032 συναίτια

42 1051 118 1111 εἰς
139 1044 393 1130 ἀνάγκαν
413 1045 747 1116 ἀνάγεσθαι·
771 1047 836 1102 τὰ
858 1048 915 1103 δὲ
935 1048 1222 1117 ξύμπαντα
1248 1050 1415 1137 ἰδέαν,
1446 1046 1605 1116 ὕλαν,
1633 1051 1776 1104 αἰ-Β

43 1115 258 1202 σθητόν
294 1138 351 1170 τε
389 1112 507 1171 οἷον
544 1122 777 1183 ἔκγονον
800 1120 1054 1173 τουτέων.
1094 1119 1183 1172 καὶ
1214 1115 1275 1171 τὸ
1313 1116 1414 1187 μὲν
1447 1115 1596 1187 εἰμεν
1628 1115 1730 1182 ἀεί,

43 1183 353 1270 α’γέννατόν
381 1207 439 1239 τε
470 1188 559 1240 καὶ
585 1186 850 1241 ἀκίνατον
871 1188 962 1241 καὶ
991 1190 1162 1256 μένον
1196 1207 1254 1241 τε
1289 1190 1380 1242 καὶ
1415 1193 1512 1251 τοῖς
1547 1184 1729 1241 ταύτω

3 1291 6 1293 Δ
44 1254 263 1322 φύσιος,
304 1256 512 1309 νοατόν
557 1276 615 1310 τε
653 1258 744 1310 καὶ
790 1256 1139 1342 παράδειγμα
1183 1277 1297 1310 των
1342 1258 1727 1326 γεννωμένων,

45 1323 216 1379 ὁκόσα
236 1326 296 1378 ἐν
313 1330 588 1415 μεταβολᾷ
607 1327 745 1380 ἐντί·
782 1330 1038 1380 τοιοῦτον
1057 1326 1165 1395 γάρ
1184 1346 1235 1378 τι
1252 1346 1360 1380 ταν
1390 1329 1543 1380 ἰδέαν
1571 1329 1729 1395 λέγε-
1754 1338 1818 1382 94

46 1398 187 1447 σθαί
218 1414 276 1448 τε
301 1395 393 1449 καὶ
422 1400 678 1464 νοῆσθαι·
710 1395 812 1448 τάν
842 1393 894 1450 δ’
928 1393 1072 1449 ὕλαν
1101 1398 1397 1481 ἐκμαγεῖον
1414 1397 1504 1450 καὶ
1525 1397 1733 1465 ματέρα

44 1462 285 1517 τιθάναν
303 1484 360 1518 τε
380 1466 468 1519 καὶ
462 1485 819 1549 γεννατικαν
839 1463 989 1534 εἰμεν
1012 1470 1110 1529 τᾶς
1128 1469 1311 1532 τρίτας
1332 1461 1549 1528 οὐσίας
1574 1468 1735 1529 δεξα-

46 1534 222 1619 μέυαν
239 1532 344 1601 γὰρ
364 1531 427 1587 w}
450 1530 765 1619 ὁμοιώματα
792 1537 847 1598 ἐς
877 1532 1083 1591 ἑαυτάν
1112 1537 1203 1589 καὶ
1235 1529 1356 1589 οἷον
1385 1532 1736 1621 ἀναμαξαμέ-

46 1622 155 1656 ναν
184 1600 461 1672 άποτελῆν
490 1602 620 1657 τάδε
644 1603 710 1658 τὰ
743 1602 1076 1692 γεννάματα.
1110 1603 1321 1659 ταύταν
1356 1604 1415 1660 δὲ
1450 1626 1556 1659 ταν
1590 1603 1736 1659 ὕλαν

47 1668 229 1726 άῖδιον
249 1673 352 1742 μὲν
372 1675 497 1741 ἔφα,
517 1673 587 1727 οὐ
605 1671 719 1742 μάν
738 1671 1016 1743 ἆκίνατον,
1040 1671 1297 1745 ἄμορφον
1317 1671 1533 1729 δὲκαθ’
1558 1670 1736 1728 αὑταν

48 1741 139 1795 καὶ
158 1739 581 1826 ἀσχημάτιστον,
604 1744 906 1827 δεχομέναν
943 1744 1003 1799 δὲ
1033 1750 1216 1798 πᾶσαν
1251 1745 1495 1816 μορφάν,
1535 1742 1641 1798 τάν
1678 1744 1736 1799 δὲ

49 1811 172 1876 περὶ
202 1833 266 1866 τα
299 1828 522 1896 σωματα
536 1813 811 1899 μεριστάν
840 1812 990 1883 εἶμεν
1018 1815 1107 1869 καὶ
1134 1819 1231 1876 τοῖς
1257 1817 1480 1880 θατέρω
1509 1813 1733 1902 φύσιος·

49 1882 483 1966 ποταγορεύοντι
500 1882 556 1937 δὲ
576 1883 679 1937 τὰν
698 1880 841 1938 ὕλαν
859 1884 1034 1938 τόπον
1053 1891 1143 1939 καὶ
1161 1883 1362 1952 χώραν.
1386 1884 1488 1938 δύο
1511 1906 1592 1938 ων
1612 1885 1731 1937 αἵδε
1764 1891 1797 1932 Β

51 1947 210 2017 α’ρχαὶ
230 1942 419 2017 ἐντί,
379 1972 453 2005 αν
474 1949 535 2006 τὸ
556 1951 659 2019 μὲν
679 1950 821 2016 εἶδος
842 1953 1010 2023 λόγον
1031 1954 1180 2022 ἔχει’
1157 1953 1392 2021 άρρενός
1416 1975 1473 2008 τε
1509 1955 1600 2008 καὶ
1628 1973 1736 2007 πα-

49 2020 195 2088 τρός,
217 2018 252 2073 ά
273 2018 326 2074 δ’
356 2018 463 2075 ὕλα
492 2022 698 2091 θήλεός
722 2043 778 2076 τε
807 2025 896 2078 καὶ
891 2026 1173 2109 ματέρος·
1213 2028 1366 2092 τρίτα
1400 2022 1460 2077 δε
1489 2021 1638 2093 εἶμεν
1666 2020 1732 2078 τὰ

51 2089 109 2143 ἐκ
135 2089 350 2144 τούτων
384 2092 607 2177 ἔκγονα·
645 2095 768 2160 τρία
795 2092 852 2147 δὲ
883 2090 1016 2147 ὅντα
1044 2095 1185 2159 τρισὶ
1213 2097 1595 2163 γνωρίζεσθαι,
1633 2090 1736 2146 τάν

49 2178 153 2227 μεν
171 2162 322 2213 ἰδέαν
335 2158 454 2248 νόῳ
467 2181 569 2215 κατ
577 2158 934 2231 ’ἐπιστάμαν,
949 2160 1053 2216 τάν
1073 2160 1127 2216 δ’
1150 2162 1292 2218 ὕλαν
1311 2168 1555 2251 λογισμῷ
1577 2160 1735 2234 νόθῳ

50 2233 125 2311 τῷ
147 2227 311 2315 μήπω
332 2216 454 2283 κατ’
476 2228 799 2313 εὐθυωρίαν
817 2237 1057 2316 νοῆσθαι
1087 2230 1228 2287 ἀλλὰ
1259 2230 1377 2287 κατ’
1412 2218 1736 2301 ἀναλογίαν,

52 2297 116 2350 τὰ
137 2295 189 2351 δ’
212 2294 638 2367 άπογεννάματα
659 2301 887 2370 αἰσθήσι
906 2302 997 2356 καὶ
1022 2301 1170 2374 δόξᾳ.

194 2381 253 2430 11.
294 2380 451 2464 Πρὶν
466 2401 546 2433 ων
577 2378 800 2447 ωρανόν
829 2384 1111 2465 γενέσθαι,
1142 2382 1290 2455 λόγῳ
1319 2382 1494 2454 ἤστην
1528 2384 1646 2438 ἰδέα
1681 2402 1738 2436 τε

53 2449 142 2500 καὶ
173 2445 278 2501 ῧλα
309 2445 451 2502 καὶ
424 2471 453 2504 ο
475 2449 608 2513 θεὸς
629 2450 963 2520 δαμιουργὸς
994 2472 1069 2505 τω
1098 2456 1404 2520 βελτίονος·
1443 2453 1556 2507 ἐπεὶ
1588 2451 1646 2507 δὲ
1674 2449 1734 2505 τὸ
1765 2467 1796 2509 C

53 2516 432 2603 πρεσβύτερον
451 2518 662 2604 κάρρον
682 2520 795 2574 ἐστὶ
822 2525 896 2573 τῶ
916 2522 1164 2604 νεωτέρω
1193 2523 1283 2575 καὶ
1315 2521 1375 2576 τὸ
1398 2524 1739 2605 τεταγμένον

54 2589 160 2651 πρὸ
182 2592 259 2640 τῶ
278 2585 509 2668 άτάκτω,
531 2585 749 2675 άγαθὸς
768 2609 850 2641 ων
869 2586 898 2642 6
927 2587 1061 2652 θεὸς
1089 2587 1239 2658 ὁρων
1264 2611 1321 2644 τε
1349 2588 1453 2645 τάν
1472 2588 1615 2644 ’ὕλαν
1648 2592 1740 2645 δε-

52 2674 181 2723 χομε
191 2677 293 2709 ναν
311 2656 415 2709 τὰν
433 2660 584 2712 ἰδέαν
604 2659 693 2712 καὶ
712 2656 1118 2745 άλλοιουμέναν
1148 2663 1422 2724 παντοίως
1453 2662 1571 2730 μέν,
1602 2656 1740 2713 ἀτά-

54 2745 195 2788 κτως
215 2729 290 2792 δέ,
315 2725 464 2806 έδῆτ’
488 2731 563 2790 εἰς
582 2727 733 2792 τάξιν
752 2725 929 2782 αὐτὰν
948 2725 1100 2813 ἄγεν
1102 2730 1192 2783 καὶ
1213 2730 1266 2794 ἐξ
1286 2727 1562 2796 ἀορίστων
1581 2749 1737 2799 μετα-

56 2797 230 2852 βολᾶν
250 2797 303 2858 ές
324 2793 637 2865 ὡρισμέναν
658 2803 1006 2866 καταστᾶσαι,
1026 2796 1100 2852 ἵν’
1125 2796 1387 2868 ὁμόλογοι
1407 2800 1493 2856 ταὶ
1522 2801 1740 2869 διακρί-
