1962 3236
275 181 376 233 186
884 180 1363 227 ΠΛΑΤΩΝΟΣ

275 319 468 380 δειξιν·
507 315 622 369 ἐπεὶ
651 314 741 368 καὶ
774 311 836 366 τὸ
875 309 1073 366 λοιπὸν
1105 308 1173 365 οὐ
1200 305 1420 374 πάντως
1450 313 1656 383 ρ’ᾆστον
1683 315 1941 366 διελθεῖν.

281 396 354 450 Τὸ
391 407 582 461 ποῖον;
623 398 757 448 Τίνα
793 392 1004 459 τρόπον
1032 393 1501 461 μεταχειριζομένη
1529 389 1686 454 πόλις
1715 397 1943 460 φιλοσο-

274 481 410 545 φίαν
428 473 496 530 οὐ
515 478 784 529 διολεῖται.
822 469 886 525 τοὶ
905 468 1011 542 γὰρ
1031 469 1096 540 δὴ
1115 469 1325 540 μεγάλα
1343 468 1523 526 πάντα
1543 472 1832 541 ἐπισφαλῆ,
1855 473 1946 526 καὶ

213 567 246 606 E
273 555 333 611 τὸ
356 556 659 626 λεγόμενον
691 552 757 607 τὰ
780 552 919 607 καλὰ
946 558 1022 623 τῷ
1050 551 1168 606 ὅντι
1195 552 1419 622 χαλεπά.
1471 550 1611 607 Ἀλλ’
1634 550 1798 622 ὅμως,
1823 556 1944 624 ἔφη,

274 637 482 706 λαβέτω
517 637 670 698 τέλος
704 630 737 704 ἡ
776 630 1066 702 ἀπόδειξις,
1098 634 1301 688 τούτου
1339 640 1590 702 φανεροῦ
1624 634 1944 703 γενομένου.

279 715 364 771 Οὐ
381 715 441 771 τὸ
465 714 538 787 μὴ
559 715 881 786 βούλεσθαι,
901 708 976 785 ἦν
1004 712 1055 768 δ’
1091 714 1215 784 ἐγώ,
1247 712 1348 769 ἀλλ
1363 711 1376 730 ’
1406 722 1574 785 εἴπερ,
1594 712 1655 768 τὸ
1675 714 1746 784 μὴ
1768 713 1942 768 δύνα-

276 804 412 852 σθαι
431 794 780 851 διακωλύσει·
820 793 1014 863 παρών
1035 794 1092 849 δὲ
1106 793 1206 864 τήν
1224 791 1275 863 γ’
1301 795 1436 896 ἐμὴν
1455 800 1778 865 προθυμίαν
1797 802 1943 850 εἴσει.

275 877 469 932 σκόπει
487 875 547 933 δὲ
562 877 652 932 καὶ
674 883 798 944 νῦν,
821 897 894 939 ως
913 874 1219 944 προθύμως
1250 876 1340 928 καὶ
1370 878 1948 943 παρακινδυνευτικως

274 962 451 1029 μέλλω
475 960 670 1027 λέγειν,
692 955 777 1011 ὅτι
805 952 1132 1009 τούναντίον
1157 950 1193 1022 ἢ
1219 959 1328 1007 νῦν
1350 957 1437 1007 δεῖ
1457 959 1557 1007 τοῦ
1586 953 1948 1023 ἐπιτηδεύμα-

274 1059 366 1103 τος
387 1037 591 1092 τούτου
611 1037 776 1091 πόλιν
805 1034 1094 1089 ἅπτεσθαι.
1132 1039 1288 1099 Πῶς,
1325 1040 1456 1088 Νῦν
1486 1034 1603 1103 μέν,
1634 1028 1705 1103 ἦν
1738 1031 1786 1088 δ’
1823 1034 1946 1104 ἐγώ,

162 1128 252 1174 498
286 1123 342 1175 oc
355 1121 445 1174 καὶ
466 1117 765 1188 απτόμενοι
783 1117 1040 1187 μειράκια
1055 1114 1190 1170 όντα
1211 1113 1331 1187 ἄρτι
1354 1117 1413 1170 έκ
1435 1119 1646 1170 παίδων
1664 1114 1723 1170 τὸ
1746 1114 1946 1186 μεταξὺ

276 1205 593 1270 οἰκονομίας
623 1199 714 1254 καὶ
743 1202 1117 1268 χρηματισμοῦ
1137 1195 1534 1266 πλησιάσαντες
1554 1194 1728 1251 αὐτοῦ
1747 1218 1820 1250 τω
1850 1219 1948 1267 χα-

274 1279 564 1352 λεπωτατω
589 1277 1040 1346 απαλλάττονται,
1062 1279 1119 1332 οἱ
1134 1276 1578 1346 φιλοσοφώτατοι
1596 1278 1956 1351 ποιούμενοι·

275 1364 416 1431 λέγω
455 1360 514 1416 δὲ
546 1357 930 1430 χαλεπώτατον
973 1355 1034 1411 τὸ
1074 1358 1197 1424 περὶ
1233 1356 1363 1420 τοὺς
1397 1356 1626 1425 λόγους·
1671 1359 1731 1411 ἐν
1775 1357 1834 1412 δε
1872 1364 1949 1429 τῷ

275 1445 475 1510 ἔπειτα,
497 1439 596 1496 ἐὰν
625 1440 715 1494 καὶ
743 1437 928 1494 ἄλλων
957 1444 1120 1493 τοῦτο
1150 1436 1506 1504 πραττόντων
1526 1437 1947 1507 παρακαλούμε-

276 1543 363 1577 νοι
381 1522 650 1577 ἐθέλωσιν
680 1519 942 1588 ἀκροαταὶ
968 1523 1275 1589 γίγνεσθαι,
1298 1517 1507 1588 μεγάλα
1525 1515 1788 1589 ἡγοῦνται
1807 1518 1950 1587 ποέρν

278 1623 442 1673 εργον
479 1601 723 1671 οἰόμενοι
757 1597 891 1653 αὐτὸ
931 1603 1048 1654 δεῖν
1077 1598 1359 1667 πράττειν·
1407 1598 1544 1669 πρὸς
1577 1599 1635 1654 δὲ
1678 1596 1739 1670 τὸ
1776 1605 1948 1669 γῆρας

277 1682 432 1747 ε’κτὸς
452 1682 519 1753 δή
539 1703 708 1736 τινων
737 1681 942 1750 ὀλίγων
964 1679 1405 1751 ἀποσβέννυνται
1435 1677 1578 1734 πολὺ
1609 1685 1818 1749 μᾶλλον
1846 1685 1950 1733 τοῦ

220 1775 252 1815 Β
269 1762 675 1833 Ἡρακλειτείου
693 1760 871 1832 ἡλίου,
895 1759 1030 1816 ὅσον
1061 1756 1228 1826 αὖθις
1258 1759 1359 1816 οὐκ
1388 1760 1718 1826 ε’ξοὲπτονται.
1769 1767 1874 1814 Δεῖ
1891 1760 1949 1814 δὲ

275 1865 417 1909 πως·
405 1885 418 1910 ,
449 1848 569 1915 ἔφη.
608 1850 733 1898 Πᾶν
752 1841 1082 1898 τούναντίον
1101 1864 1353 1913 μειρακια
1375 1844 1475 1913 μὲν
1493 1841 1627 1898 ὅντα
1647 1843 1735 1895 καὶ
1755 1843 1950 1904 παῖδας

280 1926 615 1997 μειρακιώδη
655 1928 907 1979 παιδείαν
955 1926 1046 1979 καὶ
1091 1929 1430 1994 φιλοσοφίαν
1467 1925 1962 1993 μεταχειρίζεσθαι,-

277 2029 390 2061 των
416 2027 475 2060 τε
506 2005 793 2076 σωμάτων,
823 2007 883 2059 ἐν
914 1997 959 2077 ᾦ
987 2005 1281 2075 βλαστάνει
1314 2025 1371 2059 τε
1402 2006 1492 2058 καὶ
1527 2002 1842 2072 ἀνδροῦται,
1882 2004 1946 2054 εὐ

277 2087 421 2158 μάλα
468 2089 868 2156 ἐπιμελεῖσθαι,
916 2081 1221 2153 ὑπηρεσίαν
1267 2087 1568 2154 φιλοσοφία
1613 2084 1948 2151 κτωμένους·

278 2165 578 2235 προιούσης
601 2168 658 2220 δε
677 2171 771 2234 τῆς
790 2163 1018 2234 ἡλικίας,
1040 2166 1099 2217 ἐν
1116 2157 1154 2234 ᾗ
1171 2161 1204 2232 ἡ
1230 2163 1375 2233 ψυχη
1407 2168 1758 2216 τελειοῦσθαι
1787 2160 1951 2262 ἄρχε-

280 2270 383 2315 ται,
406 2251 692 2302 ἐπιτείνειν
711 2246 776 2300 τοὶ
797 2249 1006 2315 ἐκείνης
1023 2243 1328 2314 γυμνάσια·
1365 2243 1499 2297 ὅταν
1530 2242 1588 2297 δε
1618 2240 1758 2312 λήγῃ
1787 2241 1886 2311 μεν
1916 2238 1949 2311 ἡ

222 2343 253 2384 C
283 2328 454 2400 ῥώμη,
485 2334 783 2383 πολιτικῶν
813 2327 871 2381 δὲ
898 2328 988 2380 καὶ
1018 2331 1317 2391 στρατειῶν
1348 2323 1500 2387 ἐκτὸς
1533 2329 1799 2392 γίγνηται,
1828 2322 1962 2376 τότεἶ

274 2408 380 2480 ’ἤδη
410 2408 647 2478 ἀφέτους
674 2412 939 2478 νέμεσθαι
958 2410 1049 2462 καὶ
1069 2407 1239 2478 μηδὲν
1272 2407 1405 2462 ἄλλο
1436 2405 1709 2475 πράττειν,
1740 2404 1771 2459 ὅ
1799 2427 1848 2459 τι
1877 2402 1962 2480 μὴζ

279 2491 576 2560 πάρεργον,
596 2488 725 2553 τούς
746 2492 1042 2559 μέλλοντας
1062 2488 1402 2559 εὐδαιμόνως
1422 2487 1725 2558 βιώσεσθαι
1749 2487 1838 2540 καὶ
1860 2489 1962 2539 τε-·”’

284 2570 654 2642 λευτήσαντας
672 2577 750 2643 τῷ
768 2576 868 2643 βίῳ
890 2577 967 2643 τῷ
987 2572 1302 2641 βεβιωμένῳ
1333 2566 1434 2638 τὴν
1466 2571 1579 2622 ἐκεῖ
1600 2578 1798 2636 μοῖραν
1833 2559 1962 2618 ἐπι-ἐ

281 2651 500 2722 στήσειν
520 2656 854 2721 πρέπουσαν.
1954 2646 1958 2659 ¹

418 2738 524 2788 XII.
569 2733 660 2797 Ως
689 2732 912 2804 ἆληθως
942 2756 1033 2803 μοι
1063 2737 1255 2802 δοκεῖς,
1287 2738 1409 2801 ἔφη,
1436 2732 1616 2799 λέγειν
1645 2749 1705 2797 γε
1729 2727 1962 2801 προθύ-··

279 2836 408 2883 μως,
432 2810 475 2869 05
496 2815 815 2883 Σώκρατες·
855 2814 1002 2884 οἶμαι
1022 2816 1209 2884 μέντοι
1232 2812 1359 2874 τοὺς
1379 2809 1618 2871 πολλοὺς
1644 2815 1755 2862 τῶν
1778 2830 1947 2862 ακον-
