1962 3236
178 157 284 210 312
787 163 1270 212 ΠΛΑΤΩΝΟΣ

115 301 147 340 Ε
179 291 450 363 τηκότων·
492 293 589 358 οὓς
628 296 918 364 οἰομένους
954 293 1059 365 ἤδη
1097 292 1481 368 ἀναβήσεσθαι
1519 297 1621 353 οὐκ
1657 301 1867 369 ἐδέχετο

177 374 238 429 τὸ
257 373 502 445 στόμιον,
534 372 656 429 ἀλλ’
691 377 948 446 ἐμυκᾶτο,
981 372 1144 431 ὁπότε
1169 397 1246 440 τις
1279 380 1393 432 τῶν
1422 375 1599 443 οὕτως
1628 376 1868 444 ἀνιάτως

178 453 419 525 ἐχόντων
441 459 516 518 είς
547 458 820 526 πονηρίαν
839 453 874 526 ἦ
893 455 966 526 μὴ
990 459 1193 521 ἱκανῶς
1214 453 1467 523 δεδωκὼς
1487 463 1646 530 δίκην
1667 461 1866 529 ἐπιχει-

178 547 272 604 ροῖ
301 533 527 591 ἀνιέναι.
565 538 814 591 ἐνταῦθα
849 535 916 607 δὴ
953 536 1170 608 ἄνδρες,
1210 538 1389 609 «ξ’φη,
1367 539 1566 637 άγριοι,
1605 541 1865 611 διάπυροι

179 620 332 684 ἰδεῖν,
363 621 706 686 παρεστῶτες
735 618 826 673 καὶ
843 619 1372 689 καταμανθάνοντες
1402 620 1463 676 τὸ
1491 624 1717 692 φθέγμα
1736 621 1872 685 τοὺς.

178 701 278 768 μὲν
295 695 650 768 διαλαβόντες
670 700 825 770 ἡγον,
854 698 954 755 τὸν
986 703 1044 755 δὲ
1076 698 1349 770 Ἀρδιαῖον
1381 705 1471 757 καὶ
1503 703 1705 767 ἄλλους
1724 719 1868 772 συμ-

62 791 148 836 616
178 781 502 842 ποδίσαντες
522 778 703 848 χεῖράς
721 800 778 834 τε
802 782 893 835 καὶ
912 781 1086 846 πόδας
1105 783 1197 836 καὶ
1217 782 1486 852 κεφαλήν,
1517 785 1866 853 καταβαλόν-

176 881 263 924 τες
283 860 374 914 καὶ
394 861 751 932 ἐκδείραντες,
776 857 959 916 εἷλκον
976 859 1126 932 παρὰ
1147 859 1249 931 τὴν
1270 860 1403 916 ὁδὸν
1416 861 1568 927 ἐκτὸς
1586 862 1670 918 ἐπ’
1696 862 1865 918 ἀσπα-

177 943 372 998 λάθων
411 941 749 1007 κνάπτοντες
790 946 880 998 καὶ
918 955 1031 1007 τοῖς
1066 941 1150 998 ἀεὶ
1187 949 1452 1012 παριοῦσι
1488 951 1863 1015 σημαίνοντες,

180 1017 260 1078 ῶν
299 1023 461 1078 ἕνεκά
496 1044 554 1077 τε
593 1026 684 1078 καὶ
727 1028 802 1088 εἰς
837 1023 869 1079 ὅ
905 1046 956 1079 τι
995 1023 1112 1094 [τὸν
1141 1024 1435 1094 τάρταρον]
1465 1025 1866 1096 ἐμπεσούμενοι

179 1104 423 1175 ἄγοιντο,
449 1107 590 1159 ἔνθα
613 1102 679 1175 δὴ
714 1105 928 1176 φόβων,
962 1111 1085 1177 ἔφη,
1117 1111 1344 1162 πολλῶν
1374 1109 1465 1161 καὶ
1495 1111 1867 1162 παντοδαπῶν

179 1195 338 1284 σφίσι
359 1186 676 1256 γεγονότων
694 1193 896 1241 τοῦτον
916 1185 1300 1258 ὑπερβάλλειν,
1321 1185 1393 1256 μὴ
1416 1189 1631 1255 γένοιτο
1653 1189 1863 1259 ἑκάστῳ

175 1268 237 1323 τὸ
261 1271 504 1339 φθέγμα,
527 1267 617 1323 ὅτε
637 1265 946 1338 ἀναβαίνοι,
968 1270 1058 1322 και
1069 1266 1440 1338 ασμενεστατα
1461 1268 1866 1338 έκαστονσιγή-

180 1367 378 1414 σαντος
410 1347 700 1420 ἀναβῆναι.
750 1352 840 1404 καὶ
869 1349 964 1414 τὰς
976 1350 1093 1450 ςμὲν
1125 1349 1192 1419 δὴ
1223 1353 1377 1413 δίκας
1402 1371 1460 1404 τε
1490 1351 1580 1404 καὶ
1606 1355 1863 1420 τιμωρίας

115 1452 145 1492 Β
175 1430 434 1494 τοιαύτας
460 1428 614 1495 τινὰς
634 1429 790 1499 εἶναι,
810 1433 902 1486 καὶ
924 1434 995 1485 αὐ
1018 1431 1113 1495 τὰς
1133 1430 1446 1499 εὐεργεσίας
1466 1430 1689 1494 ταύταις
1710 1428 1866 1484 ἀντι-

178 1511 481 1583 στρόφους·
520 1512 703 1582 ἐπειδὴ
742 1513 801 1567 δὲ
839 1524 951 1576 τοῖς
976 1515 1035 1567 ἐν
1067 1518 1145 1566 τῶ
1177 1515 1402 1581 λειμῶνι
1442 1511 1688 1575 ἑκάστοις
1729 1509 1862 1566 ἑπτά

176 1591 373 1665 ἡμέραι
393 1596 663 1664 γένοιντο,
686 1592 1031 1658 ἀναστάντας
1051 1596 1318 1649 ἐντεῦθεν
1344 1596 1461 1647 δεῖν
1480 1597 1547 1663 τῇ
1569 1590 1741 1663 ὀγδόῃ
1760 1611 1864 1647 πο-

179 1674 474 1746 ρεύεσθαι,
512 1676 603 1730 καὶ
645 1673 1004 1745 ἀφικνεῖσθαι
1043 1679 1403 1743 τεταρταίους·
1429 1673 1569 1729 ὅθεν
1605 1679 1871 1746 καθορᾷν

179 1755 407 1812 ἄνωθεν
433 1755 522 1811 διὰ
542 1756 748 1821 παντὸς
776 1763 875 1812 τοῦ
897 1755 1146 1825 ούρανοῦ
1178 1758 1269 1811 καὶ
1298 1761 1398 1825 γῆς
1426 1758 1724 1825 τεταμένον
1745 1761 1873 1824 φῶς·

181 1836 347 1909 εὐθύ,
371 1834 490 1894 οἷον
510 1843 688 1910 κίονα,
709 1839 944 1909 μάλιστα
965 1846 1032 1910 τῇ
1052 1842 1186 1911 ἴριδι
1217 1842 1524 1909 προσφερῆ,
1553 1836 1863 1907 λαμπρότε-

181 1941 283 1989 ρον
304 1920 361 1975 δὲ
394 1923 484 1974 καὶ
510 1920 927 1992 καθαρώτερον.
981 1925 1056 1985 είς
1092 1916 1122 1974 ὃ
1160 1917 1462 1989 ἀφικέσθαι
1486 1917 1869 1988 προελθόντας

122 2020 153 2061 c
178 1997 484 2071 ἡμερησίαν
501 1998 655 2071 ὁδόν,
675 2003 767 2057 καὶ
794 2005 929 2057 ἰδεῖν
960 1998 1163 2057 αὐτόθι
1190 2000 1328 2055 κατὰ
1353 1999 1523 2069 μέσον
1554 1998 1615 2053 τὸ
1649 2003 1769 2067 φῶς
1798 1998 1858 2050 ἐκ

179 2090 282 2138 τοῦ
301 2083 552 2154 οὐρανοῦ
568 2084 634 2139 τὰ
655 2086 798 2156 ἄκρα
819 2085 996 2140 αὐτοῦ
1014 2091 1125 2139 τῶν
1146 2087 1363 2152 δεσμῶν
1382 2082 1647 2149 τεταμένα
1661 2099 1671 2109 ·
1719 2075 1855 2130 εἶναι

178 2163 285 2235 γὰρ
305 2170 470 2219 τοῦτο
493 2166 554 2220 τὸ
579 2171 699 2235 φῶς
719 2166 1026 2235 ξύνδεσμον
1055 2169 1156 2219 τοῦ
1190 2161 1455 2232 οὐρανοῦ,
1478 2157 1598 2216 οἷον
1621 2156 1686 2212 τὰ
1717 2156 1862 2211 ὑπο-

179 2247 396 2317 ζῶματα
417 2251 531 2302 τῶν
557 2245 815 2318 τριήρων,
838 2245 983 2302 οὕτω
1014 2254 1198 2301 πᾶσαν
1229 2247 1457 2314 ξυνέχον
1487 2242 1588 2312 τὴν
1625 2260 1861 2309 περιφο--
1927 2280 1934 2282 -

179 2326 309 2397 ράν·
349 2329 407 2381 ἐκ
429 2328 486 2381 δὲ
505 2331 618 2381 τῶν
638 2325 827 2397 άκρων
846 2329 1143 2396 τεταμένον
1167 2323 1431 2394 Ἀνάγκης
1448 2321 1754 2424 άτρακτον,
1786 2317 1861 2373 δι’

177 2402 246 2466 οὗ
266 2408 445 2473 πάσας
465 2410 893 2480 ἐπιστρέφεσθαι
912 2431 1007 2473 τας
1027 2407 1465 2478 περιφοράς·ού
1487 2403 1588 2474 τὴν
1607 2426 1705 2474 μεν
1723 2399 1862 2471 ἠλα-

176 2491 351 2562 κάτην
385 2512 443 2546 τε
480 2492 571 2546 καὶ
611 2489 671 2545 τὸ
712 2490 1009 2560 ἄγκιστρον
1035 2488 1174 2544 εἶναι
1208 2491 1261 2554 ἐξ
1300 2484 1629 2557 ἀδάμαντος,
1668 2482 1768 2538 τὸν
1802 2485 1862 2537 δε

178 2574 501 2643 σφόνδυλον
522 2572 716 2642 μικτὸν
735 2576 794 2627 ἐκ
815 2595 873 2627 τε
891 2571 1095 2626 τούτου
1118 2573 1206 2626 καὶ
1229 2569 1414 2625 ἄλλων
1441 2571 1640 2638 γενῶν.
1677 2563 1777 2634 τὴν
1799 2564 1859 2617 δὲ

107 2681 143 2721 1)
176 2661 277 2710 τοῦ
300 2655 623 2724 σφονδύλου
645 2653 819 2724 φύσιν
839 2653 978 2710 εἶναι
999 2653 1239 2708 τοιάνδε·
1263 2651 1322 2706 τὸ
1345 2672 1445 2720 μεν
1471 2654 1648 2718 σχῆμα
1667 2648 1859 2714 οἵαπερ

175 2734 207 2806 ἦ
228 2742 329 2790 τοῦ
356 2735 584 2791 ἐνθάδε·
623 2742 819 2806 νοῆσαι
858 2739 916 2790 δὲ
951 2739 1038 2790 δεῖ
1062 2738 1115 2800 ἐξ
1148 2756 1226 2788 ων
1256 2736 1406 2802 ἔλεγε
1441 2729 1655 2784 τοιόνδε
1685 2724 1859 2780 αυτόν

175 2815 332 2887 εἶναι,
359 2815 541 2886 ὥσπερ
570 2813 642 2872 ἀν
680 2822 729 2872 εἰ
763 2821 822 2872 ἐν
853 2818 932 2873 ἐνὶ
969 2817 1186 2888 μεγάλῳ
1223 2811 1522 2883 σφονδύλῳ
1550 2812 1727 2880 κοίλῳ
1768 2807 1857 2861 καὶ
