<?xml version="1.0" encoding="UTF-8"?>
<!DOCTYPE html PUBLIC "-//W3C//DTD XHTML 1.0 Transitional//EN"
    "http://www.w3.org/TR/xhtml1/DTD/xhtml1-transitional.dtd">
<html xmlns="http://www.w3.org/1999/xhtml" xml:lang="en" lang="en">
 <head>
  <title>
</title>
<meta http-equiv="Content-Type" content="text/html;charset=utf-8" />
  <meta name='ocr-system' content='tesseract 3.04.00' />
  <meta name='ocr-capabilities' content='ocr_page ocr_carea ocr_par ocr_line ocrx_word'/>
</head>
<body>
  <div class='ocr_page' id='page_1' title='image "./dialogisecumdumt04platuoft_0238.png"; bbox 0 0 1962 3236; ppageno 0'>
   <div class='ocr_carea' id='block_1_1' title="bbox 236 0 1962 233">
    <p class='ocr_par' dir='ltr' id='par_1_1' title="bbox 236 0 1962 233">
     <span class='ocr_line' id='line_1_1' title="bbox 1937 0 1962 35; baseline 0 -2"><span class='ocrx_word' id='word_1_1' title='bbox 1937 0 1962 35; x_wconf 59' lang='lat' dir='ltr'><strong>w</strong></span> 
     </span>
     <span class='ocr_line' id='line_1_2' title="bbox 236 0 1934 233; baseline 0.002 -3"><span class='ocrx_word' id='word_1_2' title='bbox 236 180 338 231; x_wconf 78' lang='lat'><em>202</em></span> <span class='ocrx_word' id='word_1_3' title='bbox 850 179 1324 229; x_wconf 76' lang='grc' dir='ltr'><em>ΠΛΑΤΩΝΟΣ</em></span> <span class='ocrx_word' id='word_1_4' title='bbox 1889 0 1934 233; x_wconf 47' lang='grc' dir='ltr'><em>ζ</em></span> 
     </span>
    </p>
   </div>
   <div class='ocr_carea' id='block_1_2' title="bbox 1036 479 1108 528">
    <p class='ocr_par' dir='ltr' id='par_1_2' title="bbox 1036 479 1108 528">
     <span class='ocr_line' id='line_1_3' title="bbox 1036 479 1108 528; baseline -0.014 0"><span class='ocrx_word' id='word_1_5' title='bbox 1036 479 1108 528; x_wconf 87' lang='grc' dir='ltr'><em>Ζ.</em></span> 
     </span>
    </p>
   </div>
   <div class='ocr_carea' id='block_1_3' title="bbox 124 632 1962 2901">
    <p class='ocr_par' dir='ltr' id='par_1_3' title="bbox 124 632 1918 1112">
     <span class='ocr_line' id='line_1_4' title="bbox 124 632 1917 713; baseline -0.003 -15"><span class='ocrx_word' id='word_1_6' title='bbox 124 653 210 698; x_wconf 82' lang='lat'><em>514</em></span> <span class='ocrx_word' id='word_1_7' title='bbox 376 640 413 690; x_wconf 91' lang='lat'><em>1.</em></span> <span class='ocrx_word' id='word_1_8' title='bbox 454 635 614 690; x_wconf 78' lang='grc' dir='ltr'><em>Μετὰ</em></span> <span class='ocrx_word' id='word_1_9' title='bbox 644 639 816 689; x_wconf 82' lang='grc' dir='ltr'><em>ταῦτα</em></span> <span class='ocrx_word' id='word_1_10' title='bbox 838 632 922 705; x_wconf 80' lang='grc' dir='ltr'><em>δή,</em></span> <span class='ocrx_word' id='word_1_11' title='bbox 954 633 1125 706; x_wconf 86' lang='grc' dir='ltr'><em>εἶπον,</em></span> <span class='ocrx_word' id='word_1_12' title='bbox 1156 634 1457 692; x_wconf 78' lang='grc' dir='ltr'><em>ἀπείκασον</em></span> <span class='ocrx_word' id='word_1_13' title='bbox 1485 639 1716 713; x_wconf 78' lang='grc' dir='ltr'><strong><em>τοιούτῳ</em></strong></span> <span class='ocrx_word' id='word_1_14' title='bbox 1747 640 1917 693; x_wconf 87' lang='grc' dir='ltr'><em>πάθει</em></span> 
     </span>
     <span class='ocr_line' id='line_1_5' title="bbox 237 714 1916 787; baseline 0.001 -16"><span class='ocrx_word' id='word_1_15' title='bbox 237 716 340 787; x_wconf 83' lang='grc' dir='ltr'><em>τὴν</em></span> <span class='ocrx_word' id='word_1_16' title='bbox 357 714 629 786; x_wconf 79' lang='grc' dir='ltr'><em>ἡμετέραν</em></span> <span class='ocrx_word' id='word_1_17' title='bbox 643 715 816 784; x_wconf 82' lang='grc' dir='ltr'><em>φύσιν</em></span> <span class='ocrx_word' id='word_1_18' title='bbox 836 718 1083 779; x_wconf 78' lang='grc' dir='ltr'><em>παιδείας</em></span> <span class='ocrx_word' id='word_1_19' title='bbox 1102 737 1159 770; x_wconf 90' lang='grc' dir='ltr'><em>τε</em></span> <span class='ocrx_word' id='word_1_20' title='bbox 1180 720 1303 786; x_wconf 89' lang='grc' dir='ltr'><em>πέρι</em></span> <span class='ocrx_word' id='word_1_21' title='bbox 1322 719 1413 772; x_wconf 86' lang='grc' dir='ltr'><em>καὶ</em></span> <span class='ocrx_word' id='word_1_22' title='bbox 1433 715 1803 784; x_wconf 88' lang='grc' dir='ltr'><em>ἀπαιδευσίας.</em></span> <span class='ocrx_word' id='word_1_23' title='bbox 1837 720 1916 773; x_wconf 79' lang='grc' dir='ltr'><em>ι’δὲ</em></span> 
     </span>
     <span class='ocr_line' id='line_1_6' title="bbox 237 793 1916 871; baseline 0.001 -20"><span class='ocrx_word' id='word_1_24' title='bbox 237 796 342 867; x_wconf 82' lang='grc' dir='ltr'><em>γάρ</em></span> <span class='ocrx_word' id='word_1_25' title='bbox 383 795 722 866; x_wconf 77' lang='grc' dir='ltr'><em>ἀνθρώπους</em></span> <span class='ocrx_word' id='word_1_26' title='bbox 758 793 878 851; x_wconf 82' lang='grc' dir='ltr'><em>οἷον</em></span> <span class='ocrx_word' id='word_1_27' title='bbox 922 799 983 851; x_wconf 86' lang='grc' dir='ltr'><em>έν</em></span> <span class='ocrx_word' id='word_1_28' title='bbox 1019 802 1287 871; x_wconf 72' lang='grc' dir='ltr'><em>καταγείῳ</em></span> <span class='ocrx_word' id='word_1_29' title='bbox 1321 798 1531 869; x_wconf 83' lang='grc' dir='ltr'><em>οἰκήσει</em></span> <span class='ocrx_word' id='word_1_30' title='bbox 1567 799 1916 870; x_wconf 77' lang='grc' dir='ltr'><em>σπηλαιώδει,</em></span> 
     </span>
     <span class='ocr_line' id='line_1_7' title="bbox 237 875 1918 953; baseline 0.001 -21"><span class='ocrx_word' id='word_1_31' title='bbox 237 876 698 949; x_wconf 84' lang='grc' dir='ltr'><em>ἀναπεπταμένην</em></span> <span class='ocrx_word' id='word_1_32' title='bbox 717 877 855 948; x_wconf 85' lang='grc' dir='ltr'><em>πρὸς</em></span> <span class='ocrx_word' id='word_1_33' title='bbox 876 875 936 933; x_wconf 82' lang='grc' dir='ltr'><em>τὸ</em></span> <span class='ocrx_word' id='word_1_34' title='bbox 959 885 1076 947; x_wconf 78' lang='grc' dir='ltr'><em>φώς</em></span> <span class='ocrx_word' id='word_1_35' title='bbox 1095 878 1198 949; x_wconf 82' lang='grc' dir='ltr'><em>τὴν</em></span> <span class='ocrx_word' id='word_1_36' title='bbox 1228 883 1448 935; x_wconf 77' lang='grc' dir='ltr'><em>εἴσοδον</em></span> <span class='ocrx_word' id='word_1_37' title='bbox 1479 881 1678 952; x_wconf 81' lang='grc' dir='ltr'><em>ἐχούσῃ</em></span> <span class='ocrx_word' id='word_1_38' title='bbox 1697 879 1918 953; x_wconf 82' lang='grc' dir='ltr'><em>μακρὰν</em></span> 
     </span>
     <span class='ocr_line' id='line_1_8' title="bbox 238 957 1918 1031; baseline 0.002 -18"><span class='ocrx_word' id='word_1_39' title='bbox 238 957 372 1030; x_wconf 83' lang='grc' dir='ltr'><em>παρ’</em></span> <span class='ocrx_word' id='word_1_40' title='bbox 394 958 542 1015; x_wconf 79' lang='grc' dir='ltr'><em>ἅπαν</em></span> <span class='ocrx_word' id='word_1_41' title='bbox 559 957 619 1014; x_wconf 82' lang='grc' dir='ltr'><em>τὸ</em></span> <span class='ocrx_word' id='word_1_42' title='bbox 644 960 930 1028; x_wconf 88' lang='grc' dir='ltr'><em>σπήλαιον,</em></span> <span class='ocrx_word' id='word_1_43' title='bbox 951 961 1011 1013; x_wconf 82' lang='grc' dir='ltr'><em>ἐν</em></span> <span class='ocrx_word' id='word_1_44' title='bbox 1031 960 1202 1031; x_wconf 83' lang='grc' dir='ltr'><em>ταύτῃ</em></span> <span class='ocrx_word' id='word_1_45' title='bbox 1223 962 1280 1014; x_wconf 84' lang='grc' dir='ltr'><em>ἐκ</em></span> <span class='ocrx_word' id='word_1_46' title='bbox 1302 964 1515 1015; x_wconf 85' lang='grc' dir='ltr'><em>παίδων</em></span> <span class='ocrx_word' id='word_1_47' title='bbox 1544 961 1707 1026; x_wconf 81' lang='grc' dir='ltr'><em>ὄντας</em></span> <span class='ocrx_word' id='word_1_48' title='bbox 1736 965 1797 1017; x_wconf 85' lang='grc' dir='ltr'><em>ἐν</em></span> <span class='ocrx_word' id='word_1_49' title='bbox 1827 966 1918 1016; x_wconf 88' lang='grc' dir='ltr'><em>δε-</em></span> 
     </span>
     <span class='ocr_line' id='line_1_9' title="bbox 239 1037 1918 1112; baseline 0.002 -18"><span class='ocrx_word' id='word_1_50' title='bbox 239 1052 393 1110; x_wconf 81' lang='grc' dir='ltr'><em>σμοῖς</em></span> <span class='ocrx_word' id='word_1_51' title='bbox 412 1039 588 1095; x_wconf 80' lang='grc' dir='ltr'><em>καὶτὰ</em></span> <span class='ocrx_word' id='word_1_52' title='bbox 609 1043 773 1109; x_wconf 80' lang='grc' dir='ltr'><em>σκέλη</em></span> <span class='ocrx_word' id='word_1_53' title='bbox 795 1040 1032 1103; x_wconf 78' lang='grc' dir='ltr'><em>καὶτοὺς</em></span> <span class='ocrx_word' id='word_1_54' title='bbox 1063 1037 1312 1109; x_wconf 77' lang='grc' dir='ltr'><em>αὐχένας,</em></span> <span class='ocrx_word' id='word_1_55' title='bbox 1348 1039 1485 1096; x_wconf 74' lang='grc' dir='ltr'><em>ὥστε</em></span> <span class='ocrx_word' id='word_1_56' title='bbox 1516 1045 1701 1112; x_wconf 85' lang='grc' dir='ltr'><em>μένειν</em></span> <span class='ocrx_word' id='word_1_57' title='bbox 1730 1065 1787 1098; x_wconf 82' lang='grc' dir='ltr'><em>τε</em></span> <span class='ocrx_word' id='word_1_58' title='bbox 1814 1043 1918 1097; x_wconf 82' lang='grc' dir='ltr'><em>αὐ-</em></span> 
     </span>
    </p>

    <p class='ocr_par' dir='ltr' id='par_1_4' title="bbox 169 1118 1922 1763">
     <span class='ocr_line' id='line_1_10' title="bbox 169 1118 1917 1195; baseline 0.002 -21"><span class='ocrx_word' id='word_1_59' title='bbox 169 1135 201 1174; x_wconf 80' lang='grc' dir='ltr'>Β</span> <span class='ocrx_word' id='word_1_60' title='bbox 239 1129 339 1177; x_wconf 84' lang='grc' dir='ltr'><em>τοῦ</em></span> <span class='ocrx_word' id='word_1_61' title='bbox 361 1130 437 1187; x_wconf 78' lang='grc' dir='ltr'><em>εἵς</em></span> <span class='ocrx_word' id='word_1_62' title='bbox 457 1144 512 1177; x_wconf 91' lang='grc' dir='ltr'><em>τε</em></span> <span class='ocrx_word' id='word_1_63' title='bbox 531 1120 592 1176; x_wconf 86' lang='grc' dir='ltr'><em>τὸ</em></span> <span class='ocrx_word' id='word_1_64' title='bbox 615 1122 868 1191; x_wconf 78' lang='grc' dir='ltr'><em>πρόσθεν</em></span> <span class='ocrx_word' id='word_1_65' title='bbox 885 1120 1063 1190; x_wconf 86' lang='grc' dir='ltr'><em>μόνον</em></span> <span class='ocrx_word' id='word_1_66' title='bbox 1084 1118 1241 1194; x_wconf 78' lang='grc' dir='ltr'><em>ὁρᾷν,</em></span> <span class='ocrx_word' id='word_1_67' title='bbox 1263 1122 1450 1195; x_wconf 86' lang='grc' dir='ltr'><em>κύκλῳ</em></span> <span class='ocrx_word' id='word_1_68' title='bbox 1475 1124 1532 1178; x_wconf 77' lang='grc' dir='ltr'><em>δὲ</em></span> <span class='ocrx_word' id='word_1_69' title='bbox 1551 1124 1647 1189; x_wconf 80' lang='grc' dir='ltr'><em>τὰς</em></span> <span class='ocrx_word' id='word_1_70' title='bbox 1673 1122 1917 1193; x_wconf 82' lang='grc' dir='ltr'><em>κεφαλάς</em></span> 
     </span>
     <span class='ocr_line' id='line_1_11' title="bbox 239 1201 1918 1273; baseline -0.001 -15"><span class='ocrx_word' id='word_1_71' title='bbox 239 1201 348 1258; x_wconf 81' lang='grc' dir='ltr'><em>ὑπὸ</em></span> <span class='ocrx_word' id='word_1_72' title='bbox 369 1210 470 1258; x_wconf 82' lang='grc' dir='ltr'><em>τοῦ</em></span> <span class='ocrx_word' id='word_1_73' title='bbox 491 1207 697 1273; x_wconf 86' lang='grc' dir='ltr'><em>δεσμοῦ</em></span> <span class='ocrx_word' id='word_1_74' title='bbox 718 1201 1030 1267; x_wconf 73' lang='grc' dir='ltr'><em>ἀδυνάτους</em></span> <span class='ocrx_word' id='word_1_75' title='bbox 1050 1203 1349 1272; x_wconf 78' lang='grc' dir='ltr'><em>περιάγειν,</em></span> <span class='ocrx_word' id='word_1_76' title='bbox 1381 1210 1499 1273; x_wconf 76' lang='grc' dir='ltr'><em>φῶς</em></span> <span class='ocrx_word' id='word_1_77' title='bbox 1519 1207 1577 1259; x_wconf 78' lang='grc' dir='ltr'><em>δὲ</em></span> <span class='ocrx_word' id='word_1_78' title='bbox 1606 1204 1790 1270; x_wconf 79' lang='grc' dir='ltr'><em>αὐτοῖς</em></span> <span class='ocrx_word' id='word_1_79' title='bbox 1811 1225 1918 1259; x_wconf 86' lang='grc' dir='ltr'><em>πυ-</em></span> 
     </span>
     <span class='ocr_line' id='line_1_12' title="bbox 240 1283 1918 1355; baseline 0 -15"><span class='ocrx_word' id='word_1_80' title='bbox 240 1285 337 1354; x_wconf 83' lang='grc' dir='ltr'><em>ρὸς</em></span> <span class='ocrx_word' id='word_1_81' title='bbox 353 1284 581 1340; x_wconf 74' lang='grc' dir='ltr'><em>ἄνωθεν</em></span> <span class='ocrx_word' id='word_1_82' title='bbox 600 1286 691 1340; x_wconf 88' lang='grc' dir='ltr'><em>καὶ</em></span> <span class='ocrx_word' id='word_1_83' title='bbox 711 1283 1013 1353; x_wconf 91' lang='grc' dir='ltr'><em>πόρρωθεν</em></span> <span class='ocrx_word' id='word_1_84' title='bbox 1034 1285 1312 1355; x_wconf 90' lang='grc' dir='ltr'><em>καόμενον</em></span> <span class='ocrx_word' id='word_1_85' title='bbox 1332 1283 1568 1340; x_wconf 81' lang='grc' dir='ltr'><em>ὄπισθεν</em></span> <span class='ocrx_word' id='word_1_86' title='bbox 1589 1283 1790 1354; x_wconf 72' lang='grc' dir='ltr'><em>αὐτῶν,</em></span> <span class='ocrx_word' id='word_1_87' title='bbox 1819 1308 1918 1355; x_wconf 90' lang='grc' dir='ltr'><em>με-</em></span> 
     </span>
     <span class='ocr_line' id='line_1_13' title="bbox 239 1365 1918 1439; baseline -0.001 -16"><span class='ocrx_word' id='word_1_88' title='bbox 239 1367 373 1434; x_wconf 75' lang='grc' dir='ltr'><em>ταξὺ</em></span> <span class='ocrx_word' id='word_1_89' title='bbox 393 1369 450 1423; x_wconf 79' lang='grc' dir='ltr'><em>δὲ</em></span> <span class='ocrx_word' id='word_1_90' title='bbox 470 1374 569 1423; x_wconf 85' lang='grc' dir='ltr'><em>τοῦ</em></span> <span class='ocrx_word' id='word_1_91' title='bbox 601 1366 777 1439; x_wconf 84' lang='grc' dir='ltr'><em>πυρὸς</em></span> <span class='ocrx_word' id='word_1_92' title='bbox 799 1369 887 1422; x_wconf 89' lang='grc' dir='ltr'><em>καὶ</em></span> <span class='ocrx_word' id='word_1_93' title='bbox 915 1374 1026 1422; x_wconf 76' lang='grc' dir='ltr'><em>τῶν</em></span> <span class='ocrx_word' id='word_1_94' title='bbox 1055 1372 1352 1438; x_wconf 72' lang='grc' dir='ltr'><em>δεσμωτῶν</em></span> <span class='ocrx_word' id='word_1_95' title='bbox 1380 1367 1566 1422; x_wconf 83' lang='grc' dir='ltr'><em>ἐπάνω</em></span> <span class='ocrx_word' id='word_1_96' title='bbox 1599 1365 1752 1435; x_wconf 90' lang='grc' dir='ltr'><em>ὁδόν,</em></span> <span class='ocrx_word' id='word_1_97' title='bbox 1785 1366 1918 1435; x_wconf 83' lang='grc' dir='ltr'><em>παρ’</em></span> 
     </span>
     <span class='ocr_line' id='line_1_14' title="bbox 237 1446 1922 1522; baseline -0.001 -18"><span class='ocrx_word' id='word_1_98' title='bbox 237 1446 307 1519; x_wconf 78' lang='grc' dir='ltr'><em>ἣν</em></span> <span class='ocrx_word' id='word_1_99' title='bbox 340 1451 423 1504; x_wconf 79' lang='grc' dir='ltr'><em>ἰδὲ</em></span> <span class='ocrx_word' id='word_1_100' title='bbox 453 1455 657 1519; x_wconf 88' lang='grc' dir='ltr'><em>τειχίον</em></span> <span class='ocrx_word' id='word_1_101' title='bbox 686 1446 1245 1522; x_wconf 79' lang='grc' dir='ltr'><em>παρῳκοδομημένον,</em></span> <span class='ocrx_word' id='word_1_102' title='bbox 1279 1448 1463 1517; x_wconf 70' lang='grc' dir='ltr'><em>ὥσπερ</em></span> <span class='ocrx_word' id='word_1_103' title='bbox 1492 1459 1604 1512; x_wconf 86' lang='grc' dir='ltr'><em>τοῖς</em></span> <span class='ocrx_word' id='word_1_104' title='bbox 1633 1457 1922 1519; x_wconf 90' lang='grc' dir='ltr'><em>θαυματο-</em></span> 
     </span>
     <span class='ocr_line' id='line_1_15' title="bbox 240 1528 1921 1600; baseline -0.001 -16"><span class='ocrx_word' id='word_1_105' title='bbox 240 1542 415 1594; x_wconf 90' lang='grc' dir='ltr'><em>ποιοῖς</em></span> <span class='ocrx_word' id='word_1_106' title='bbox 435 1529 541 1599; x_wconf 83' lang='grc' dir='ltr'><em>πρὸ</em></span> <span class='ocrx_word' id='word_1_107' title='bbox 573 1537 686 1585; x_wconf 74' lang='grc' dir='ltr'><em>τῶν</em></span> <span class='ocrx_word' id='word_1_108' title='bbox 706 1528 1028 1600; x_wconf 88' lang='grc' dir='ltr'><em>ἀνθρώπων</em></span> <span class='ocrx_word' id='word_1_109' title='bbox 1047 1530 1329 1598; x_wconf 88' lang='grc' dir='ltr'><em>πρόκειται</em></span> <span class='ocrx_word' id='word_1_110' title='bbox 1360 1531 1424 1584; x_wconf 84' lang='grc' dir='ltr'><em>τά</em></span> <span class='ocrx_word' id='word_1_111' title='bbox 1457 1530 1921 1600; x_wconf 82' lang='grc' dir='ltr'><em>παραφράγματα,</em></span> 
     </span>
     <span class='ocr_line' id='line_1_16' title="bbox 240 1604 1920 1682; baseline -0.001 -17"><span class='ocrx_word' id='word_1_112' title='bbox 240 1608 379 1682; x_wconf 76' lang='grc' dir='ltr'><em>ὑπὲρ</em></span> <span class='ocrx_word' id='word_1_113' title='bbox 406 1604 486 1665; x_wconf 73' lang='grc' dir='ltr'><em>ὧν</em></span> <span class='ocrx_word' id='word_1_114' title='bbox 503 1610 569 1667; x_wconf 82' lang='grc' dir='ltr'><em>τά</em></span> <span class='ocrx_word' id='word_1_115' title='bbox 587 1611 849 1682; x_wconf 83' lang='grc' dir='ltr'><em>θαύματα</em></span> <span class='ocrx_word' id='word_1_116' title='bbox 871 1611 1206 1667; x_wconf 85' lang='grc' dir='ltr'><em>δεικνύασιν.</em></span> <span class='ocrx_word' id='word_1_117' title='bbox 1237 1608 1395 1679; x_wconf 80' lang='grc' dir='ltr'><em>Ὁρῶ,</em></span> <span class='ocrx_word' id='word_1_118' title='bbox 1424 1613 1543 1680; x_wconf 83' lang='grc' dir='ltr'><em>ἔφη.</em></span> <span class='ocrx_word' id='word_1_119' title='bbox 1570 1609 1708 1680; x_wconf 68' lang='grc' dir='ltr'><em>’Ὅρα</em></span> <span class='ocrx_word' id='word_1_120' title='bbox 1726 1616 1920 1665; x_wconf 88' lang='grc' dir='ltr'><em>τοίνυν</em></span> 
     </span>
     <span class='ocr_line' id='line_1_17' title="bbox 241 1689 1922 1763; baseline -0.001 -17"><span class='ocrx_word' id='word_1_121' title='bbox 241 1692 388 1760; x_wconf 76' lang='grc' dir='ltr'><em>παρὰ</em></span> <span class='ocrx_word' id='word_1_122' title='bbox 428 1699 591 1748; x_wconf 85' lang='grc' dir='ltr'><em>τοῦτο</em></span> <span class='ocrx_word' id='word_1_123' title='bbox 629 1691 690 1748; x_wconf 84' lang='grc' dir='ltr'><em>τὸ</em></span> <span class='ocrx_word' id='word_1_124' title='bbox 730 1699 932 1763; x_wconf 89' lang='grc' dir='ltr'><em>τειχίον</em></span> <span class='ocrx_word' id='word_1_125' title='bbox 970 1698 1239 1763; x_wconf 89' lang='grc' dir='ltr'><em>φέροντας</em></span> <span class='ocrx_word' id='word_1_126' title='bbox 1277 1689 1618 1761; x_wconf 77' lang='grc' dir='ltr'><em>ἀνθρώπους</em></span> <span class='ocrx_word' id='word_1_127' title='bbox 1656 1691 1824 1761; x_wconf 86' lang='grc' dir='ltr'><em>σκεύη</em></span> <span class='ocrx_word' id='word_1_128' title='bbox 1865 1712 1922 1745; x_wconf 90' lang='grc' dir='ltr'><em>τε</em></span> 
     </span>
    </p>

    <p class='ocr_par' dir='ltr' id='par_1_5' title="bbox 125 1770 1926 2413">
     <span class='ocr_line' id='line_1_18' title="bbox 125 1770 1925 1844; baseline -0.002 -14"><span class='ocrx_word' id='word_1_129' title='bbox 125 1789 210 1830; x_wconf 78' lang='grc'><em>515</em></span> <span class='ocrx_word' id='word_1_130' title='bbox 244 1771 568 1827; x_wconf 78' lang='grc' dir='ltr'><em>παντοδαπά</em></span> <span class='ocrx_word' id='word_1_131' title='bbox 605 1771 940 1844; x_wconf 84' lang='grc' dir='ltr'><em>ὑπερέχοντα</em></span> <span class='ocrx_word' id='word_1_132' title='bbox 969 1779 1069 1828; x_wconf 84' lang='grc' dir='ltr'><em>τοῦ</em></span> <span class='ocrx_word' id='word_1_133' title='bbox 1098 1779 1301 1842; x_wconf 87' lang='grc' dir='ltr'><em>τειχίου</em></span> <span class='ocrx_word' id='word_1_134' title='bbox 1337 1773 1428 1827; x_wconf 84' lang='grc' dir='ltr'><em>καὶ</em></span> <span class='ocrx_word' id='word_1_135' title='bbox 1470 1770 1799 1842; x_wconf 82' lang='grc' dir='ltr'><em>ἀνδριάντας</em></span> <span class='ocrx_word' id='word_1_136' title='bbox 1834 1776 1925 1827; x_wconf 84' lang='grc' dir='ltr'><em>καὶ</em></span> 
     </span>
     <span class='ocr_line' id='line_1_19' title="bbox 242 1854 1920 1925; baseline -0.001 -16"><span class='ocrx_word' id='word_1_137' title='bbox 242 1854 380 1910; x_wconf 76' lang='grc' dir='ltr'><em>ἄλλα</em></span> <span class='ocrx_word' id='word_1_138' title='bbox 400 1859 507 1920; x_wconf 73' lang='grc' dir='ltr'><em>ζῶα</em></span> <span class='ocrx_word' id='word_1_139' title='bbox 527 1856 716 1911; x_wconf 89' lang='grc' dir='ltr'><em>λίθινά</em></span> <span class='ocrx_word' id='word_1_140' title='bbox 743 1878 799 1911; x_wconf 93' lang='grc' dir='ltr'><em>τε</em></span> <span class='ocrx_word' id='word_1_141' title='bbox 837 1859 928 1911; x_wconf 85' lang='grc' dir='ltr'><em>καὶ</em></span> <span class='ocrx_word' id='word_1_142' title='bbox 959 1855 1151 1921; x_wconf 82' lang='grc' dir='ltr'><em>ξύλινα</em></span> <span class='ocrx_word' id='word_1_143' title='bbox 1188 1857 1278 1910; x_wconf 83' lang='grc' dir='ltr'><em>καὶ</em></span> <span class='ocrx_word' id='word_1_144' title='bbox 1312 1866 1544 1910; x_wconf 89' lang='grc' dir='ltr'><em>παντοῖα</em></span> <span class='ocrx_word' id='word_1_145' title='bbox 1574 1856 1920 1925; x_wconf 77' lang='grc' dir='ltr'><em>εἰργασμένα,</em></span> 
     </span>
     <span class='ocr_line' id='line_1_20' title="bbox 243 1933 1924 2009; baseline -0.001 -17"><span class='ocrx_word' id='word_1_146' title='bbox 243 1933 361 1992; x_wconf 84' lang='grc' dir='ltr'><em>οἷον</em></span> <span class='ocrx_word' id='word_1_147' title='bbox 382 1936 540 2007; x_wconf 83' lang='grc' dir='ltr'><em>εἰκός,</em></span> <span class='ocrx_word' id='word_1_148' title='bbox 563 1935 694 2002; x_wconf 79' lang='grc' dir='ltr'><em>τούς</em></span> <span class='ocrx_word' id='word_1_149' title='bbox 712 1941 813 2008; x_wconf 80' lang='grc' dir='ltr'><em>μὲν</em></span> <span class='ocrx_word' id='word_1_150' title='bbox 833 1941 1270 2009; x_wconf 83' lang='grc' dir='ltr'><em>φθεγγομένους,</em></span> <span class='ocrx_word' id='word_1_151' title='bbox 1284 1935 1422 2008; x_wconf 44' lang='grc' dir='ltr'><em>,τοὺς</em></span> <span class='ocrx_word' id='word_1_152' title='bbox 1445 1938 1502 1992; x_wconf 76' lang='grc' dir='ltr'><em>δὲ</em></span> <span class='ocrx_word' id='word_1_153' title='bbox 1526 1942 1792 2006; x_wconf 81' lang='grc' dir='ltr'><em>σιγῶντας</em></span> <span class='ocrx_word' id='word_1_154' title='bbox 1811 1942 1924 1990; x_wconf 81' lang='grc' dir='ltr'><em>τῶν</em></span> 
     </span>
     <span class='ocr_line' id='line_1_21' title="bbox 243 2017 1925 2088; baseline -0.001 -17"><span class='ocrx_word' id='word_1_155' title='bbox 243 2018 699 2088; x_wconf 84' lang='grc' dir='ltr'><em>παραφερόντων.</em></span> <span class='ocrx_word' id='word_1_156' title='bbox 725 2018 983 2088; x_wconf 67' lang='grc' dir='ltr'><em>’Ἁτοπον,</em></span> <span class='ocrx_word' id='word_1_157' title='bbox 1017 2024 1142 2088; x_wconf 79' lang='grc' dir='ltr'><em>ἔφη,</em></span> <span class='ocrx_word' id='word_1_158' title='bbox 1175 2021 1347 2087; x_wconf 86' lang='grc' dir='ltr'><em>λέγεις</em></span> <span class='ocrx_word' id='word_1_159' title='bbox 1379 2017 1566 2071; x_wconf 80' lang='grc' dir='ltr'><em>εἰκόνα</em></span> <span class='ocrx_word' id='word_1_160' title='bbox 1580 2019 1679 2071; x_wconf 69' lang='grc' dir='ltr'><em>’καὶ</em></span> <span class='ocrx_word' id='word_1_161' title='bbox 1708 2017 1925 2086; x_wconf 89' lang='grc' dir='ltr'><em>δεσμώ-</em></span> 
     </span>
     <span class='ocr_line' id='line_1_22' title="bbox 241 2093 1924 2170; baseline -0.002 -17"><span class='ocrx_word' id='word_1_162' title='bbox 241 2120 337 2163; x_wconf 90' lang='grc' dir='ltr'><em>τας</em></span> <span class='ocrx_word' id='word_1_163' title='bbox 355 2097 611 2163; x_wconf 84' lang='grc' dir='ltr'><em>ἀτόπους.</em></span> <span class='ocrx_word' id='word_1_164' title='bbox 642 2097 895 2169; x_wconf 87' lang='grc' dir='ltr'><em>Ὁμοίους</em></span> <span class='ocrx_word' id='word_1_165' title='bbox 913 2098 1063 2170; x_wconf 81' lang='grc' dir='ltr'><em>ἡμῖν,</em></span> <span class='ocrx_word' id='word_1_166' title='bbox 1095 2093 1166 2168; x_wconf 76' lang='grc' dir='ltr'><em>ἦν</em></span> <span class='ocrx_word' id='word_1_167' title='bbox 1188 2096 1239 2152; x_wconf 82' lang='grc' dir='ltr'><em>δ’</em></span> <span class='ocrx_word' id='word_1_168' title='bbox 1273 2096 1401 2166; x_wconf 83' lang='grc' dir='ltr'><em>ἐγώ·</em></span> <span class='ocrx_word' id='word_1_169' title='bbox 1443 2095 1572 2161; x_wconf 75' lang='grc' dir='ltr'><em>τοὺς</em></span> <span class='ocrx_word' id='word_1_170' title='bbox 1602 2098 1707 2167; x_wconf 78' lang='grc' dir='ltr'><em>γάρ</em></span> <span class='ocrx_word' id='word_1_171' title='bbox 1738 2098 1924 2152; x_wconf 87' lang='grc' dir='ltr'><em>τοιού-</em></span> 
     </span>
     <span class='ocr_line' id='line_1_23' title="bbox 245 2178 1926 2250; baseline -0.001 -16"><span class='ocrx_word' id='word_1_172' title='bbox 245 2201 374 2243; x_wconf 86' lang='grc' dir='ltr'><em>τους</em></span> <span class='ocrx_word' id='word_1_173' title='bbox 394 2187 616 2248; x_wconf 79' lang='grc' dir='ltr'><em>πρώτον</em></span> <span class='ocrx_word' id='word_1_174' title='bbox 635 2182 736 2250; x_wconf 75' lang='grc' dir='ltr'><em>μὲν</em></span> <span class='ocrx_word' id='word_1_175' title='bbox 758 2183 971 2235; x_wconf 73' lang='grc' dir='ltr'><em>ἑαυτῶν</em></span> <span class='ocrx_word' id='word_1_176' title='bbox 990 2202 1046 2234; x_wconf 92' lang='grc' dir='ltr'><em>τε</em></span> <span class='ocrx_word' id='word_1_177' title='bbox 1067 2182 1156 2234; x_wconf 83' lang='grc' dir='ltr'><em>καὶ</em></span> <span class='ocrx_word' id='word_1_178' title='bbox 1173 2178 1427 2250; x_wconf 82' lang='grc' dir='ltr'><em>ἀλλήλων</em></span> <span class='ocrx_word' id='word_1_179' title='bbox 1449 2187 1551 2233; x_wconf 87' lang='grc' dir='ltr'><em>οἰέι</em></span> <span class='ocrx_word' id='word_1_180' title='bbox 1572 2178 1642 2234; x_wconf 77' lang='grc' dir='ltr'><em>ἄν</em></span> <span class='ocrx_word' id='word_1_181' title='bbox 1670 2201 1720 2232; x_wconf 92' lang='grc' dir='ltr'><em>τι</em></span> <span class='ocrx_word' id='word_1_182' title='bbox 1751 2180 1926 2246; x_wconf 80' lang='grc' dir='ltr'><em>ἑωρα-</em></span> 
     </span>
     <span class='ocr_line' id='line_1_24' title="bbox 244 2259 1923 2331; baseline -0.001 -16"><span class='ocrx_word' id='word_1_183' title='bbox 244 2264 401 2315; x_wconf 87' lang='grc' dir='ltr'><em>κέναι</em></span> <span class='ocrx_word' id='word_1_184' title='bbox 421 2259 554 2315; x_wconf 72' lang='grc' dir='ltr'><em>ἄλλο</em></span> <span class='ocrx_word' id='word_1_185' title='bbox 576 2260 720 2331; x_wconf 82' lang='grc' dir='ltr'><em>πλὴν</em></span> <span class='ocrx_word' id='word_1_186' title='bbox 737 2261 833 2326; x_wconf 83' lang='grc' dir='ltr'><em>τάς</em></span> <span class='ocrx_word' id='word_1_187' title='bbox 854 2259 1009 2325; x_wconf 80' lang='grc' dir='ltr'><em>σκιάς</em></span> <span class='ocrx_word' id='word_1_188' title='bbox 1030 2259 1123 2325; x_wconf 83' lang='grc' dir='ltr'><em>τάς</em></span> <span class='ocrx_word' id='word_1_189' title='bbox 1142 2259 1250 2315; x_wconf 80' lang='grc' dir='ltr'><em>ὑπο</em></span> <span class='ocrx_word' id='word_1_190' title='bbox 1285 2266 1384 2315; x_wconf 85' lang='grc' dir='ltr'><em>τοῦ</em></span> <span class='ocrx_word' id='word_1_191' title='bbox 1415 2260 1591 2331; x_wconf 84' lang='grc' dir='ltr'><em>πυρὸς</em></span> <span class='ocrx_word' id='word_1_192' title='bbox 1612 2263 1686 2324; x_wconf 84' lang='grc' dir='ltr'><em>εἰς</em></span> <span class='ocrx_word' id='word_1_193' title='bbox 1708 2259 1768 2314; x_wconf 77' lang='grc' dir='ltr'><em>τὰ</em></span> <span class='ocrx_word' id='word_1_194' title='bbox 1792 2281 1923 2313; x_wconf 87' lang='grc' dir='ltr'><em>κατ-</em></span> 
     </span>
     <span class='ocr_line' id='line_1_25' title="bbox 246 2340 1926 2413; baseline -0.001 -17"><span class='ocrx_word' id='word_1_195' title='bbox 246 2341 477 2410; x_wconf 84' lang='grc' dir='ltr'><em>αντικρύ</em></span> <span class='ocrx_word' id='word_1_196' title='bbox 508 2340 694 2397; x_wconf 81' lang='grc' dir='ltr'><em>αὐτων</em></span> <span class='ocrx_word' id='word_1_197' title='bbox 727 2349 828 2398; x_wconf 83' lang='grc' dir='ltr'><em>τοῦ</em></span> <span class='ocrx_word' id='word_1_198' title='bbox 856 2348 1127 2413; x_wconf 88' lang='grc' dir='ltr'><em>σπηλαίου</em></span> <span class='ocrx_word' id='word_1_199' title='bbox 1146 2341 1624 2412; x_wconf 81' lang='grc' dir='ltr'><em>προσπιπτούσας;</em></span> <span class='ocrx_word' id='word_1_200' title='bbox 1654 2347 1782 2405; x_wconf 79' lang='grc' dir='ltr'><em>Πῶς</em></span> <span class='ocrx_word' id='word_1_201' title='bbox 1802 2340 1926 2411; x_wconf 89' lang='grc' dir='ltr'><em>γάρ,</em></span> 
     </span>
    </p>

    <p class='ocr_par' dir='ltr' id='par_1_6' title="bbox 187 2420 1962 2908">
     <span class='ocr_line' id='line_1_26' title="bbox 187 2420 1962 2494; baseline -0.002 -17"><span class='ocrx_word' id='word_1_202' title='bbox 187 2437 220 2477; x_wconf 88' lang='grc' dir='ltr'>Β</span> <span class='ocrx_word' id='word_1_203' title='bbox 250 2427 373 2493; x_wconf 81' lang='grc' dir='ltr'><em>ἔφη,</em></span> <span class='ocrx_word' id='word_1_204' title='bbox 397 2429 447 2478; x_wconf 81' lang='grc' dir='ltr'><em>εί</em></span> <span class='ocrx_word' id='word_1_205' title='bbox 464 2420 757 2493; x_wconf 84' lang='grc' dir='ltr'><em>ἀκινητους</em></span> <span class='ocrx_word' id='word_1_206' title='bbox 775 2446 836 2493; x_wconf 90' lang='grc' dir='ltr'><em>γε</em></span> <span class='ocrx_word' id='word_1_207' title='bbox 854 2423 948 2488; x_wconf 76' lang='grc' dir='ltr'><em>τὰς</em></span> <span class='ocrx_word' id='word_1_208' title='bbox 968 2424 1249 2492; x_wconf 77' lang='grc' dir='ltr'><em>κεφαλάς</em></span> <span class='ocrx_word' id='word_1_209' title='bbox 1230 2429 1372 2494; x_wconf 90' lang='grc' dir='ltr'><em>ε’χειν</em></span> <span class='ocrx_word' id='word_1_210' title='bbox 1392 2422 1801 2494; x_wconf 83' lang='grc' dir='ltr'><em>ἠναγκασμένοι</em></span> <span class='ocrx_word' id='word_1_211' title='bbox 1822 2421 1930 2476; x_wconf 81' lang='grc' dir='ltr'><em>εἷεν</em></span> <span class='ocrx_word' id='word_1_212' title='bbox 1958 2458 1962 2473; x_wconf 67' lang='lat'>2</span> 
     </span>
     <span class='ocr_line' id='line_1_27' title="bbox 248 2501 1955 2575; baseline -0.001 -18"><span class='ocrx_word' id='word_1_213' title='bbox 248 2502 336 2559; x_wconf 84' lang='grc' dir='ltr'><em>διά</em></span> <span class='ocrx_word' id='word_1_214' title='bbox 357 2509 510 2574; x_wconf 87' lang='grc' dir='ltr'><em>βίου;</em></span> <span class='ocrx_word' id='word_1_215' title='bbox 557 2510 623 2559; x_wconf 90' lang='grc' dir='ltr'><em>Τί</em></span> <span class='ocrx_word' id='word_1_216' title='bbox 649 2505 706 2561; x_wconf 90' lang='grc' dir='ltr'><em>δε</em></span> <span class='ocrx_word' id='word_1_217' title='bbox 734 2527 848 2560; x_wconf 89' lang='grc' dir='ltr'><em>των</em></span> <span class='ocrx_word' id='word_1_218' title='bbox 869 2509 1371 2575; x_wconf 84' lang='grc' dir='ltr'><em>παραφερομένων;</em></span> <span class='ocrx_word' id='word_1_219' title='bbox 1407 2502 1474 2559; x_wconf 80' lang='grc' dir='ltr'><em>οὐ</em></span> <span class='ocrx_word' id='word_1_220' title='bbox 1507 2501 1710 2558; x_wconf 81' lang='grc' dir='ltr'><em>ταύτὸν</em></span> <span class='ocrx_word' id='word_1_221' title='bbox 1739 2510 1955 2565; x_wconf 83' lang='grc' dir='ltr'><em>τοῦτο;-</em></span> 
     </span>
     <span class='ocr_line' id='line_1_28' title="bbox 256 2582 1962 2657; baseline -0.002 -16"><span class='ocrx_word' id='word_1_222' title='bbox 256 2592 325 2641; x_wconf 90' lang='grc' dir='ltr'><em>Τί</em></span> <span class='ocrx_word' id='word_1_223' title='bbox 340 2586 481 2657; x_wconf 81' lang='grc' dir='ltr'><em>μήν;</em></span> <span class='ocrx_word' id='word_1_224' title='bbox 515 2592 587 2642; x_wconf 79' lang='grc' dir='ltr'><em>Εἰ</em></span> <span class='ocrx_word' id='word_1_225' title='bbox 603 2583 708 2642; x_wconf 77' lang='grc' dir='ltr'><em>οὖν</em></span> <span class='ocrx_word' id='word_1_226' title='bbox 730 2590 1084 2657; x_wconf 91' lang='grc' dir='ltr'><em>διαλέγεσθαι</em></span> <span class='ocrx_word' id='word_1_227' title='bbox 1115 2582 1224 2642; x_wconf 84' lang='grc' dir='ltr'><em>οἶοί</em></span> <span class='ocrx_word' id='word_1_228' title='bbox 1247 2587 1298 2641; x_wconf 84' lang='grc' dir='ltr'><em>τ’</em></span> <span class='ocrx_word' id='word_1_229' title='bbox 1333 2586 1443 2641; x_wconf 85' lang='grc' dir='ltr'><em>εἶεν</em></span> <span class='ocrx_word' id='word_1_230' title='bbox 1472 2586 1608 2655; x_wconf 83' lang='grc' dir='ltr'><em>πρὸς</em></span> <span class='ocrx_word' id='word_1_231' title='bbox 1637 2585 1926 2654; x_wconf 86' lang='grc' dir='ltr'><em>ἀλλήλους,</em></span> <span class='ocrx_word' id='word_1_232' title='bbox 1959 2604 1962 2626; x_wconf 86' lang='lat'>;</span> 
     </span>
     <span class='ocr_line' id='line_1_29' title="bbox 251 2662 1962 2737; baseline -0.004 -15"><span class='ocrx_word' id='word_1_233' title='bbox 251 2665 319 2722; x_wconf 82' lang='grc' dir='ltr'><em>οὐ</em></span> <span class='ocrx_word' id='word_1_234' title='bbox 338 2665 508 2722; x_wconf 83' lang='grc' dir='ltr'><em>ταύτά</em></span> <span class='ocrx_word' id='word_1_235' title='bbox 529 2666 654 2737; x_wconf 87' lang='grc' dir='ltr'><em>ἡγεῖ</em></span> <span class='ocrx_word' id='word_1_236' title='bbox 669 2664 739 2722; x_wconf 77' lang='grc' dir='ltr'><em>ἀν</em></span> <span class='ocrx_word' id='word_1_237' title='bbox 755 2667 821 2722; x_wconf 81' lang='grc' dir='ltr'><em>τά</em></span> <span class='ocrx_word' id='word_1_238' title='bbox 841 2667 1111 2735; x_wconf 88' lang='grc' dir='ltr'><em>παριόντα</em></span> <span class='ocrx_word' id='word_1_239' title='bbox 1132 2665 1337 2731; x_wconf 80' lang='grc' dir='ltr'><em>αὐτοὺς</em></span> <span class='ocrx_word' id='word_1_240' title='bbox 1357 2670 1596 2736; x_wconf 83' lang='grc' dir='ltr'><em>νομίζειν</em></span> <span class='ocrx_word' id='word_1_241' title='bbox 1614 2662 1921 2734; x_wconf 80' lang='grc' dir='ltr'><em>ὀνομάζειν,</em></span> <span class='ocrx_word' id='word_1_242' title='bbox 1958 2664 1962 2698; x_wconf 69' lang='lat'>3</span> 
     </span>
     <span class='ocr_line' id='line_1_30' title="bbox 251 2738 1962 2821; baseline -0.003 -18"><span class='ocrx_word' id='word_1_243' title='bbox 251 2748 392 2814; x_wconf 81' lang='grc' dir='ltr'><em>ἅπερ</em></span> <span class='ocrx_word' id='word_1_244' title='bbox 413 2746 618 2820; x_wconf 73' lang='grc' dir='ltr'><em>ὁρῷεν;</em></span> <span class='ocrx_word' id='word_1_245' title='bbox 651 2748 900 2819; x_wconf 83' lang='grc' dir='ltr'><em>Ἀνάγκη.</em></span> <span class='ocrx_word' id='word_1_246' title='bbox 948 2755 1017 2803; x_wconf 93' lang='grc' dir='ltr'><em>Τί</em></span> <span class='ocrx_word' id='word_1_247' title='bbox 1036 2747 1115 2814; x_wconf 80' lang='grc' dir='ltr'><em>δ’;</em></span> <span class='ocrx_word' id='word_1_248' title='bbox 1152 2753 1201 2803; x_wconf 86' lang='grc' dir='ltr'><em>εἰ</em></span> <span class='ocrx_word' id='word_1_249' title='bbox 1219 2750 1308 2802; x_wconf 84' lang='grc' dir='ltr'><em>καὶ</em></span> <span class='ocrx_word' id='word_1_250' title='bbox 1327 2745 1438 2817; x_wconf 72' lang='grc' dir='ltr'><em>ἠχὼ</em></span> <span class='ocrx_word' id='word_1_251' title='bbox 1470 2745 1529 2800; x_wconf 85' lang='grc' dir='ltr'><em>τὸ</em></span> <span class='ocrx_word' id='word_1_252' title='bbox 1554 2738 1962 2821; x_wconf 43' lang='grc' dir='ltr'><em>δεσμωτήριονᾷ</em></span> 
     </span>
     <span class='ocr_line' id='line_1_31' title="bbox 251 2826 1929 2901; baseline -0.002 -18"><span class='ocrx_word' id='word_1_253' title='bbox 251 2833 309 2884; x_wconf 83' lang='grc' dir='ltr'><em>ἐκ</em></span> <span class='ocrx_word' id='word_1_254' title='bbox 333 2837 433 2883; x_wconf 82' lang='grc' dir='ltr'><em>τοῦ</em></span> <span class='ocrx_word' id='word_1_255' title='bbox 453 2831 788 2901; x_wconf 82' lang='grc' dir='ltr'><em>καταντικρὺ</em></span> <span class='ocrx_word' id='word_1_256' title='bbox 809 2836 936 2901; x_wconf 83' lang='grc' dir='ltr'><em>ἔχοι,</em></span> <span class='ocrx_word' id='word_1_257' title='bbox 959 2829 1125 2885; x_wconf 83' lang='grc' dir='ltr'><em>ὁπότε</em></span> <span class='ocrx_word' id='word_1_258' title='bbox 1158 2852 1236 2893; x_wconf 90' lang='grc' dir='ltr'><em>τις</em></span> <span class='ocrx_word' id='word_1_259' title='bbox 1264 2836 1376 2882; x_wconf 77' lang='grc' dir='ltr'><em>τῶν</em></span> <span class='ocrx_word' id='word_1_260' title='bbox 1405 2826 1719 2897; x_wconf 89' lang='grc' dir='ltr'><em>παριόντων</em></span> <span class='ocrx_word' id='word_1_261' title='bbox 1751 2832 1929 2895; x_wconf 83' lang='grc' dir='ltr'><em>φθέγ-</em></span> 
     </span>
    </p>
   </div>
  </div>
 </body>
</html>
