1962 3236
90 130 150 174 41
770 115 1151 165 ΤΙΜΑΙΟΣ.
1675 110 1782 167 359

91 257 196 327 μὲν
227 255 294 326 δὴ
325 273 431 324 προ
469 251 675 307 τούτου
711 247 896 304 πάντα
926 244 1084 302 ταῦτ’
1122 250 1265 318 ἔχειν
1292 245 1508 319 ἀλόγως
1534 250 1624 305 καὶ
1646 251 1783 321 ἀμέ-

95 357 261 408 τρως·
301 333 391 390 ὅτε
413 330 465 388 δ’
486 335 808 403 ἐπεχειρεῖτο
829 336 1159 399 κοσμεῖσθαι
1176 329 1239 384 τὸ
1259 335 1389 401 πᾶν,
1410 336 1523 400 πῦρ
1552 336 1777 402 πρῶτον
1804 343 1837 383 Β

94 422 186 476 καὶ
206 418 359 485 ὕδωρ
379 418 469 472 καὶ
487 422 595 487 γῆν
613 416 705 471 καὶ
723 412 876 484 ἀέρα,
906 420 1027 483 ἴχνη
1057 413 1160 484 μὲν
1187 416 1382 484 ἔχοντα
1411 412 1600 470 αὐτῶν
1627 413 1781 484 ἅττα,

92 500 415 556 παντάπασί
441 519 503 569 γε
540 495 652 569 μὴν
688 499 1004 565 διακείμενα
1034 493 1221 564 ὥσπερ
1256 494 1402 561 εἰκὸς
1432 500 1575 567 ἔχειν
1611 495 1780 566 ἅπαν,

96 581 237 638 ὅταν
256 579 371 653 ἀπῇ
388 578 540 644 τινὸς
559 578 712 647 θεός,
734 576 880 632 οὕτω
900 577 966 647 δὴ
987 577 1110 633 τότε
1128 578 1416 648 πεφυκότα
1433 586 1606 635 ταῦτα
1626 585 1784 649 προῖ-

93 687 195 720 τον
216 665 661 734 διεσχηματίσατο
683 663 856 715 εῖδεσί
869 681 926 715 τε
944 661 1035 715 καὶ
1055 658 1329 731 ἀριθμοῖς.
1367 660 1428 717 τὸ
1461 661 1522 718 δὲ
1549 656 1588 734 ᾗ
1607 666 1783 718 δυνα-

94 745 195 801 τὸν
215 744 287 810 ὠς
305 744 567 799 κάλλιστα
589 741 787 811 ἄριστά
808 762 864 796 τε
884 743 938 806 ἐξ
958 739 1057 811 οὐχ
1070 741 1246 807 οὕτως
1266 743 1507 813 ἐχόντων
1525 742 1624 800 τὸν
1641 743 1784 800 θεὸν

90 826 235 882 αὐτὰ
260 824 600 895 ξυνιστάναι,
624 822 772 894 παρά
795 823 975 879 πάντα
994 822 1127 895 ἡμῖν
1157 821 1229 889 ὡς
1258 821 1341 880 ἀεὶ
1369 832 1533 882 τοῦτο
1554 826 1784 896 λεγόμε-

94 931 200 964 νον
223 907 536 978 ὑπαρχέτω·
568 913 677 962 νῦν
695 904 747 962 δ’
780 900 885 962 οὖν
907 904 1010 976 τὴν
1037 905 1283 972 διάταξιν
1304 903 1492 962 αὐτῶν
1510 909 1785 978 ἐπιχειρη-

96 992 224 1046 τέον
245 989 495 1047 ἑκάστων
520 990 611 1045 καὶ
631 989 851 1059 γένεσιν
881 985 1049 1059 ἀήθει
1068 988 1214 1061 λόγῳ
1234 987 1373 1060 πρὸς
1390 986 1537 1058 ὑμᾶς
1555 991 1783 1060 δηλοῦν,
1822 1004 1855 1046 c

94 1069 235 1126 ἀλλὰ
255 1069 362 1141 γὰρ
382 1071 495 1126 ἐπεὶ
515 1071 759 1141 μετέχετε
790 1075 903 1124 τῶν
930 1067 1067 1124 κατὰ
1100 1072 1393 1125 παίδευσιν
1411 1067 1579 1140 ὁδῶν,
1601 1070 1673 1126 δι’
1702 1063 1784 1125 ὦν

93 1155 492 1207 ἐνδείκνυσθαι
512 1151 579 1206 τά
599 1150 870 1220 λεγόμενα
888 1147 1120 1220 ἀνάγκη,
1143 1152 1380 1217 ξυνέψεσ
1389 1160 1468 1206 θε.

239 1237 345 1288 ΧΧ.
382 1237 621 1303 Πρῶτον
638 1233 740 1301 μὲν
760 1231 826 1302 δὴ
848 1238 960 1299 πῦρ
980 1233 1070 1286 καὶ
1089 1238 1157 1302 γῆ
1180 1234 1271 1288 καὶ
1290 1230 1445 1302 ὕδωρ
1463 1235 1555 1289 καὶ
1573 1230 1680 1305 ἀήρ
1701 1232 1785 1289 ὅτι

95 1315 323 1387 σώματά
345 1317 475 1383 ἐστι,
498 1313 670 1385 δῆλόν
707 1334 818 1369 που
853 1315 946 1368 καὶ
981 1318 1150 1368 παντί
1169 1334 1178 1344 ·
1217 1312 1277 1369 τὸ
1312 1315 1373 1370 δὲ
1396 1321 1499 1369 τοῦ
1529 1316 1782 1386 σώματος

97 1395 241 1461 εἶδος
260 1401 375 1451 πᾶν
403 1398 495 1451 καὶ
517 1396 695 1467 βάθος
716 1400 846 1465 ἔχει·
877 1393 938 1450 τὸ
974 1397 1033 1450 δὲ
1070 1394 1251 1466 βάθος
1288 1389 1362 1449 αὖ
1386 1401 1535 1451 πᾶσα
1566 1395 1781 1468 ἀνάγκη

98 1477 203 1548 τὴν
221 1479 483 1533 ἐπίπεδον
501 1478 912 1547 περιειληφέναι
929 1475 1130 1546 φύσιν·
1168 1473 1202 1546 ἡ
1224 1474 1284 1531 δὲ
1313 1474 1459 1548 ὀρθὴ
1479 1483 1576 1548 τῆς
1593 1479 1785 1534 ἐπιπέ-

97 1564 201 1615 δου
224 1559 438 1631 βάσεως
457 1564 516 1615 ἐκ
535 1559 823 1632 τριγώνων
841 1560 1156 1630 συνέστηκε.
1178 1556 1242 1612 τά
1264 1557 1323 1613 δὲ
1341 1563 1583 1630 τρίγωνα
1602 1560 1782 1616 πάντα

94 1644 155 1697 ἐκ
177 1645 338 1697 δυοῖν
357 1640 577 1712 ἄρχεται
598 1640 910 1711 τριγώνοιν,
937 1645 1069 1712 μίαν
1087 1641 1188 1711 μὲν
1207 1638 1392 1711 ὀρθὴν
1413 1645 1633 1711 ἔχοντος
1652 1644 1782 1699 ἕκα-
1806 1655 1841 1696 D

96 1727 263 1793 τέρου
282 1732 509 1795 γωνίαν,
536 1723 633 1788 τὰς
653 1722 712 1779 δὲ
731 1720 931 1789 ὀξείας·
974 1715 1054 1777 ὦν
1073 1721 1134 1777 τὸ
1164 1721 1266 1792 μὲν
1294 1723 1486 1792 ἕτερον
1516 1725 1784 1796 ἑκατέρω-

99 1814 206 1862 θεν
226 1812 332 1877 ἔχει
353 1809 519 1877 μέρος
536 1810 740 1876 γωνίας
767 1803 945 1876 ὀρθῆς
974 1811 1235 1873 πλευραῖς
1265 1811 1408 1870 ἴσαις
1435 1807 1785 1878 διῃρημένης,

93 1888 155 1943 τὸ
186 1887 239 1943 δ’
260 1891 452 1957 ἕτερον
472 1887 682 1953 ἀνίσοις
701 1887 868 1943 ἄνισα
898 1889 1035 1958 μέρη
1067 1889 1449 1958 νενεμημένης.
1487 1888 1699 1959 ταύτην
1719 1887 1786 1960 δὴ

100 1972 278 2037 πυρὸς
296 1969 473 2042 ἀρχὴν
490 1972 711 2026 καὶτῶν
730 1967 918 2025 ἄλλων
937 1969 1210 2039 σωμάτων
1234 1966 1621 2041 ὑποτιθέμεθα
1650 1974 1788 2027 κατὰ

103 2050 203 2108 τὸν
230 2049 350 2122 μετ’
379 2050 626 2123 ἀνάγκης
658 2050 842 2107 εἰκότα
870 2051 1040 2121 λόγον
1067 2051 1461 2121 πορευόμενοι·
1500 2051 1597 2117 τὰς
1626 2050 1678 2108 δ’
1711 2057 1790 2109 ἔτι

97 2133 315 2190 τούτων
335 2131 504 2204 ἀρχὰς
522 2133 751 2189 ἄνωθεν
772 2132 910 2198 θεὸς
930 2132 1044 2189 οἶδε
1064 2136 1155 2189 καὶ
1177 2131 1404 2204 ἀνδρῶν
1424 2131 1484 2199 ὃς
1505 2131 1576 2191 ἀν
1595 2138 1788 2212 ἐκείνῳ

100 2223 262 2287 φίλος
286 2211 339 2287 ᾗ.
377 2220 465 2271 δεῖ
478 2214 546 2287 δὴ
568 2222 766 2287 λέγειν,
789 2228 920 2273 ποῖα
949 2217 1212 2273 κάλλιστα
1238 2217 1463 2289 σώματα
1493 2217 1695 2290 γένοιτ’
1717 2218 1789 2277 ἂν
1813 2237 1847 2277 Ε

98 2299 347 2366 τέτταρα,
373 2295 606 2367 ἀνόμοια
624 2298 726 2368 μὲν
745 2300 974 2369 ἑαυτοῖς,
1005 2297 1216 2354 δυνατοὶ
1241 2300 1301 2354 δὲ
1330 2301 1384 2365 ἐξ
1407 2297 1664 2372 ἀλλήλων
1685 2300 1785 2357 αὐ-

104 2384 217 2434 τῶν
251 2377 387 2434 ἅττα
424 2380 761 2449 διαλυόμενα
798 2385 1105 2450 γίγνεσθαι.
1152 2380 1356 2436 τούτου
1385 2380 1492 2452 γὰρ
1530 2383 1791 2454 τυχόντες

99 2467 298 2533 ἔχομεν
318 2460 419 2532 τὴν
438 2459 709 2533 ἀλήθειαν
726 2466 992 2534 γενέσεως
1011 2468 1134 2534 πέρι
1153 2471 1252 2535 γῆς
1270 2485 1329 2519 τε
1358 2467 1450 2520 καὶ
1478 2463 1656 2536 πυρὸς
1673 2471 1789 2521 τῶν

100 2565 160 2599 τε
180 2542 287 2599 ἀνὰ
309 2544 478 2613 λόγον
499 2547 559 2599 ἐν
578 2547 752 2617 μέσῳ·
785 2546 910 2601 τόδε
931 2544 1040 2616 γὰρ
1072 2543 1262 2601 οὐδενὶ
1292 2545 1788 2617 συγχωρησόμεθα,

99 2631 309 2681 καλλίω
327 2626 546 2681 τούτων
565 2625 822 2697 ὁρώμενα
843 2625 1069 2698 σώματα
1089 2625 1235 2682 εἷναί
1249 2646 1360 2682 που
1379 2625 1518 2683 καθ’
1548 2629 1610 2684 ἓν
1629 2629 1790 2699 γένος

99 2709 335 2764 ἕκαστον
354 2706 435 2763 ὅν.
472 2705 625 2763 τοῦτ’
649 2701 755 2764 οὖν
774 2709 1187 2781 προθυμητέον,
1204 2706 1269 2764 τά
1297 2710 1632 2780 διαφέροντα
1651 2710 1790 2767 κάλ-

100 2797 183 2846 λει
202 2788 476 2861 σωμάτων
494 2794 721 2860 τέτταρα
741 2794 873 2862 γένη
895 2790 1362 2862 συναρμόσασθαι
1379 2791 1469 2847 καὶ
1489 2791 1666 2861 φάναι
1685 2791 1789 2864 τὴν
