1962 3236
16 0 610 68 vxffffzgwnngff
635 0 862 33 ff*‚“-‘-’.”'“''
880 11 884 14 ·
903 11 911 14 ·
935 0 939 3 '
975 0 986 18 ”
1014 0 1029 7 “
1061 0 1073 3 ’
1091 5 1098 14 ²

55 40 57 42 ·
92 36 122 53 vr
167 38 174 42 >
254 42 269 46 -
406 33 410 41 ¹
540 34 546 37 >
646 31 649 33 ·
686 39 693 55 ·.
789 39 794 45 ,

658 179 1140 231 ΠΟΛΙΤΕΙΑΣ
1166 170 1214 225 ε’.
1683 170 1784 225 149

101 327 155 376 τί
169 322 427 391 με’γιστον
447 316 642 386 κακόν,
662 312 775 372 εἶτα
795 315 1216 381 ἐπισκέψασθαι,
1237 303 1343 381 ἆρα
1360 309 1394 364 ἃ
1413 314 1520 364 νῦν
1542 308 1607 379 δὴ
1630 309 1786 379 διήλ-

99 410 281 472 θομεν
300 405 375 465 εἰς
394 398 496 471 μὲν
517 396 578 454 τὸ
599 402 701 453 τοῦ
718 395 947 466 άγαθοῦ
975 401 1124 464 ἴχνος
1151 390 1283 463 ημῖν
1310 389 1586 462 ἁρμόττει,
1618 394 1693 463 τῷ
1724 389 1785 445 δὲ

101 488 201 537 τοῦ
231 487 408 536 κακοῦ
437 477 798 549 άναρμοστεῑ;
835 477 1078 531 Πάντων
1109 475 1360 545 μάλιστα,
1391 477 1514 544 ἔφη.
1552 471 1785 543 ’Ἑχομεν

103 555 208 618 οὖν
230 586 280 618 τι
315 565 498 634 μεῖζον
534 556 712 614 κακὸν
742 557 900 612 πόλει
929 554 965 627 ἦ
1001 558 1196 626 ἐκεῖνο,
1219 552 1251 611 ὃ
1279 577 1350 609 αν
1379 551 1555 625 αὐτήν
1578 555 1784 624 διασπᾷ

100 645 192 698 καὶ
229 649 361 714 ποιῇ
388 638 594 704 πολλάς
630 637 752 694 ἀντὶ
780 643 932 709 μιᾶς;
970 633 1006 707 ἢ
1042 642 1223 707 μεῖζον
1259 633 1480 706 άγαθόν
1515 640 1616 690 τοῦ
1641 630 1673 689 ὃ
1709 628 1778 688 ἂν
1809 647 1840 687 Β

102 726 276 796 ξυνδῇ
293 743 351 777 τε
369 722 459 777 καὶ
480 726 611 792 ποιῇ
629 725 785 791 μι’·αν
775 762 787 783 ,
823 715 943 774 Ουίι
962 722 1171 789 ἔχομεν.
1215 715 1445 773 Οὐκοῦν
1466 714 1496 789 ἡ
1530 716 1631 787 μὲν
1649 713 1780 786 ἡδο-

101 810 199 874 νῆς
216 824 273 858 τε
298 803 388 858 καὶ
408 801 583 873 λύπης
602 805 864 856 κοινωνία
887 797 1130 869 ξυνδεῖ,
1111 797 1247 853 όταν
1269 798 1302 854 ὅ
1318 822 1369 854 τι
1389 798 1623 869 μάλιστα
1642 795 1788 851 πάν-

103 905 190 949 τες
209 887 266 939 οἰ
282 890 492 939 πολῖται
514 889 628 938 τῶν
660 880 848 938 αὐτῶν
878 883 1221 952 γιγνομένων
1258 903 1314 935 τε
1345 882 1436 936 καὶ
1473 877 1787 949 ἀπολλυμέ-

104 987 221 1020 νων
266 972 659 1036 παραπλησίως
705 969 933 1036 χαίρωσι
971 965 1061 1017 καὶ
1098 968 1408 1029 λυπῶνται,
1459 958 1789 1017 Παντάπασι

104 1045 205 1117 μὲν
225 1040 346 1117 οὖν,
369 1051 488 1118 ἔφη.
512 1045 590 1102 Ἡ
602 1046 667 1102 δέ
680 1067 741 1116 γε
759 1052 873 1100 τῶν
892 1043 1160 1099 τοιούτων
1179 1047 1386 1108 ἰδίωσις
1405 1042 1637 1111 διαλύει,
1651 1039 1788 1098 ὅταν

105 1132 162 1183 οῖ
177 1129 277 1199 μὲν
298 1136 625 1198 περιαλγεῖς,
647 1131 703 1183 ol
721 1130 779 1182 δὲ
800 1138 1104 1198 περιχαρεῖς
1123 1131 1423 1197 γίγνωνται
1444 1126 1531 1181 ε’πὶ
1550 1135 1663 1188 τοῖς
1682 1119 1789 1178 αῦ-

104 1221 217 1274 τοῖς
236 1211 525 1280 παθήμασι
546 1216 641 1280 τῆς
660 1208 873 1273 πόλεως
891 1230 948 1263 τε
974 1209 1065 1263 καὶ
1085 1213 1198 1263 τῶν
1227 1211 1288 1263 ἐν
1318 1214 1386 1279 τῇ
1415 1206 1602 1272 πόλει;
1645 1210 1714 1261 Τί
1728 1202 1782 1259 δ’
1821 1211 1851 1253 C

105 1283 330 1360 01'1‘3'A0'
367 1284 472 1345 οὖν
508 1294 567 1347 ἐκ
597 1293 761 1345 τοῦδε
788 1285 850 1344 τὸ
882 1289 1098 1344 τοιόνδε
1126 1294 1387 1358 γίγνεται,
1419 1286 1556 1343 ὅταν
1575 1285 1648 1358 μὴ
1674 1285 1788 1358 ἅμα

108 1375 465 1442 φθέγγωνται
486 1375 547 1428 ἐν
566 1378 631 1446 τῇ
660 1372 816 1427 πόλει
836 1370 902 1427 τά
924 1371 1106 1427 τοιάδε
1128 1370 1359 1442 ῥήματα,
1382 1368 1445 1425 τό
1465 1391 1522 1425 τε
1542 1369 1678 1440 ε’μόν
1697 1371 1790 1424 καὶ

107 1450 168 1507 τὸ
195 1451 300 1508 οὐκ
317 1453 466 1524 ἐμόν,
494 1456 584 1510 καὶ
606 1455 729 1525 περὶ
749 1458 849 1510 τοῦ
876 1452 1171 1523 άλλοτρίου
1191 1452 1328 1508 κατὰ
1348 1451 1550 1519 ταῦτά;
1570 1454 1790 1523 Κομιδῇ

107 1536 210 1605 μὲν
236 1529 355 1591 οὖν.
402 1534 487 1592 Ἐν
516 1529 663 1607 ᾗτινι
691 1534 757 1607 δὴ
783 1535 940 1591 πόλει
978 1542 1219 1592 πλεῖστοι
1255 1536 1342 1592 ἐπὶ
1375 1532 1437 1590 τὸ
1478 1531 1613 1590 αὐτὰ
1650 1531 1789 1589 κατὰ

108 1615 281 1672 ταύτὰ
303 1624 466 1673 τοῦτο
487 1619 708 1688 λέγουσι
727 1616 784 1673 τό
808 1617 944 1689 ἐμὸν
967 1619 1057 1674 καὶ
1082 1616 1144 1673 τὰ
1170 1616 1274 1673 οὐκ
1307 1616 1460 1687 ἐμόν,
1495 1615 1634 1718 αὕτη
1668 1613 1793 1686 ἄρι-

108 1714 209 1753 στα
225 1702 530 1764 διοικεῖται,
565 1699 724 1755 Πολύ
752 1721 829 1769 γε.
867 1698 1030 1755 Kaz'
994 1722 1110 1770 ητις
1145 1698 1210 1770 δὴ
1239 1699 1510 1769 ἐγγύτατα
1540 1696 1663 1763 ἑνὸς
1690 1694 1791 1752 ἆν-

109 1781 349 1850 θρωπου
366 1785 489 1852 ἔχει,
512 1776 694 1837 οἷον“
664 1804 799 1837 οταν
829 1803 940 1836 που
967 1779 1123 1853 ἡμων
1156 1780 1429 1878 δάκτυλός
1459 1802 1560 1836 του
1588 1785 1790 1852 πληγῇ,

111 1869 260 1917 πᾶσα
285 1860 318 1933 ἡ
339 1867 603 1918 κοινωνία
625 1859 657 1933 ἡ
691 1861 828 1918 κατὰ
858 1861 919 1918 τό
945 1881 1103 1934 σωμα
1134 1861 1274 1931 πρὸς
1299 1860 1402 1933 τὴν
1422 1860 1608 1933 ψυχὴν
1634 1882 1771 1916 τετα-

110 1947 248 2015 μένη
270 1949 346 2009 εἰς
374 1949 507 2014 μιάν
527 1943 790 2009 σύνταξιν
810 1943 913 2015 τὴν
935 1951 1037 2000 τοῦ
1057 1943 1323 2015 άρχοντος
1342 1947 1402 1999 ἐν
1422 1942 1564 2015 αὐτῇ
1582 1941 1790 2015 ἤσθετό
1824 1956 1859 1997 Ι)

110 2047 166 2081 τε
187 2028 275 2082 καὶ
301 2033 451 2081 πᾶσα
475 2024 588 2096 ἅμα
618 2026 924 2098 ξυνήλγησε
943 2028 1146 2098 μέρους
1175 2026 1521 2098 πονήσαντος
1550 2023 1670 2096 ὅλη,
1704 2026 1794 2080 καὶ

109 2106 256 2164 οὕτω
295 2109 362 2179 δὴ
398 2111 630 2179 λέγομεν
666 2107 751 2163 ὅτι
789 2106 818 2163 ὁ
856 2109 1157 2180 ἅνθρωπος
1186 2109 1285 2165 τὸν
1317 2108 1596 2164 δάκτυλον
1617 2105 1793 2177 ἀλγεῖ·

115 2192 203 2244 καὶ
222 2190 346 2259 περὶ
366 2186 583 2245 ἅλλου’
559 2195 801 2245 οτουοῦν
820 2196 933 2246 τῶν
963 2198 1065 2247 τοῦ
1100 2190 1411 2296 άνθρωπου
1440 2187 1468 2246 ὁ
1500 2187 1668 2255 αὐτὸς
1697 2188 1796 2245 λό-

117 2291 228 2340 γος,
243 2275 372 2339 περί
384 2291 439 2324 τε
461 2268 635 2369 λύπης
656 2278 964 2337 πονοῦντος
982 2276 1182 2344 μέρους
1195 2274 1285 2328 καὶ
1307 2274 1430 2344 περὶ
1447 2269 1653 2344 ἡδονῆς
1671 2273 1795 2344 ῥαΐ-

115 2355 314 2416 ζοντος
347 2348 405 2407 '0
436 2349 602 2417 αὐτὸς
629 2353 754 2423 γάρ,
786 2359 910 2425 ἔφη,
936 2356 1026 2410 καὶ
1053 2362 1216 2411 τοῦτο
1246 2354 1275 2409 ὃ
1301 2357 1526 2428 ἐρωτᾷς,
1555 2359 1660 2409 τοῦ
1681 2374 1796 2409 τοι-

116 2433 289 2487 ούτου
309 2430 625 2502 ἐγγύτατα
597 2457 629 2504 η
651 2432 846 2504 ἄριστα
867 2441 1262 2508 πολιτευομένη
1283 2435 1442 2501 πόλις
1461 2440 1611 2492 οἰκεῖ.
1642 2433 1795 2499 Ἑνός

115 2514 201 2583 δή,
225 2535 390 2583 οιμαι,
414 2515 719 2584 πάσχοντος
737 2522 850 2572 τῶν
869 2526 1108 2574 πολιτῶν
1129 2516 1320 2575 ὁτιοῦν
1338 2514 1373 2589 ἦ
1394 2516 1617 2589 ἀγαθὸν
1638 2512 1674 2587 ἦ
1694 2536 1797 2574 κα-

115 2594 235 2663 κόν,
261 2591 290 2665 ἡ
311 2595 534 2665 τοιαύτη
555 2596 713 2661 πόλις
732 2597 965 2667 μάλιστά
981 2621 1036 2655 τε
1050 2600 1214 2671 φήσει
1235 2601 1429 2669 ἑαυτῆς
1448 2596 1588 2655 εἶναι
1609 2595 1668 2654 τό
1682 2596 1785 2653 πά·-
1819 2604 1854 2646 Ε

113 2697 264 2749 σχον,
281 2679 368 2732 καὶ
387 2674 419 2748 ἦ
436 2678 747 2750 ξυνησθήσε
756 2702 839 2734 ται
854 2679 1039 2737 ἅπασα
1054 2678 1088 2752 ἦ
1109 2682 1528 2753 ξυλλυπήσεται.
1544 2678 1798 2751 Ἀνάγκη,

113 2765 237 2831 ἔφη,
260 2760 361 2831 τήν
391 2781 450 2830 γε
487 2759 745 2832 εὔνομον.

255 2844 336 2896 x1.
364 2840 507 2910 ’Ὡρα
545 2839 615 2896 ἄν
647 2851 746 2914 εἴη,
780 2837 848 2915 ἦν
881 2842 931 2899 δ’
971 2846 1095 2914 ἐγώ,
1124 2847 1401 2900 ἐπανιέναι
1432 2842 1563 2917 ἡμῖν
1593 2845 1679 2899 ἐπὶ
1701 2841 1801 2913 τὴν
