1962 3236
602 202 1093 252 ΠΟΛΙΤΕΙΑΣ
1132 193 1191 264 γ’.
1681 197 1751 248 85

69 344 304 411 μουσικῇ
323 337 523 408 τροφή,
544 334 629 393 ὅτι
654 333 889 406 μάλιστα
915 332 1243 388 καταδύεται
1273 336 1349 396 εἰς
1379 329 1439 386 τὸ
1470 329 1624 395 ε’ντός
1655 338 1750 402 τῆς

74 425 245 490 ψυχῆς
292 417 325 474 ὅ
370 440 427 475 τε
465 414 684 488 ῥυθμὸς
727 418 819 471 καὶ
864 412 1118 486 ἁρμονία,
1166 414 1257 469 καὶ
1303 413 1749 483 ἐρρωμενέστατα

70 499 293 556 ἅπτεται
322 499 507 570 αὐτῆς,
538 500 779 567 φέροντα
804 493 907 566 τὴν
925 492 1361 567 εὐσχημοσύνην,
1382 495 1474 550 καὶ
1494 503 1638 550 ποιεῖ
1655 491 1751 548 εὐ-

73 583 339 654 σχήμονα,
358 582 455 637 ἐάν
475 601 556 644 τις
576 576 766 647 ὀρθως
785 582 988 647 τραφῇ,
1012 581 1062 633 εἰ
1079 576 1139 634 δὲ
1158 577 1253 649 μή,
1279 576 1637 642 τούναντίονς
1659 577 1749 632 καὶ
1775 587 1808 628 E

72 661 157 719 ὅτι
193 656 268 718 αὖ
303 668 415 718 τῶν
448 661 943 730 παραλειπομένων
972 661 1062 713 καὶ
1092 658 1166 730 μὴ
1197 665 1377 725 καλως
1406 662 1751 758 δημιούργη-

71 746 287 799 θέντων
306 735 340 812 ἧ
357 741 430 812 μὴ
452 746 632 805 καλως
657 739 890 810 φύντων
910 735 1131 803 ὀξύτατ’
1152 735 1225 794 οἱν
1246 737 1616 801 αἰσθάνοιτο“
1591 762 1622 797 ο
1641 743 1759 798 ἐκεῖ

70 826 292 893 τραφεὶς
312 844 383 887 ως
406 824 532 893 ἔδει,
553 823 642 877 καὶ
673 819 861 890 ὀρθῶς
887 817 954 890 δὴ
982 822 1363 889 δυσχεραίνων
1381 819 1447 876 τὰ
1476 822 1580 891 μὲν
1609 812 1750 877 καλοὶ

71 907 288 960 ἐπαινοῖ
316 905 406 959 καὶ
435 907 643 973 χαίρων
681 902 808 972 [καὶ]
848 900 1281 971 καταδεχόμενος
1318 906 1395 965 εἰς
1431 900 1533 973 τὴν
1568 901 1751 973 ψυχὴν

70 983 312 1055 τρέφοιτ’
335 980 408 1039 ἄν
426 982 522 1039 ἀπ’
546 982 734 1040 αὐτῶν
753 984 843 1039 καὶ
871 988 1112 1052 γίγνοιτο
1133 981 1300 1047 καλός
1313 1004 1371 1038 τε
1389 980 1659 1054 κάγαθός,
1681 980 1747 1038 τὰ
1762 993 1848 1038 402

73 1064 123 1121 δ’
155 1064 347 1136 αἰσχρὰ
369 1066 525 1135 ψέγοι
550 1063 598 1120 τ’
628 1062 699 1121 ἄν
718 1063 905 1133 ὀρθῶς
936 1067 1027 1119 καὶ
1054 1074 1209 1135 μισοῖ
1231 1067 1310 1119 ἔτι
1339 1066 1462 1129 νέος
1491 1063 1593 1135 ὢν,
1620 1065 1752 1134 πρὶν

71 1146 240 1216 λόγον
260 1144 498 1211 δυνατὰς
517 1144 656 1201 εἶναι
677 1151 884 1217 λαβεῖν,
902 1146 1169 1211 ἐλθόντος
1182 1146 1239 1201 δὲ
1255 1151 1356 1201 τοῦ
1377 1145 1551 1215 λόγου
1570 1143 1753 1201 ἀσπά-

72 1228 202 1296 ζοιτ’
226 1226 297 1284 ἄν
322 1227 495 1285 αὐτὸν
523 1235 807 1299 γνωρίζων
835 1229 909 1284 δι’
935 1229 1239 1300 οἰκειότητα
1267 1228 1503 1298 μάλιστα
1540 1225 1569 1284 ὁ
1602 1226 1751 1283 οὕτω

71 1320 321 1384 τραφείς;
360 1310 505 1384 Ἐμοὶ
533 1318 675 1382 γοῦν
704 1314 871 1381 δοκεῖ,
908 1316 1032 1382 ἔφη,
1062 1316 1176 1366 τῶν
1202 1309 1472 1365 τοιούτων
1500 1310 1662 1364 ἕνεκα
1691 1311 1751 1364 ἐν

72 1400 313 1465 μουσικῇ
333 1391 471 1449 εἶναι
489 1391 521 1465 ἡ
541 1394 737 1465 τροφή.
771 1392 982 1462 ’Ὠσπερ
1012 1391 1138 1463 ἄρα,
1159 1385 1233 1462 ἦν
1264 1389 1317 1446 δ’
1348 1390 1473 1461 ἐγώ,
1493 1389 1751 1462 γραμμά-

74 1497 186 1531 των
218 1476 340 1546 πέρι
377 1474 498 1531 τότε
534 1479 739 1540 ἱκανῶς
773 1482 1008 1545 εἴχομεν,
1041 1470 1130 1528 ὅτε
1159 1470 1225 1527 τὰ
1246 1482 1482 1543 στοιχεῖα
1511 1469 1583 1542 μὴ
1614 1477 1750 1527 λαν-

77 1557 246 1612 θάνοι
271 1554 412 1627 ἡμᾶς
433 1554 590 1628 ὀλίγα
611 1554 744 1612 ὄντα
765 1560 825 1612 ἐν
846 1556 1055 1612 ἅπασιν
1076 1550 1155 1620 οἷς
1178 1557 1291 1610 ἔστι
1319 1551 1750 1627 περιφερόμενα,

74 1639 164 1694 καὶ
185 1635 304 1694 οὔτ’
340 1638 402 1693 ἐν
427 1644 641 1712 σμικρῷ
660 1637 782 1694 οὔτ’
812 1642 873 1695 ἐν
894 1638 1113 1710 μεγάλω
1134 1634 1465 1707 ἠτιμάζομεν
1484 1632 1644 1704 αὐτοὶ,
1677 1630 1749 1699 ὦς
1773 1641 1808 1683 Β

76 1717 144 1774 οὐ
182 1721 296 1775 δέοι
332 1719 726 1791 αἰσθάνεσθαι,
764 1717 902 1776 ἀλλὰ
940 1722 1224 1788 πανταχοῦ
1260 1715 1752 1788 προύθυμούμεθα

76 1800 526 1871 διαγιγνώσκειν,
564 1800 636 1868 ὥς
674 1800 743 1858 οὐ
787 1800 1061 1871 πρότερον
1099 1798 1353 1869 ἐσόμενοι
1387 1798 1752 1869 γραμματικοὶ

77 1885 208 1952 πρὶν
231 1879 408 1947 οὕτως
424 1886 655 1954 ἔχοιμεν.
690 1880 912 1954 Ἀληθῆ.
950 1878 1178 1937 Οὐκοῦν
1205 1881 1295 1935 καὶ
1325 1879 1542 1945 εἰκόνας
1571 1900 1752 1950 γραμ-

74 1964 281 2035 μα’των,
301 1971 355 2021 εἰ
367 1985 478 2019 που
497 1960 532 2035 ἢ
556 1967 618 2020 ἐν
645 1962 843 2019 ὕδασιν
872 1961 908 2034 ἢ
938 1965 997 2019 ἐν
1029 1961 1354 2032 κατόπτροις
1373 1962 1749 2031 ἐμφαίνοιντο,

73 2042 144 2101 ού
160 2045 436 2113 πρότερον
459 2045 811 2115 γνωσόμεθα,
835 2039 1021 2115 πρὶν’“
985 2066 1056 2098 αν
1077 2040 1215 2098 αὐτὰ
1236 2063 1472 2113 γνωμεν,
1493 2039 1620 2097 ἀλλ’
1640 2044 1752 2096 ἔστι

73 2132 169 2197 τῆς
206 2124 374 2196 αὐτῆς
409 2128 598 2197 τέχνης
634 2147 691 2181 τε
731 2128 820 2182 καὶ
854 2128 1104 2197 μελέτης;
1142 2124 1472 2178 Παντάπασι
1498 2122 1598 2194 μὲν
1628 2114 1748 2179 οὖν.

68 2200 183 2274 '’Ao
209 2198 331 2276 οὖν,
356 2204 390 2262 ὸ
417 2208 578 2278 λέγω,
603 2208 740 2278 πρὸς
760 2214 930 2276 θεων,
961 2203 1139 2271 οὕτως
1171 2203 1302 2262 οὐδε
1325 2206 1582 2277 μουσικοὶ
1611 2203 1753 2275 πρό-

77 2307 237 2357 τερον
260 2286 519 2359 ἐσόμεθα,
547 2287 675 2346 ούτε
707 2287 863 2345 αὐτοὶ
895 2287 1023 2345 οὔτε
1049 2287 1148 2354 οὕς
1168 2309 1351 2359 φαμεν
1372 2284 1504 2358 ἡμῖν
1521 2288 1810 2341 παιὼν-0

77 2372 203 2425 τεόν
232 2367 370 2426 εἶναι
409 2368 537 2436 τούς
566 2372 836 2441 φύλακας,
875 2372 1006 2441 πρὶν
1043 2366 1115 2426 ἂν
1153 2371 1218 2425 τὰ
1253 2375 1350 2440 τῆς
1379 2366 1751 2439 σωφροσύνης

82 2453 197 2521 εἴδη
228 2452 317 2507 καὶ
341 2449 597 2523 ἀνδρείας
610 2453 699 2508 καὶ
721 2454 1169 2524 ἐλευθεριότητος
1182 2453 1271 2507 καὶ
1283 2453 1752 2522 μεγαλοπρεπείας

81 2534 167 2587 καὶ
189 2531 293 2588 ὅσα
323 2532 537 2588 τούτων
566 2530 779 2605 ἀδελφοὶ
810 2536 899 2591 καὶ
926 2532 991 2590 τὰ
1023 2534 1237 2590 τούτων
1263 2525 1336 2587 αὖ
1359 2534 1581 2598 ἐναντία
1608 2550 1752 2585 παν-

83 2620 252 2684 ταχοῦ
278 2615 686 2685 περιφερόμενα
706 2621 1059 2687 γνωρίζωμεν
1085 2617 1176 2672 καὶ
1202 2614 1400 2669 ἐνόντα
1434 2615 1494 2668 ἐν
1523 2607 1603 2677 οἷς
1632 2613 1752 2666 ἔνε-

82 2713 202 2751 στιν
219 2697 623 2767 αἰσθανώμεθα
649 2698 738 2752 καὶ
769 2695 907 2752 αὐτὰ
938 2699 1027 2753 καὶ
1049 2697 1267 2759 εἰκόνας
1281 2693 1486 2762 αὐτῶν,
1509 2693 1595 2747 καὶ
1617 2690 1752 2763 μήτε

84 2780 143 2833 ἐν
171 2789 419 2848 σμικροῖς
445 2779 575 2848 μήτε
599 2780 659 2833 ἐν
678 2778 938 2850 μεγάλοις
962 2775 1321 2849 ἀτιμάζωμεν,
1354 2772 1493 2830 ἀλλὰ
1524 2778 1619 2844 τῆς
1651 2770 1756 2827 αύ-

83 2868 174 2933 τῆς
207 2862 454 2933 οἰώμεθα
494 2865 683 2933 τέχνης
718 2860 858 2918 εἶναι
895 2864 983 2917 καὶ
1022 2865 1270 2932 μελε’της;
1303 2855 1488 2928 Πολλὴ
1520 2853 1754 2925 ἀνάγκη,
