1962 3236
179 167 285 221 256
779 171 1255 220 ΠΛΑΤΩΝΟΣ

1949 359 1962 374 ι»
1944 187 1962 302 min:

153 301 387 359 „obt-moi
408 302 546 375 καλὴ
566 305 655 359 καὶ
676 303 920 373 νεανική,
944 301 1085 357 ὅθεν
1104 303 1368 371 τυραννὶς
1397 303 1615 372 φύεται,
1648 301 1720 366 ῶς
1749 304 1865 372 ἐμοὶ

186 388 351 441 δοκεῖ.
391 386 637 455 Νεανικὴ
662 389 816 454 δῆτα,
838 388 972 454 ἔφη·
1013 381 1152 438 ἀλλὰ
1173 388 1229 438 τί
1250 381 1311 438 τὸ
1335 383 1468 453 μετὰ
1486 391 1675 447 τοῦτο;
1717 382 1866 436 Ταύ-

184 467 301 535 τόν,
324 460 396 536 ἦν
416 464 466 520 δ’
489 466 615 536 ἐγώ,
638 464 774 536 ὅπερ
795 468 854 521 ἐν
873 470 939 536 τῇ
960 462 1245 536 ὀλιγαρχίᾳ
1266 465 1483 535 νόσημα
1504 467 1867 535 ἐγγενόμενον
1955 437 1962 503 1

187 547 471 601 ἀπώλεσεν
493 546 687 617 αὐτήν,
710 551 873 601 τοῦτο
904 549 996 601 καὶ
1026 549 1088 601 ἐν
1115 545 1287 618 ταύτῃ
1318 549 1486 601 πλέον
1509 568 1565 601 τε
1596 549 1684 600 καὶ
1715 550 1867 615 ἰσχυ-

187 630 419 698 ρότερον
441 629 500 681 ἐκ
525 633 620 697 τῆς
641 630 887 692 ἐξουσίας
916 627 1282 700 ἐγγενόμενον
1304 632 1742 683 καταδουλοῦται
1771 631 1869 696 δη·-

187 713 492 778 μοκρατιάν
509 729 519 739 ·
558 709 746 783 καὶτῷ
763 707 883 763 ὄντι
901 706 962 763 τὸ
996 707 1140 778 ἄγαν
1166 730 1219 763 τι
1251 721 1428 764 ποιεῖν
1448 711 1695 779 μεγάλην
1724 715 1872 777 φιλεῖ

188 794 263 854 είς
281 787 611 845 τούναντίον
629 788 943 861 μεταβολὴν
962 788 1407 858 ἀνταποδιδόναι,
1431 793 1492 846 ἐν
1514 790 1681 860 ὥραις
1701 812 1758 845 τε
1778 793 1869 845 καὶ

73 876 160 922 564
188 875 247 927 ἐν
268 883 460 940 φυτοῖς
479 873 570 927 καὶ
597 874 657 926 ἐν
677 872 907 942 σώμασι,
929 873 1021 927 καὶ
1041 869 1107 941 δὴ
1127 874 1217 926 καὶ
1242 875 1300 927 ἐν
1322 880 1615 938 πολιτείαις
1635 874 1736 943 οὐχ
1754 871 1869 943 ἤκι-

188 970 303 1008 στα.
344 954 528 1023 Είκός,
565 959 686 1024 ἔφη.
723 953 798 1009 Ἡ
824 955 930 1024 γὰρ
961 952 1104 1023 ἄγαν
1134 957 1422 1025 ἐλευθερία
1453 960 1631 1009 ἔοικεν
1659 954 1763 1009 οὐκ
1796 960 1868 1018 εἰς
1902 1013 1906 1016 ,
1957 972 1962 1021 -j

191 1034 326 1091 ἄλλο
347 1059 398 1090 τι
429 1032 465 1106 ἢ
496 1041 572 1100 εἰς
598 1037 744 1107 ἄγαν
775 1040 1032 1091 δουλείαν
1051 1037 1414 1108 μεταβάλλειν
1442 1039 1531 1091 καὶ
1559 1037 1752 1106 ι’διῶτῃ
1782 1038 1871 1090 καὶ

190 1117 359 1171 πόλει.
397 1114 565 1181 Εἰκὸς
601 1117 724 1187 γάρ.
770 1117 1015 1181 Εἰκότως
1043 1122 1252 1187 τοίνυν,
1285 1116 1456 1188 εἷπον,
1488 1116 1590 1172 οὐκ
1620 1120 1675 1184 ἐξ
1705 1116 1872 1187 ἄλλης

188 1203 460 1262 πολιτείας
480 1201 744 1267 τυραννὶς
758 1204 1087 1254 καθίσταται
1104 1195 1140 1269 ἢ
1163 1201 1221 1254 ἐκ
1242 1202 1624 1270 δημοκρατίας,
1646 1201 1700 1264 ἐξ
1722 1198 1869 1268 οἶμαι

188 1287 281 1350 τῆς
301 1277 606 1351 ἀκροτάτης
625 1284 944 1351 ἐλευθερίας
970 1284 1191 1335 δουλεία
1221 1287 1443 1351 πλείστη
1475 1302 1532 1336 τε
1556 1283 1647 1336 καὶ
1667 1279 1870 1351 ἀγριω-

189 1361 341 1431 τάτη.
364 1360 510 1430 ’Ἑχει
533 1362 660 1431 γάρ,
681 1365 804 1432 ἔφη,
827 1361 1014 1431 λόγον.
1049 1358 1190 1416 Ἀλλ’
1219 1359 1286 1415 οὐ
1317 1359 1487 1431 τοῦτ’,
1522 1361 1687 1432 οἶμαι,
1716 1356 1788 1431 ἦν
1816 1365 1869 1415 δ’

127 1456 163 1498 Β
192 1442 317 1511 ἐγώ,
337 1441 570 1512 ἠρώτας,
593 1441 732 1499 ἀλλὰ
759 1454 918 1498 ποῖον
938 1443 1155 1514 νόσημα
1188 1446 1250 1498 ἐν
1271 1441 1554 1515 ὀλιγαρχίᾳ
1579 1464 1636 1497 τε
1656 1442 1873 1512 φυόμε-

188 1545 294 1579 νον
317 1523 523 1579 ταύτόν
542 1528 631 1580 καὶ
651 1527 711 1579 ἐν
732 1530 1071 1598 δημοκρατίᾳ
1094 1529 1393 1580 δουλοῦται
1413 1522 1603 1595 αὐτήν.
1646 1521 1870 1596 Ἀληθῆ,

191 1609 313 1677 ἔφη,
336 1609 526 1677 λέγει-ς.
559 1607 763 1663 Ἐκεῖνο
783 1614 993 1676 τοίνυν,
1024 1612 1184 1678 ἔφην,
1214 1611 1421 1677 ἔλεγον,
1451 1607 1512 1662 τὸ
1543 1611 1656 1661 τῶν
1684 1605 1873 1678 ἀργῶν
1951 1624 1960 1633 ”

190 1708 246 1740 τε
284 1689 373 1741 καὶ
407 1691 746 1758 δαπανηρῶν
785 1687 1009 1758 ἀνδρῶν
1035 1693 1212 1759 γένος,
1249 1687 1310 1743 τὸ
1349 1687 1451 1759 μὲν
1480 1686 1874 1759 ἀνδρειότατον

189 1766 505 1838 ἡγούμενον
525 1766 726 1838 αὐτῶν,
747 1769 808 1825 τὸ
830 1768 882 1825 δ’
904 1768 1316 1840 ἀνανδρότερον
1345 1771 1619 1841 ἑπόμενον
1635 1791 1645 1802 ·
1686 1767 1783 1834 οὓς
1806 1770 1871 1839 δὴ

191 1847 589 1920 ἀφωμοιοῦμεν
627 1859 852 1923 κηφῆσι,
889 1851 1021 1917 τοὺς
1055 1853 1157 1924 μὲν
1192 1856 1393 1922 κέντρα
1419 1857 1623 1923 ἔχουσι,
1658 1853 1788 1917 τούς
1817 1852 1875 1907 δὲ

190 1929 489 2001 ἀκέντροις.
525 1934 634 1988 Καὶ
656 1932 843 2002 ὀρθῶς
866 1933 939 2004 γ’,
961 1938 1081 2005 ἔφη.
1126 1934 1318 1990 Τούτω
1345 1940 1554 2005 τοίνυν,
1574 1928 1647 2005 ἦν
1666 1931 1719 1988 δ’
1749 1933 1874 2003 ἐγώ,
1958 1971 1962 2012 !

190 2013 522 2084 ταράττετον
568 2020 628 2071 ἐν
676 2016 827 2086 πάσῃ
863 2023 1110 2088 πολιτεία
1153 2019 1543 2087 ἐγγιγνομένω,
1594 2010 1716 2070 οἷον
1752 2018 1876 2083 περὶ
1955 2014 1962 2072 ἱ

136 2109 167 2150 G
194 2103 349 2165 σῶμα
371 2099 587 2167 φλέγμα
613 2118 671 2152 τε
692 2100 783 2152 καὶ
811 2098 970 2167 χολή·
1008 2096 1053 2152 cb*
1082 2097 1147 2168 δὴ
1177 2099 1268 2152 καὶ
1299 2102 1385 2152 δεῖ
1400 2095 1501 2152 τὸν
1530 2095 1752 2167 ἀγαθὸν
1790 2102 1875 2152 ἰα-

191 2177 328 2246 τρόν
347 2200 405 2233 τε
427 2180 518 2232 καὶ
537 2180 853 2249 νομοθέτην
882 2178 1093 2243 πόλεως
1121 2178 1194 2250 μὴ
1224 2171 1390 2249 ἧττον
1421 2177 1456 2249 ἢ
1488 2178 1669 2249 σοφὸν
1692 2185 1876 2249 μελιτ-

190 2256 432 2327 τουργὸν
469 2259 772 2329 πόρρωθεν
802 2258 1179 2330 εὐλαβεῖσθαι,
1210 2261 1445 2330 μάλιστα
1477 2262 1579 2331 μὲν
1615 2260 1765 2325 ὅπως
1802 2260 1875 2331 μὴ

193 2340 620 2411 ἐγγενήσεσθον,
643 2338 715 2396 ἄν
736 2342 795 2397 δὲ
813 2345 1175 2412 ἐγγένησθον,
1208 2339 1357 2407 ὅπως
1387 2340 1420 2397 ὅ
1445 2365 1497 2397 τι
1523 2343 1746 2413 τάχιστα
1776 2343 1877 2408 ξὺν

193 2421 408 2478 αὐτοῖσι
426 2436 538 2488 τοῖς
560 2431 771 2496 κηρίοις
790 2426 1245 2497 ἐκτετμήσεσθον.
1274 2428 1388 2482 Ναὶ
1407 2424 1483 2497 μοὶ
1510 2433 1638 2496 Δία,
1659 2419 1694 2496 ἦ
1714 2423 1767 2479 δ’
1798 2421 1874 2492 ὅς,

192 2505 515 2561 παντάπασί
525 2529 603 2577 γε.
636 2500 765 2563 Ὧδε
782 2516 994 2578 τοίνυν,
1017 2502 1090 2579 ἦν
1120 2507 1173 2563 δ’
1206 2509 1333 2578 ἐγώ,
1366 2508 1638 2580 λάβωμεν,
1669 2505 1744 2562 ἵν’
1781 2504 1875 2560 εὐ-

191 2588 545 2655 κρινέστερον
583 2592 790 2661 ῐδῳμεν
826 2587 857 2644 ὃ
885 2591 1225 2661 βουλόμεθα.
1254 2596 1415 2657 Πῶς;
1461 2596 1628 2660 Τριχῇ
1652 2591 1875 2657 διαστη-·
1939 2641 1942 2643 ,

191 2667 420 2736 σῶμεθα
434 2675 508 2742 τῷ
532 2670 679 2743 λόγῳ
703 2674 1230 2743 δημοκρατουμένην
1250 2673 1429 2741 πόλιν,
1454 2669 1637 2739 ῶσπερ
1658 2663 1766 2724 οὖν
1784 2670 1872 2723 καὶ

64 2749 70 2755 ’
128 2753 162 2792 D
194 2750 314 2815 ἔχει.
356 2751 415 2802 ἓν
434 2750 533 2818 μὲν
554 2749 659 2820 γάρ
684 2773 795 2806 που
812 2750 873 2806 τὸ
893 2759 1148 2807 τοιοῦτον
1167 2759 1326 2822 γένος
1357 2755 1416 2806 ἐν
1447 2749 1587 2819 αὐτῇ
1608 2749 1866 2820 ἐμφύεται·

192 2825 265 2881 δι’
287 2830 542 2892 ἐξουσίαν
568 2829 670 2886 οὐκ
690 2836 921 2887 ἔλαττον
943 2830 980 2903 ἢ
1011 2837 1071 2888 ἐν
1100 2840 1167 2903 τῇ
1195 2831 1643 2902 ὀλιγαρχουμένη.
1693 2831 1870 2886 Ἔστιν
