<?xml version="1.0" encoding="UTF-8"?>
<!DOCTYPE html PUBLIC "-//W3C//DTD XHTML 1.0 Transitional//EN"
    "http://www.w3.org/TR/xhtml1/DTD/xhtml1-transitional.dtd">
<html xmlns="http://www.w3.org/1999/xhtml" xml:lang="en" lang="en">
 <head>
  <title>
</title>
<meta http-equiv="Content-Type" content="text/html;charset=utf-8" />
  <meta name='ocr-system' content='tesseract 3.04.00' />
  <meta name='ocr-capabilities' content='ocr_page ocr_carea ocr_par ocr_line ocrx_word'/>
</head>
<body>
  <div class='ocr_page' id='page_1' title='image "./dialogisecumdumt04platuoft_0458.png"; bbox 0 0 1962 3236; ppageno 0'>
   <div class='ocr_carea' id='block_1_1' title="bbox 607 504 1381 713">
    <p class='ocr_par' dir='ltr' id='par_1_1' title="bbox 607 504 1381 713">
     <span class='ocr_line' id='line_1_1' title="bbox 707 504 1208 575; baseline 0.004 -5"><span class='ocrx_word' id='word_1_1' title='bbox 707 534 711 537; x_wconf 88' lang='lat'>·</span> <span class='ocrx_word' id='word_1_2' title='bbox 742 504 1208 575; x_wconf 85' lang='grc' dir='ltr'><em>ΚΡῙΤῙΑΣ</em></span> 
     </span>
     <span class='ocr_line' id='line_1_2' title="bbox 607 622 1381 713; baseline 0.005 -29"><span class='ocrx_word' id='word_1_3' title='bbox 607 622 667 705; x_wconf 77' lang='grc' dir='ltr'><strong><em>[ἢ</em></strong></span> <span class='ocrx_word' id='word_1_4' title='bbox 699 623 1052 699; x_wconf 79' lang='grc' dir='ltr'><strong><em>Ἀτλαντικός</em></strong></span> <span class='ocrx_word' id='word_1_5' title='bbox 1067 651 1078 662; x_wconf 91' lang='grc'><em>·</em></span> <span class='ocrx_word' id='word_1_6' title='bbox 1119 626 1381 713; x_wconf 55' lang='grc' dir='ltr'><strong><em>ἠθικός]</em></strong></span> 
     </span>
    </p>
   </div>
   <div class='ocr_carea' id='block_1_2' title="bbox 872 764 1125 771">
    <p class='ocr_par' dir='ltr' id='par_1_2' title="bbox 872 764 1125 771">
     <span class='ocr_line' id='line_1_3' title="bbox 872 764 1125 771; baseline 0 2465"><span class='ocrx_word' id='word_1_7' title='bbox 872 764 1125 771; x_wconf 95' lang='lat' dir='ltr'><strong><em> </em></strong></span> 
     </span>
    </p>
   </div>
   <div class='ocr_carea' id='block_1_3' title="bbox 365 845 1660 1043">
    <p class='ocr_par' dir='ltr' id='par_1_3' title="bbox 365 845 1660 1043">
     <span class='ocr_line' id='line_1_4' title="bbox 456 845 1535 899; baseline 0.008 -9"><span class='ocrx_word' id='word_1_8' title='bbox 456 847 542 891; x_wconf 90' lang='grc' dir='ltr'><strong><em>ΤΑ</em></strong></span> <span class='ocrx_word' id='word_1_9' title='bbox 594 845 733 892; x_wconf 75' lang='grc' dir='ltr'><strong><em>ΤΟΥ</em></strong></span> <span class='ocrx_word' id='word_1_10' title='bbox 773 848 1148 896; x_wconf 78' lang='grc' dir='ltr'><em>ΔΙΑΛΟΓΟΥ</em></span> <span class='ocrx_word' id='word_1_11' title='bbox 1188 850 1535 899; x_wconf 75' lang='grc' dir='ltr'><em>ΠΡΟΣΩΠΑ</em></span> 
     </span>
     <span class='ocr_line' id='line_1_5' title="bbox 365 968 1660 1043; baseline 0.005 -20"><span class='ocrx_word' id='word_1_12' title='bbox 365 968 720 1038; x_wconf 79' lang='grc' dir='ltr'><strong><em>ΤιΜΑιοΣ,</em></strong></span> <span class='ocrx_word' id='word_1_13' title='bbox 774 969 1126 1041; x_wconf 74' lang='grc' dir='ltr'><strong><em>ΚΡΙΤΙΑΣ,</em></strong></span> <span class='ocrx_word' id='word_1_14' title='bbox 1187 972 1660 1043; x_wconf 68' lang='grc' dir='ltr'><strong><em>ΣΩΚΡΑΤΗΣ,</em></strong></span> 
     </span>
    </p>
   </div>
   <div class='ocr_carea' id='block_1_4' title="bbox 855 1213 1128 1222">
    <p class='ocr_par' dir='ltr' id='par_1_4' title="bbox 855 1213 1128 1222">
     <span class='ocr_line' id='line_1_6' title="bbox 855 1213 1128 1222; baseline 0 0"><span class='ocrx_word' id='word_1_15' title='bbox 855 1213 1128 1222; x_wconf 95' lang='lat' dir='ltr'><strong><em> </em></strong></span> 
     </span>
    </p>
   </div>
   <div class='ocr_carea' id='block_1_5' title="bbox 29 1065 1839 1365">
    <p class='ocr_par' dir='ltr' id='par_1_5' title="bbox 29 1065 1839 1365">
     <span class='ocr_line' id='line_1_7' title="bbox 706 1065 1278 1124; baseline 0.007 -5"><span class='ocrx_word' id='word_1_16' title='bbox 706 1065 1084 1122; x_wconf 87' lang='grc' dir='ltr'><em>ΕΡΜΟΚΡΑ</em></span> <span class='ocrx_word' id='word_1_17' title='bbox 1094 1069 1278 1124; x_wconf 88' lang='grc' dir='ltr'><strong><em>ΤΗΣ.</em></strong></span> 
     </span>
     <span class='ocr_line' id='line_1_8' title="bbox 64 1185 126 1227; baseline -0.016 0"><span class='ocrx_word' id='word_1_18' title='bbox 64 1185 126 1227; x_wconf 82' lang='lat' dir='ltr'><strong><em>St.</em></strong></span> 
     </span>
     <span class='ocr_line' id='line_1_9' title="bbox 29 1244 1659 1316; baseline 0.004 -8"><span class='ocrx_word' id='word_1_19' title='bbox 29 1244 151 1297; x_wconf 66' lang='lat' dir='ltr'><strong>HLP&#39;</strong></span> <span class='ocrx_word' id='word_1_20' title='bbox 360 1293 373 1313; x_wconf 81' lang='lat' dir='ltr'>e</span> <span class='ocrx_word' id='word_1_21' title='bbox 488 1291 511 1310; x_wconf 74' lang='grc' dir='ltr'><em>η</em></span> <span class='ocrx_word' id='word_1_22' title='bbox 779 1286 800 1310; x_wconf 69' lang='lat'><strong><em>‘3</em></strong></span> <span class='ocrx_word' id='word_1_23' title='bbox 904 1293 916 1308; x_wconf 81' lang='lat' dir='ltr'><em>r</em></span> <span class='ocrx_word' id='word_1_24' title='bbox 1192 1290 1215 1316; x_wconf 62' lang='grc' dir='ltr'><strong><em>ἲ·</em></strong></span> <span class='ocrx_word' id='word_1_25' title='bbox 1551 1301 1570 1312; x_wconf 61' lang='grc' dir='ltr'><strong><em>υ</em></strong></span> <span class='ocrx_word' id='word_1_26' title='bbox 1646 1294 1659 1314; x_wconf 76' lang='grc'><strong>9</strong></span> 
     </span>
     <span class='ocr_line' id='line_1_10' title="bbox 32 1297 1839 1365; baseline 0.003 -20"><span class='ocrx_word' id='word_1_27' title='bbox 32 1307 118 1352; x_wconf 87' lang='lat'><strong><em>106</em></strong></span> <span class='ocrx_word' id='word_1_28' title='bbox 289 1297 329 1347; x_wconf 93' lang='lat'><strong><em>1.</em></strong></span> <span class='ocrx_word' id='word_1_29' title='bbox 368 1298 453 1358; x_wconf 76' lang='grc' dir='ltr'><strong><em>,Ως</em></strong></span> <span class='ocrx_word' id='word_1_30' title='bbox 475 1308 731 1363; x_wconf 85' lang='grc' dir='ltr'><strong><em>ασμενος,</em></strong></span> <span class='ocrx_word' id='word_1_31' title='bbox 754 1314 795 1347; x_wconf 93' lang='grc' dir='ltr'><strong><em>ω</em></strong></span> <span class='ocrx_word' id='word_1_32' title='bbox 817 1300 1131 1365; x_wconf 84' lang='grc' dir='ltr'><strong><em>Σωκρατες,</em></strong></span> <span class='ocrx_word' id='word_1_33' title='bbox 1157 1316 1277 1350; x_wconf 88' lang='grc' dir='ltr'><strong><em>οιον</em></strong></span> <span class='ocrx_word' id='word_1_34' title='bbox 1305 1298 1364 1349; x_wconf 85' lang='grc' dir='ltr'><strong><em>ἐκ</em></strong></span> <span class='ocrx_word' id='word_1_35' title='bbox 1385 1317 1598 1365; x_wconf 84' lang='grc' dir='ltr'><strong><em>μακρας</em></strong></span> <span class='ocrx_word' id='word_1_36' title='bbox 1627 1316 1839 1351; x_wconf 86' lang='grc' dir='ltr'><strong><em>αναπε-</em></strong></span> 
     </span>
    </p>
   </div>
   <div class='ocr_carea' id='block_1_6' title="bbox 34 1371 1841 2922">
    <p class='ocr_par' dir='ltr' id='par_1_6' title="bbox 34 1371 1841 2922">
     <span class='ocr_line' id='line_1_11' title="bbox 145 1371 1841 1447; baseline 0.002 -17"><span class='ocrx_word' id='word_1_37' title='bbox 145 1376 426 1445; x_wconf 89' lang='grc' dir='ltr'><strong><em>παυμένος</em></strong></span> <span class='ocrx_word' id='word_1_38' title='bbox 447 1371 602 1444; x_wconf 80' lang='grc' dir='ltr'><strong><em>ὁδοῦ,</em></strong></span> <span class='ocrx_word' id='word_1_39' title='bbox 634 1379 742 1428; x_wconf 82' lang='grc' dir='ltr'><strong><em>νῦν</em></strong></span> <span class='ocrx_word' id='word_1_40' title='bbox 776 1372 953 1438; x_wconf 81' lang='grc' dir='ltr'><strong><em>οὕτως</em></strong></span> <span class='ocrx_word' id='word_1_41' title='bbox 979 1378 1041 1430; x_wconf 84' lang='grc' dir='ltr'><strong><em>ἐκ</em></strong></span> <span class='ocrx_word' id='word_1_42' title='bbox 1069 1383 1166 1446; x_wconf 84' lang='grc' dir='ltr'><strong><em>τῆς</em></strong></span> <span class='ocrx_word' id='word_1_43' title='bbox 1193 1381 1296 1431; x_wconf 81' lang='grc' dir='ltr'><strong><em>τοῦ</em></strong></span> <span class='ocrx_word' id='word_1_44' title='bbox 1322 1377 1494 1446; x_wconf 81' lang='grc' dir='ltr'><strong><em>λόγου</em></strong></span> <span class='ocrx_word' id='word_1_45' title='bbox 1522 1380 1841 1447; x_wconf 86' lang='grc' dir='ltr'><strong><em>διαπορείας</em></strong></span> 
     </span>
     <span class='ocr_line' id='line_1_12' title="bbox 145 1455 1838 1534; baseline 0.002 -23"><span class='ocrx_word' id='word_1_46' title='bbox 145 1456 440 1528; x_wconf 77' lang='grc' dir='ltr'><strong><em>ἀγαπητῶς</em></strong></span> <span class='ocrx_word' id='word_1_47' title='bbox 459 1455 845 1527; x_wconf 66' lang='grc' dir='ltr'><strong><em>ἀπήλλαγμαι]</em></strong></span> <span class='ocrx_word' id='word_1_48' title='bbox 880 1463 956 1525; x_wconf 75' lang='grc' dir='ltr'><strong><em>τῷ</em></strong></span> <span class='ocrx_word' id='word_1_49' title='bbox 978 1460 1037 1512; x_wconf 82' lang='grc' dir='ltr'><strong><em>δὲ</em></strong></span> <span class='ocrx_word' id='word_1_50' title='bbox 1056 1460 1187 1526; x_wconf 86' lang='grc' dir='ltr'><strong><em>πρὶν</em></strong></span> <span class='ocrx_word' id='word_1_51' title='bbox 1204 1461 1306 1530; x_wconf 76' lang='grc' dir='ltr'><strong><em>μὲν</em></strong></span> <span class='ocrx_word' id='word_1_52' title='bbox 1334 1459 1504 1516; x_wconf 79' lang='grc' dir='ltr'><strong><em>πάλαι</em></strong></span> <span class='ocrx_word' id='word_1_53' title='bbox 1532 1459 1654 1515; x_wconf 87' lang='grc' dir='ltr'><strong><em>ποτ’</em></strong></span> <span class='ocrx_word' id='word_1_54' title='bbox 1677 1464 1838 1534; x_wconf 77' lang='grc' dir='ltr'><strong><em>ἔργῳ,</em></strong></span> 
     </span>
     <span class='ocr_line' id='line_1_13' title="bbox 145 1535 1838 1614; baseline 0.003 -21"><span class='ocrx_word' id='word_1_55' title='bbox 145 1545 256 1594; x_wconf 85' lang='grc' dir='ltr'><strong><em>νῦν</em></strong></span> <span class='ocrx_word' id='word_1_56' title='bbox 270 1539 329 1594; x_wconf 74' lang='grc' dir='ltr'><strong><em>δὲ</em></strong></span> <span class='ocrx_word' id='word_1_57' title='bbox 347 1538 533 1607; x_wconf 81' lang='grc' dir='ltr'><strong><em>λόγοις</em></strong></span> <span class='ocrx_word' id='word_1_58' title='bbox 545 1535 670 1605; x_wconf 75' lang='grc' dir='ltr'><strong><em>ἄρτι</em></strong></span> <span class='ocrx_word' id='word_1_59' title='bbox 691 1545 811 1612; x_wconf 78' lang='grc' dir='ltr'><strong><em>θεῷ</em></strong></span> <span class='ocrx_word' id='word_1_60' title='bbox 828 1538 1083 1610; x_wconf 91' lang='grc' dir='ltr'><strong><em>γεγονότι</em></strong></span> <span class='ocrx_word' id='word_1_61' title='bbox 1104 1541 1497 1612; x_wconf 75' lang='grc' dir='ltr'><strong><em>προσεύχομαι,</em></strong></span> <span class='ocrx_word' id='word_1_62' title='bbox 1510 1548 1623 1597; x_wconf 78' lang='grc' dir='ltr'><strong><em>τῶν</em></strong></span> <span class='ocrx_word' id='word_1_63' title='bbox 1641 1545 1838 1614; x_wconf 82' lang='grc' dir='ltr'><strong><em>ῥηθέν-</em></strong></span> 
     </span>
     <span class='ocr_line' id='line_1_14' title="bbox 144 1619 1840 1695; baseline 0.003 -21"><span class='ocrx_word' id='word_1_64' title='bbox 144 1641 259 1675; x_wconf 91' lang='grc' dir='ltr'><strong><em>των</em></strong></span> <span class='ocrx_word' id='word_1_65' title='bbox 278 1619 383 1674; x_wconf 83' lang='grc' dir='ltr'><strong><em>ὅσα</em></strong></span> <span class='ocrx_word' id='word_1_66' title='bbox 403 1619 506 1690; x_wconf 75' lang='grc' dir='ltr'><strong><em>μὲν</em></strong></span> <span class='ocrx_word' id='word_1_67' title='bbox 524 1619 739 1691; x_wconf 85' lang='grc' dir='ltr'><strong><em>ἐρρήθη</em></strong></span> <span class='ocrx_word' id='word_1_68' title='bbox 753 1627 1001 1691; x_wconf 79' lang='grc' dir='ltr'><strong><em>μετρίως,</em></strong></span> <span class='ocrx_word' id='word_1_69' title='bbox 1023 1627 1301 1693; x_wconf 83' lang='grc' dir='ltr'><strong><em>σωτηρίαν</em></strong></span> <span class='ocrx_word' id='word_1_70' title='bbox 1319 1621 1450 1695; x_wconf 75' lang='grc' dir='ltr'><strong><em>ἡμῖν</em></strong></span> <span class='ocrx_word' id='word_1_71' title='bbox 1461 1621 1633 1680; x_wconf 82' lang='grc' dir='ltr'><strong><em>αὐτὸν</em></strong></span> <span class='ocrx_word' id='word_1_72' title='bbox 1653 1623 1840 1679; x_wconf 77' lang='grc' dir='ltr'><strong><em>αὐτῶν</em></strong></span> 
     </span>
     <span class='ocr_line' id='line_1_15' title="bbox 88 1700 1836 1777; baseline 0.004 -23"><span class='ocrx_word' id='word_1_73' title='bbox 88 1714 121 1754; x_wconf 90' lang='grc' dir='ltr'>Β</span> <span class='ocrx_word' id='word_1_74' title='bbox 150 1702 382 1773; x_wconf 81' lang='grc' dir='ltr'><strong><em>διδόναι,</em></strong></span> <span class='ocrx_word' id='word_1_75' title='bbox 405 1700 555 1771; x_wconf 76' lang='grc' dir='ltr'><strong><em>παρὰ</em></strong></span> <span class='ocrx_word' id='word_1_76' title='bbox 577 1705 740 1773; x_wconf 83' lang='grc' dir='ltr'><strong><em>μέλος</em></strong></span> <span class='ocrx_word' id='word_1_77' title='bbox 762 1703 821 1759; x_wconf 77' lang='grc' dir='ltr'><strong><em>δὲ</em></strong></span> <span class='ocrx_word' id='word_1_78' title='bbox 841 1711 968 1759; x_wconf 78' lang='grc' dir='ltr'><strong><em>εἴτι</em></strong></span> <span class='ocrx_word' id='word_1_79' title='bbox 986 1706 1111 1772; x_wconf 85' lang='grc' dir='ltr'><strong><em>περὶ</em></strong></span> <span class='ocrx_word' id='word_1_80' title='bbox 1135 1702 1325 1759; x_wconf 84' lang='grc' dir='ltr'><strong><em>αὐτων</em></strong></span> <span class='ocrx_word' id='word_1_81' title='bbox 1343 1703 1571 1770; x_wconf 81' lang='grc' dir='ltr'><strong><em>ἄκοντες</em></strong></span> <span class='ocrx_word' id='word_1_82' title='bbox 1592 1714 1836 1777; x_wconf 86' lang='grc' dir='ltr'><strong><em>εἰπομεν,</em></strong></span> 
     </span>
     <span class='ocr_line' id='line_1_16' title="bbox 150 1783 1839 1887; baseline 0.004 -49"><span class='ocrx_word' id='word_1_83' title='bbox 150 1788 311 1855; x_wconf 80' lang='grc' dir='ltr'><strong><em>δίκην</em></strong></span> <span class='ocrx_word' id='word_1_84' title='bbox 329 1783 434 1855; x_wconf 82' lang='grc' dir='ltr'><strong><em>τὴν</em></strong></span> <span class='ocrx_word' id='word_1_85' title='bbox 451 1786 780 1854; x_wconf 90' lang='grc' dir='ltr'><strong><em>πρέπουσαν</em></strong></span> <span class='ocrx_word' id='word_1_86' title='bbox 798 1787 1122 1842; x_wconf 80' lang='grc' dir='ltr'><strong><em>ἐπιτιθέναι.</em></strong></span> <span class='ocrx_word' id='word_1_87' title='bbox 1122 1791 1271 1887; x_wconf 86' lang='grc' dir='ltr'><strong><em>δίκη</em></strong></span> <span class='ocrx_word' id='word_1_88' title='bbox 1292 1788 1350 1844; x_wconf 74' lang='grc' dir='ltr'><strong><em>δὲ</em></strong></span> <span class='ocrx_word' id='word_1_89' title='bbox 1371 1785 1518 1859; x_wconf 78' lang='grc' dir='ltr'><strong><em>ὀρθὴ</em></strong></span> <span class='ocrx_word' id='word_1_90' title='bbox 1537 1786 1638 1844; x_wconf 87' lang='grc' dir='ltr'><strong><em>τὸν</em></strong></span> <span class='ocrx_word' id='word_1_91' title='bbox 1656 1795 1839 1859; x_wconf 88' lang='grc' dir='ltr'><strong><em>πλημ-</em></strong></span> 
     </span>
     <span class='ocr_line' id='line_1_17' title="bbox 147 1861 1839 1940; baseline 0.002 -19"><span class='ocrx_word' id='word_1_92' title='bbox 147 1873 426 1936; x_wconf 83' lang='grc' dir='ltr'><strong><em>μελοῦντα</em></strong></span> <span class='ocrx_word' id='word_1_93' title='bbox 463 1869 670 1938; x_wconf 84' lang='grc' dir='ltr'><strong><em>ἐμμελῆ</em></strong></span> <span class='ocrx_word' id='word_1_94' title='bbox 706 1880 913 1923; x_wconf 82' lang='grc' dir='ltr'><strong><em>ποιεῖν·</em></strong></span> <span class='ocrx_word' id='word_1_95' title='bbox 955 1861 1031 1923; x_wconf 89' lang='grc' dir='ltr'><strong><em>ιν’</em></strong></span> <span class='ocrx_word' id='word_1_96' title='bbox 1074 1863 1181 1925; x_wconf 80' lang='grc' dir='ltr'><strong><em>οὖν</em></strong></span> <span class='ocrx_word' id='word_1_97' title='bbox 1215 1868 1276 1924; x_wconf 83' lang='grc' dir='ltr'><strong><em>τὸ</em></strong></span> <span class='ocrx_word' id='word_1_98' title='bbox 1316 1870 1514 1925; x_wconf 88' lang='grc' dir='ltr'><strong><em>λοιπὸν</em></strong></span> <span class='ocrx_word' id='word_1_99' title='bbox 1547 1868 1678 1934; x_wconf 79' lang='grc' dir='ltr'><strong><em>τοὺς</em></strong></span> <span class='ocrx_word' id='word_1_100' title='bbox 1714 1872 1839 1940; x_wconf 85' lang='grc' dir='ltr'><strong><em>περὶ</em></strong></span> 
     </span>
     <span class='ocr_line' id='line_1_18' title="bbox 147 1947 1838 2026; baseline 0.001 -23"><span class='ocrx_word' id='word_1_101' title='bbox 147 1956 302 2004; x_wconf 83' lang='grc' dir='ltr'><strong><em>θεων</em></strong></span> <span class='ocrx_word' id='word_1_102' title='bbox 330 1953 600 2019; x_wconf 88' lang='grc' dir='ltr'><strong><em>γενέσεως</em></strong></span> <span class='ocrx_word' id='word_1_103' title='bbox 636 1947 826 2020; x_wconf 82' lang='grc' dir='ltr'><strong><em>ὀρθως</em></strong></span> <span class='ocrx_word' id='word_1_104' title='bbox 855 1953 1113 2022; x_wconf 88' lang='grc' dir='ltr'><strong><em>λέγωμεν</em></strong></span> <span class='ocrx_word' id='word_1_105' title='bbox 1129 1953 1347 2026; x_wconf 84' lang='grc' dir='ltr'><strong><em>λόγους,</em></strong></span> <span class='ocrx_word' id='word_1_106' title='bbox 1380 1974 1678 2023; x_wconf 82' lang='grc' dir='ltr'><strong><em>φαρμακον</em></strong></span> <span class='ocrx_word' id='word_1_107' title='bbox 1705 1952 1838 2021; x_wconf 80' lang='grc' dir='ltr'><strong><em>ἡμῖν</em></strong></span> 
     </span>
     <span class='ocr_line' id='line_1_19' title="bbox 148 2028 1834 2104; baseline 0.001 -20"><span class='ocrx_word' id='word_1_108' title='bbox 148 2028 322 2085; x_wconf 81' lang='grc' dir='ltr'><strong><em>αὐτὸν</em></strong></span> <span class='ocrx_word' id='word_1_109' title='bbox 341 2029 679 2087; x_wconf 88' lang='grc' dir='ltr'><strong><em>τελεωτατον</em></strong></span> <span class='ocrx_word' id='word_1_110' title='bbox 708 2034 800 2087; x_wconf 83' lang='grc' dir='ltr'><strong><em>καὶ</em></strong></span> <span class='ocrx_word' id='word_1_111' title='bbox 831 2031 1061 2103; x_wconf 85' lang='grc' dir='ltr'><strong><em>α’ριστον</em></strong></span> <span class='ocrx_word' id='word_1_112' title='bbox 1080 2055 1393 2104; x_wconf 84' lang='grc' dir='ltr'><strong><em>φαρμακων</em></strong></span> <span class='ocrx_word' id='word_1_113' title='bbox 1414 2033 1719 2103; x_wconf 84' lang='grc' dir='ltr'><strong><em>ἐπιστήμην</em></strong></span> <span class='ocrx_word' id='word_1_114' title='bbox 1739 2030 1834 2085; x_wconf 84' lang='grc' dir='ltr'><strong><em>εὐ-</em></strong></span> 
     </span>
     <span class='ocr_line' id='line_1_20' title="bbox 145 2111 1836 2185; baseline 0.001 -19"><span class='ocrx_word' id='word_1_115' title='bbox 145 2111 362 2182; x_wconf 83' lang='grc' dir='ltr'><strong><em>χόμεθα</em></strong></span> <span class='ocrx_word' id='word_1_116' title='bbox 386 2113 619 2183; x_wconf 78' lang='grc' dir='ltr'><strong><em>διδόναι,</em></strong></span> <span class='ocrx_word' id='word_1_117' title='bbox 641 2115 1078 2184; x_wconf 73' lang='grc' dir='ltr'><strong><em>προσευξάμενοι</em></strong></span> <span class='ocrx_word' id='word_1_118' title='bbox 1101 2115 1159 2170; x_wconf 76' lang='grc' dir='ltr'><strong><em>δὲ</em></strong></span> <span class='ocrx_word' id='word_1_119' title='bbox 1187 2118 1563 2185; x_wconf 86' lang='grc' dir='ltr'><strong><em>παραδίδομεν</em></strong></span> <span class='ocrx_word' id='word_1_120' title='bbox 1582 2112 1717 2169; x_wconf 80' lang='grc' dir='ltr'><strong><em>κατὰ</em></strong></span> <span class='ocrx_word' id='word_1_121' title='bbox 1739 2112 1836 2178; x_wconf 80' lang='grc' dir='ltr'><strong><em>τὰς</em></strong></span> 
     </span>
     <span class='ocr_line' id='line_1_21' title="bbox 146 2195 1118 2270; baseline 0 -19"><span class='ocrx_word' id='word_1_122' title='bbox 146 2195 440 2267; x_wconf 83' lang='grc' dir='ltr'><strong><em>ὁμολογίας</em></strong></span> <span class='ocrx_word' id='word_1_123' title='bbox 457 2203 657 2270; x_wconf 79' lang='grc' dir='ltr'><strong><em>Κριτίᾳ</em></strong></span> <span class='ocrx_word' id='word_1_124' title='bbox 677 2196 777 2252; x_wconf 83' lang='grc' dir='ltr'><strong><em>τὸν</em></strong></span> <span class='ocrx_word' id='word_1_125' title='bbox 795 2199 915 2268; x_wconf 80' lang='grc' dir='ltr'><strong><em>ἑξῆς</em></strong></span> <span class='ocrx_word' id='word_1_126' title='bbox 934 2197 1118 2267; x_wconf 87' lang='grc' dir='ltr'><strong><em>λόγον.</em></strong></span> 
     </span>
     <span class='ocr_line' id='line_1_22' title="bbox 288 2271 1828 2351; baseline 0 -19"><span class='ocrx_word' id='word_1_127' title='bbox 288 2283 431 2332; x_wconf 91' lang='grc' dir='ltr'><strong><em>ΚΡΙ.</em></strong></span> <span class='ocrx_word' id='word_1_128' title='bbox 466 2275 633 2348; x_wconf 80' lang='grc' dir='ltr'><strong><em>Ἀλλ’,</em></strong></span> <span class='ocrx_word' id='word_1_129' title='bbox 666 2271 712 2332; x_wconf 72' lang='grc' dir='ltr'><em>ὦ</em></span> <span class='ocrx_word' id='word_1_130' title='bbox 736 2284 942 2349; x_wconf 90' lang='grc' dir='ltr'><strong><em>Τίμαιε,</em></strong></span> <span class='ocrx_word' id='word_1_131' title='bbox 967 2282 1189 2349; x_wconf 87' lang='grc' dir='ltr'><strong><em>δέχομαι</em></strong></span> <span class='ocrx_word' id='word_1_132' title='bbox 1207 2281 1325 2349; x_wconf 89' lang='grc' dir='ltr'><strong><em>μέν,</em></strong></span> <span class='ocrx_word' id='word_1_133' title='bbox 1358 2271 1405 2351; x_wconf 72' lang='grc' dir='ltr'><em>ᾧ</em></span> <span class='ocrx_word' id='word_1_134' title='bbox 1425 2278 1483 2333; x_wconf 74' lang='grc' dir='ltr'><strong><em>δὲ</em></strong></span> <span class='ocrx_word' id='word_1_135' title='bbox 1502 2279 1594 2333; x_wconf 80' lang='grc' dir='ltr'><strong><em>καὶ</em></strong></span> <span class='ocrx_word' id='word_1_136' title='bbox 1615 2276 1687 2333; x_wconf 74' lang='grc' dir='ltr'><strong><em>σὺ</em></strong></span> <span class='ocrx_word' id='word_1_137' title='bbox 1707 2276 1828 2333; x_wconf 86' lang='grc' dir='ltr'><strong><em>κατ’</em></strong></span> 
     </span>
     <span class='ocr_line' id='line_1_23' title="bbox 89 2355 1838 2431; baseline 0.001 -18"><span class='ocrx_word' id='word_1_138' title='bbox 89 2371 123 2414; x_wconf 82' lang='lat' dir='ltr'>O</span> <span class='ocrx_word' id='word_1_139' title='bbox 145 2355 316 2430; x_wconf 72' lang='grc' dir='ltr'><strong><em>ἀρχὰς</em></strong></span> <span class='ocrx_word' id='word_1_140' title='bbox 353 2357 583 2430; x_wconf 81' lang='grc' dir='ltr'><strong><em>ἐχρήσω,</em></strong></span> <span class='ocrx_word' id='word_1_141' title='bbox 614 2360 953 2431; x_wconf 76' lang='grc' dir='ltr'><strong><em>συγγνώμην</em></strong></span> <span class='ocrx_word' id='word_1_142' title='bbox 975 2361 1301 2430; x_wconf 82' lang='grc' dir='ltr'><strong><em>αἰτούμενος</em></strong></span> <span class='ocrx_word' id='word_1_143' title='bbox 1329 2358 1402 2425; x_wconf 73' lang='grc' dir='ltr'><strong><em>ὥς</em></strong></span> <span class='ocrx_word' id='word_1_144' title='bbox 1430 2363 1553 2428; x_wconf 83' lang='grc' dir='ltr'><strong><em>περὶ</em></strong></span> <span class='ocrx_word' id='word_1_145' title='bbox 1581 2359 1838 2431; x_wconf 75' lang='grc' dir='ltr'><strong><em>μεγάλων</em></strong></span> 
     </span>
     <span class='ocr_line' id='line_1_24' title="bbox 148 2439 1834 2512; baseline -0.001 -17"><span class='ocrx_word' id='word_1_146' title='bbox 148 2442 364 2510; x_wconf 87' lang='grc' dir='ltr'><strong><em>μέλλων</em></strong></span> <span class='ocrx_word' id='word_1_147' title='bbox 393 2443 590 2510; x_wconf 87' lang='grc' dir='ltr'><strong><em>λέγειν,</em></strong></span> <span class='ocrx_word' id='word_1_148' title='bbox 619 2439 827 2497; x_wconf 80' lang='grc' dir='ltr'><strong><em>ταύτὸν</em></strong></span> <span class='ocrx_word' id='word_1_149' title='bbox 857 2443 949 2496; x_wconf 88' lang='grc' dir='ltr'><strong><em>καὶ</em></strong></span> <span class='ocrx_word' id='word_1_150' title='bbox 981 2447 1092 2496; x_wconf 80' lang='grc' dir='ltr'><strong><em>νῦν</em></strong></span> <span class='ocrx_word' id='word_1_151' title='bbox 1123 2440 1228 2512; x_wconf 76' lang='grc' dir='ltr'><strong><em>ἐγώ</em></strong></span> <span class='ocrx_word' id='word_1_152' title='bbox 1260 2447 1423 2497; x_wconf 84' lang='grc' dir='ltr'><strong><em>τοῦτο</em></strong></span> <span class='ocrx_word' id='word_1_153' title='bbox 1445 2446 1834 2512; x_wconf 82' lang='grc' dir='ltr'><strong><em>παραιτοῦμαι,</em></strong></span> 
     </span>
     <span class='ocr_line' id='line_1_25' title="bbox 34 2521 1837 2593; baseline -0.002 -14"><span class='ocrx_word' id='word_1_154' title='bbox 34 2535 116 2581; x_wconf 89' lang='grc'><strong><em>107</em></strong></span> <span class='ocrx_word' id='word_1_155' title='bbox 145 2522 410 2590; x_wconf 82' lang='grc' dir='ltr'><strong><em>μειζόνως</em></strong></span> <span class='ocrx_word' id='word_1_156' title='bbox 429 2521 488 2578; x_wconf 87' lang='grc' dir='ltr'><strong><em>δε</em></strong></span> <span class='ocrx_word' id='word_1_157' title='bbox 507 2521 684 2577; x_wconf 80' lang='grc' dir='ltr'><strong><em>αὐτοῦ</em></strong></span> <span class='ocrx_word' id='word_1_158' title='bbox 703 2534 888 2593; x_wconf 85' lang='grc' dir='ltr'><strong><em>τυχεῖν</em></strong></span> <span class='ocrx_word' id='word_1_159' title='bbox 907 2528 986 2577; x_wconf 84' lang='grc' dir='ltr'><strong><em>ἔτι</em></strong></span> <span class='ocrx_word' id='word_1_160' title='bbox 1006 2529 1219 2593; x_wconf 81' lang='grc' dir='ltr'><strong><em>μᾶλλον</em></strong></span> <span class='ocrx_word' id='word_1_161' title='bbox 1249 2522 1382 2589; x_wconf 81' lang='grc' dir='ltr'><strong><em>ἇξιω</em></strong></span> <span class='ocrx_word' id='word_1_162' title='bbox 1406 2523 1531 2593; x_wconf 85' lang='grc' dir='ltr'><strong><em>περὶ</em></strong></span> <span class='ocrx_word' id='word_1_163' title='bbox 1562 2527 1675 2576; x_wconf 79' lang='grc' dir='ltr'><strong><em>τῶν</em></strong></span> <span class='ocrx_word' id='word_1_164' title='bbox 1703 2528 1837 2592; x_wconf 87' lang='grc' dir='ltr'><strong><em>μελ-</em></strong></span> 
     </span>
     <span class='ocr_line' id='line_1_26' title="bbox 147 2600 1835 2676; baseline 0 -19"><span class='ocrx_word' id='word_1_165' title='bbox 147 2600 364 2658; x_wconf 89' lang='grc' dir='ltr'><strong><em>λόντων</em></strong></span> <span class='ocrx_word' id='word_1_166' title='bbox 383 2602 748 2674; x_wconf 78' lang='grc' dir='ltr'><strong><em>ρηθήσεσθαι</em></strong></span> <span class='ocrx_word' id='word_1_167' title='bbox 799 2610 976 2660; x_wconf 82' lang='grc' dir='ltr'><strong><em>καίτοι</em></strong></span> <span class='ocrx_word' id='word_1_168' title='bbox 1004 2603 1203 2675; x_wconf 86' lang='grc' dir='ltr'><strong><em>σχεδὸν</em></strong></span> <span class='ocrx_word' id='word_1_169' title='bbox 1227 2626 1330 2676; x_wconf 89' lang='grc' dir='ltr'><strong><em>μεν</em></strong></span> <span class='ocrx_word' id='word_1_170' title='bbox 1350 2603 1471 2659; x_wconf 83' lang='grc' dir='ltr'><strong><em>οἶδα</em></strong></span> <span class='ocrx_word' id='word_1_171' title='bbox 1507 2609 1835 2675; x_wconf 88' lang='grc' dir='ltr'><strong><em>παραίτησιν</em></strong></span> 
     </span>
     <span class='ocr_line' id='line_1_27' title="bbox 148 2678 1834 2758; baseline 0 -20"><span class='ocrx_word' id='word_1_172' title='bbox 148 2678 214 2738; x_wconf 77' lang='grc' dir='ltr'><strong><em>εὖ</em></strong></span> <span class='ocrx_word' id='word_1_173' title='bbox 232 2684 378 2754; x_wconf 90' lang='grc' dir='ltr'><strong><em>μαλα</em></strong></span> <span class='ocrx_word' id='word_1_174' title='bbox 404 2685 700 2758; x_wconf 85' lang='grc' dir='ltr'><strong><em>φιλότιμον</em></strong></span> <span class='ocrx_word' id='word_1_175' title='bbox 718 2689 809 2742; x_wconf 84' lang='grc' dir='ltr'><strong><em>καὶ</em></strong></span> <span class='ocrx_word' id='word_1_176' title='bbox 826 2693 930 2742; x_wconf 84' lang='grc' dir='ltr'><strong><em>τοῦ</em></strong></span> <span class='ocrx_word' id='word_1_177' title='bbox 957 2690 1178 2751; x_wconf 82' lang='grc' dir='ltr'><strong><em>δέοντος</em></strong></span> <span class='ocrx_word' id='word_1_178' title='bbox 1197 2684 1593 2757; x_wconf 89' lang='grc' dir='ltr'><strong><em>αγροικοτέραν</em></strong></span> <span class='ocrx_word' id='word_1_179' title='bbox 1619 2689 1834 2756; x_wconf 86' lang='grc' dir='ltr'><strong><em>μέλλων</em></strong></span> 
     </span>
     <span class='ocr_line' id='line_1_28' title="bbox 148 2766 1830 2863; baseline 0.001 -45"><span class='ocrx_word' id='word_1_180' title='bbox 148 2776 552 2863; x_wconf 81' lang='grc' dir='ltr'><strong><em>παραιτεῖσθαι,</em></strong></span> <span class='ocrx_word' id='word_1_181' title='bbox 595 2791 793 2840; x_wconf 90' lang='grc' dir='ltr'><strong><em>ρητεον</em></strong></span> <span class='ocrx_word' id='word_1_182' title='bbox 829 2768 889 2824; x_wconf 93' lang='grc' dir='ltr'><strong><em>δε</em></strong></span> <span class='ocrx_word' id='word_1_183' title='bbox 923 2768 1088 2840; x_wconf 81' lang='grc' dir='ltr'><strong><em>ὅμως.</em></strong></span> <span class='ocrx_word' id='word_1_184' title='bbox 1127 2791 1200 2833; x_wconf 89' lang='grc' dir='ltr'><strong><em>ως</em></strong></span> <span class='ocrx_word' id='word_1_185' title='bbox 1242 2791 1344 2839; x_wconf 87' lang='grc' dir='ltr'><strong><em>μεν</em></strong></span> <span class='ocrx_word' id='word_1_186' title='bbox 1376 2766 1483 2837; x_wconf 77' lang='grc' dir='ltr'><strong><em>γὰρ</em></strong></span> <span class='ocrx_word' id='word_1_187' title='bbox 1524 2766 1627 2822; x_wconf 83' lang='grc' dir='ltr'><strong><em>οὐκ</em></strong></span> <span class='ocrx_word' id='word_1_188' title='bbox 1664 2787 1729 2820; x_wconf 89' lang='grc' dir='ltr'><strong><em>ευ</em></strong></span> <span class='ocrx_word' id='word_1_189' title='bbox 1765 2787 1830 2819; x_wconf 90' lang='grc' dir='ltr'><strong><em>τα</em></strong></span> 
     </span>
     <span class='ocr_line' id='line_1_29' title="bbox 149 2846 1832 2922; baseline 0.001 -21"><span class='ocrx_word' id='word_1_190' title='bbox 149 2846 298 2918; x_wconf 84' lang='grc' dir='ltr'><strong><em>παρα</em></strong></span> <span class='ocrx_word' id='word_1_191' title='bbox 317 2856 422 2902; x_wconf 85' lang='grc' dir='ltr'><strong><em>σοῦ</em></strong></span> <span class='ocrx_word' id='word_1_192' title='bbox 441 2853 706 2919; x_wconf 75' lang='grc' dir='ltr'><strong><em>λεχθέντα</em></strong></span> <span class='ocrx_word' id='word_1_193' title='bbox 728 2859 952 2922; x_wconf 80' lang='grc' dir='ltr'><strong><em>εἴρηται,</em></strong></span> <span class='ocrx_word' id='word_1_194' title='bbox 983 2855 1062 2915; x_wconf 83' lang='grc' dir='ltr'><strong><em>τίς</em></strong></span> <span class='ocrx_word' id='word_1_195' title='bbox 1091 2846 1161 2905; x_wconf 79' lang='grc' dir='ltr'><strong><em>ὅὶν</em></strong></span> <span class='ocrx_word' id='word_1_196' title='bbox 1191 2850 1583 2920; x_wconf 84' lang='grc' dir='ltr'><strong><em>ἐπιχειρήσειεν</em></strong></span> <span class='ocrx_word' id='word_1_197' title='bbox 1602 2852 1832 2920; x_wconf 81' lang='grc' dir='ltr'><strong><em>ἔμφρων</em></strong></span> 
     </span>
    </p>
   </div>
  </div>
 </body>
</html>
