1962 3236
189 125 296 179 344
801 130 971 175 ΠΛΑ
990 129 1091 175 Tsz
1105 131 1158 176 Ν
1172 90 1277 178 Ο.Σ
1805 139 1866 185 ’26

187 261 447 331 γεγόνασι
461 281 473 293 ·
504 264 718 331 χορείας
739 258 797 314 δὲ
819 258 1032 314 τούτων
1052 256 1237 316 αὐτῶν
1255 261 1341 314 καὶ
1363 261 1679 332 παραβολὰς
1699 262 1866 336 ἀλλή-

187 348 318 412 λων,
352 343 442 397 καὶ
472 343 595 410 περὶ
622 338 718 403 τὰς
743 346 858 394 τῶν
885 340 1108 395 κύκλων
1143 337 1282 407 πρὸς
1319 341 1548 405 ἑαυτοὺς
1586 345 1865 400 ἐπανακυ-

187 423 406 493 κλήσεις
435 423 526 477 καὶ
558 420 985 492 προσχωρήσεις,
1025 425 1086 476 ἐν
1113 442 1170 476 τε
1199 432 1315 486 ταῖς
1346 422 1649 489 ξυνάψεσιν
1686 422 1866 481 ὁποῖοι

186 510 299 558 τῶν
343 508 499 558 θεῶν
536 498 659 556 κατ’
703 498 975 572 ἀλλήλους
1018 502 1338 573 γιγνόμενοι
1372 504 1467 574 καὶ,
1499 502 1621 559 ὅσοι
1660 528 1864 562 καταν-

184 582 371 652 τικρύ,
410 579 539 653 μεθ’
585 579 846 645 οὕστινάς
881 603 938 636 τε
974 585 1314 651 ἐπίπροσθεν
1353 581 1608 654 ἀλλήλοις
1643 584 1774 656 ἡμῖν
1808 609 1866 642 τε

186 664 322 720 κατὰ
343 662 579 733 χρόνους
598 660 856 726 οὕστινας
874 664 1092 718 ἕκαστοι
1120 665 1630 720 κατακαλύπτονται
1649 669 1738 722 καὶ
1758 669 1867 722 πά-

129 757 163 796 D
188 752 275 800 λιν
312 742 751 814 αναφαινόμενοι
780 742 994 814 φόβους
1031 746 1119 799 καὶ
1151 756 1345 814 σημεῖα
1381 767 1495 801 των
1524 768 1657 817 μετα
1693 755 1866 803 ταῦτα

184 826 573 896 γενησομένων
613 835 725 889 τοῖς
762 822 831 879 οὐ
868 827 1194 923 δυναμένοις
1224 831 1534 896 λογίζεσθαι
1569 831 1863 899 πέμπουσι,

185 907 246 963 τὸ
280 912 460 978 λέγειν
492 905 628 963 α’νευ
654 907 889 973 διόψεως
920 907 1135 962 τούτων
1157 911 1227 961 αὐ
1257 929 1373 962 των
1406 909 1729 980 μιμημάτων
1759 910 1866 980 μά·-

185 1012 334 1054 ταιος
353 987 424 1045 ἂν
445 997 527 1060 εἴη
547 989 744 1052 πόνος·
782 986 918 1044 ἀλλὰ
938 989 1110 1043 ταῦτα
1130 1009 1187 1043 τε
1209 992 1410 1054 ίκανως
1427 987 1559 1060 ἡμῖν
1581 991 1755 1061 ταύτῃ
1774 994 1865 1046 καὶ

186 1071 252 1127 τὰ
286 1074 410 1141 περὶ
447 1078 600 1127 θεῶν
637 1069 854 1143 ὁρατῶν
898 1074 988 1129 καὶ
1023 1079 1305 1144 γεννητῶν
1345 1078 1601 1145 εἰρημένα
1645 1074 1865 1145 φύσεως

187 1156 349 1226 ἐχέτω
379 1156 545 1220 τέλος.

325 1241 456 1292 ΧΙΙΙ.
494 1237 631 1304 Περὶ
651 1237 710 1291 δὲ
726 1240 839 1291 τῶν
856 1233 1041 1290 ἄλλων
1061 1233 1339 1305 δαιμόνων
1358 1239 1527 1290 εἰπεῖν
1546 1237 1635 1291 καὶ
1654 1243 1864 1305 γνῶναι

185 1317 289 1389 τὴν
308 1321 527 1389 γένεσιν
546 1322 728 1389 μεῖζον
748 1317 784 1387 ἢ
811 1315 947 1371 καθ’
976 1313 1132 1386 ἡμᾶς,
1155 1319 1404 1371 πειστέον
1429 1316 1488 1372 δὲ
1515 1329 1625 1381 τοῖς
1647 1318 1864 1388 εἰρηκό-

188 1418 276 1455 σιν
297 1405 632 1470 ἔμπροσθεν,
654 1397 896 1468 ἐκγόνοις
920 1419 1020 1466 μεν
1045 1402 1197 1451 θεων
1217 1390 1394 1468 οὖσιν,
1418 1420 1490 1462 ως
1509 1402 1740 1468 ε’φασαν,
1764 1414 1863 1452 σα-

187 1502 307 1550 φως
329 1483 392 1534 δέ
408 1501 517 1533 που
535 1479 665 1543 τούς
684 1500 745 1548 γε
766 1475 950 1532 αὑτῶν
968 1476 1283 1547 προγόνους
1313 1478 1546 1533 εἰδόσιν·
1587 1479 1867 1534 ἀδύνατον

127 1576 161 1615 Ε
191 1564 297 1616 οὐν
328 1566 482 1615 θεων
508 1562 698 1615 παισὶν
730 1558 995 1628 απιστεῖν,
1035 1564 1229 1629 καιπερ
1267 1559 1403 1615 ἄνευ
1433 1582 1490 1615 τε
1520 1560 1750 1616 εἰκότων
1775 1562 1864 1614 καὶ

187 1640 504 1711 αναγκαίων
522 1639 856 1707 ἄποδειξεων
874 1643 1149 1710 λέγουσιν,
1172 1639 1294 1695 αλλ’
1320 1663 1392 1706 ως
1411 1646 1583 1697 οἰκεια
1612 1641 1863 1712 φασκόν-

187 1746 299 1779 των
336 1721 700 1793 όιπαγγέλλειν
738 1723 1039 1792 ἑπομένους
1076 1728 1153 1794 τῷ
1183 1722 1338 1795 νόμῳ
1376 1726 1708 1779 πιστευτέον.
1763 1721 1864 1777 οὕ-

187 1827 292 1869 τως
317 1799 421 1860 οῧν
450 1803 574 1860 κατ’
613 1806 859 1868 ἐκείνους
886 1801 1015 1873 ἡμῖν
1044 1800 1078 1874 ἡ
1116 1806 1324 1873 γένεσις
1360 1806 1482 1873 περὶ
1511 1804 1724 1859 τούτων
1753 1809 1865 1858 τῶν

188 1893 344 1942 θεῶν
380 1890 538 1957 ἐχέτω
576 1888 666 1942 καὶ
691 1890 954 1955 λεγέσθω.
1013 1891 1123 1955 Γῆς
1157 1907 1214 1940 τε
1251 1887 1342 1940 καὶ
1379 1885 1644 1954 Οὐρανοῦ
1679 1889 1864 1948 παῖδες

185 1967 443 2032 Ὠκεανός
477 1989 535 2023 τε
575 1969 666 2024 καὶ
709 1966 900 2038 Τηθὺς
936 1968 1256 2037 ἐγενέσθην,
1293 1967 1507 2022 τούτων
1549 1969 1608 2023 δὲ
1647 1967 1866 2034 Φόρκυς

187 2050 408 2118 Κρόνος
438 2072 496 2106 τε
526 2052 618 2106 καὶ
643 2048 759 2106 Ῥέα
787 2051 877 2104 καὶ
906 2046 1027 2104 ὅσοι
1056 2047 1189 2119 μετὰ
1221 2048 1450 2118 τούτων,
1474 2051 1530 2102 ἐκ
1560 2050 1618 2103 δὲ
1635 2047 1864 2116 Κρόνου

103 2149 159 2192 41
188 2136 279 2187 καὶ
306 2130 450 2196 Ῥέας
477 2131 618 2195 Ζεύς
639 2130 784 2199 ἽΙρα
807 2153 864 2186 τε
893 2132 983 2184 καὶ
1010 2128 1208 2193 πάντες
1227 2128 1392 2193 ὅσους
1411 2137 1568 2199 ἴσμεν
1587 2126 1863 2198 ἀδελφοὺς

187 2216 517 2282 λεγομένους
537 2211 740 2281 αὐταῖν,
768 2215 846 2266 ἔτι
874 2231 931 2265 τε
951 2209 1165 2264 τούτων
1193 2208 1394 2273 ἄλλους
1422 2210 1711 2279 ἐκγόνους·
1750 2211 1864 2264 ἐπεὶ

188 2292 239 2349 δ’
277 2287 383 2348 οὖν
421 2293 639 2359 πάντες,
679 2291 799 2347 ὅσοι
835 2313 892 2347 τε
928 2297 1288 2359 περιπολοῦσι
1325 2298 1579 2362 φανερῶς
1615 2293 1706 2345 καὶ
1743 2289 1864 2345 ὅσοι

189 2382 483 2444 φαίνονται
502 2372 637 2429 καθ’
662 2372 798 2429 ὅσον
817 2369 888 2427 ἂν
913 2375 1197 2441 ἐθέλωσιν,
1230 2375 1285 2427 οἰ
1309 2372 1431 2427 θεοὶ
1448 2375 1664 2440 γένεσιν
1683 2375 1860 2440 ἔσχον,

186 2459 331 2526 λέγει
366 2454 503 2523 πρὸς
535 2454 738 2520 αὐτοὺς
775 2454 803 2510 ὁ
843 2453 966 2509 τόδε
1004 2452 1063 2508 τό
1103 2460 1215 2509 πᾶν
1245 2453 1515 2523 γεννήσας
1542 2452 1696 2507 τάδε·
1734 2454 1864 2508 Θεοὶ

187 2545 359 2608 θεῶν,
393 2531 473 2594 ὦν
501 2538 606 2609 ἐγώ
644 2536 976 2609 δημιουργὸς
1006 2537 1183 2607 πατήρ
1221 2559 1276 2591 τε
1303 2541 1498 2607 ἔργων,
1538 2536 1573 2590 ἃ
1609 2533 1686 2589 δι’
1726 2538 1866 2605 ἐμοῦ

184 2620 458 2690 γενόμενα
470 2619 644 2676 ἄλυτα
657 2624 792 2691 ἐμοῦ
810 2641 872 2690 γε
884 2619 955 2691 μὴ
972 2622 1274 2681 ἐθέλοντος.
1296 2615 1356 2672 τὸ
1378 2618 1479 2687 μὲν
1498 2610 1601 2671 οὖν
1615 2614 1680 2685 δὴ
1695 2615 1864 2670 δεθὲν

127 2721 161 2761 B
188 2707 301 2754 πᾶν
323 2701 511 2772 λυτόν,
533 2702 599 2756 τό
616 2722 677 2771 γε
703 2699 815 2771 μὴν
835 2707 1014 2764 καλῶς
1046 2698 1329 2770 ἁρμοσθὲν
1355 2700 1445 2754 καὶ
1466 2702 1590 2767 ἔχον
1619 2691 1684 2751 εὗ
1704 2695 1861 2750 λύειν

184 2783 399 2836 ἐθέλειν
416 2788 620 2838 κακοῦ·
646 2780 709 2837 δι’
736 2779 771 2836 ὁὶ
789 2783 879 2838 καὶ
899 2785 1114 2851 ἐπείπερ
1131 2782 1452 2850 γεγένησθε,
1473 2776 1745 2832 ἀθάνατοι
1760 2775 1862 2846 μὲν
