1962 3236
826 17 837 27 .=
875 0 1183 41 :vesana-12:³³3:
1243 0 1256 23 ‘—
1275 0 1345 46 ‘4³“-
1376 5 1382 7 “

622 34 630 43 n
696 29 902 53 &,;UV--r

798 59 803 66 ι

6 158 84 260 ξ·
589 169 1076 219 ΠΟΛΙΤΕΙΑΣ
1106 163 1167 232 η’.
1630 164 1732 218 257

0 265 254 435 ξοῧτως.
259 301 420 360 Πολύ
439 307 503 359 δέ
515 324 579 374 γε
600 301 934 374 δριμύτερον
952 305 1015 358 ἐν
1031 298 1254 375 ταύτῃη
1273 303 1335 358 ἐν
1354 303 1554 372 ἐκείνῃ.
1577 305 1736 366 Πως;

29 385 183 442 Ἐκεῖ
195 388 300 457 μὲν
320 386 411 442 διὰ
429 386 491 442 τὸ
510 384 585 456 μὴ
607 389 830 455 ἔντιμον
849 382 1007 454 εἶναι,
1030 380 1158 439 ἀλλ’
1186 381 1603 439 ἀπελαύνεσθαι
1620 403 1735 436 των

3 466 247 538 ἀρχων,
269 465 629 537 ἀγύμναστον
648 466 739 520 καὶ
769 458 874 519 οὐκ
899 466 1217 534 ἐρρωμένον
1243 469 1511 535 γίγνεται·
1544 464 1604 517 ἐν
1634 465 1738 531 δη·

43 554 314 620 μοκρατιά
335 548 394 604 δὲ
414 547 580 602 τοῦτό
601 567 714 601 που
732 543 793 600 τὸ
817 543 1086 616 προεστὸς
1105 542 1293 615 αὐτῆς,
1323 544 1478 609 ε’κτὸς
1514 540 1737 613 ὀλίγων,

3 670 6 674 ·
44 631 136 684 καὶ
159 627 220 684 τὸ
243 651 346 699 μεν
370 627 706 697 δριμύτατον
726 624 902 680 αὐτοῦ
927 630 1071 695 λέγει
1100 646 1158 679 τε
1190 626 1283 680 καὶ
1312 624 1554 695 πράττει,
1583 621 1644 678 τό
1679 619 1738 677 δ’

45 710 182 766 ἄλλο
202 713 327 781 περὶ
345 708 411 765 τὰ
433 711 650 780 βήματα
669 712 933 776 προσίζον
949 713 1151 778 βομβεῖ
1160 729 1217 762 τε
1237 710 1329 763 καὶ
1352 706 1456 763 οὐκ
1487 705 1739 778 ἀνέχεται

45 798 149 846 τοῦ
181 790 321 847 ἄλλα
349 792 623 860 λέγοντος,
652 788 791 844 ὥστε
822 791 1000 844 πάντα
1031 785 1141 843 ὑπὸ
1173 794 1277 844 τοῦ
1305 789 1564 845 τοιούτου
1596 792 1739 843 6001.-
1761 799 1796 840 E

46 884 219 928 κεῖται
238 874 299 927 ἐν
319 877 387 943 τῇ
407 869 635 943 τοιαύτῃ
654 877 901 943 πολιτείᾳ
926 876 1092 941 χωρίς
1110 891 1282 925 τινων
1304 868 1528 942 ὀλίγων.
1565 870 1740 925 Μάλα

47 976 139 1023 γε,
181 948 216 1024 ἦ
254 952 303 1008 6’
346 953 420 1018 ὃς.
467 952 632 1007 ’Άλλο
670 958 864 1008 τοίνυν
900 951 1117 1006 τοιόνδε
1154 949 1236 1007 ἀεὶ
1279 949 1641 1021 ἀποκρίνεται
1680 952 1740 1006 ἐκ

50 1042 153 1090 τοῦ
188 1034 458 1105 πλήθους.
502 1032 576 1088 T6
616 1045 807 1099 ποῖον;
845 1035 1343 1104 Χρηματιζομένων
1370 1054 1482 1088 που
1508 1032 1739 1087 πάντων

49 1120 108 1171 οἱ
121 1114 484 1184 κοσμιώτατοι
514 1114 679 1182 φύσει
711 1112 786 1177 ὡς
805 1112 867 1168 τὸ
903 1111 1047 1168 πολύ
1080 1114 1484 1169 πλουσιώτατοι
1513 1121 1741 1184 γίγνον-

46 1220 148 1252 ται.
190 1195 371 1259 Είκός.
409 1201 683 1249 Πλεῖστον
703 1194 789 1264 δή,
813 1193 978 1265 οἶμαι,
1001 1207 1113 1259 τοῖς
1133 1200 1343 1267 κηφῆσι
1371 1199 1494 1265 μέλι
1521 1197 1614 1252 καὶ
1642 1191 1740 1250 εὕ-

47 1277 370 1349 ποριὸτατον
390 1278 658 1331 ἐντεῦθεν
676 1281 959 1347 βλίττεται.
1035 1282 1164 1340 Πῶς
1182 1274 1289 1346 γάρ
1320 1275 1409 1346 ἄν,
1443 1282 1567 1346 ἔφη,
1588 1278 1737 1344 παρά

45 1382 106 1430 γε
143 1365 258 1415 τῶν
288 1357 489 1429 σμικρὰ
520 1358 758 1429 ἑχόντων
787 1381 869 1423 τις
905 1364 1172 1430 βλίσειεν;
1219 1357 1491 1414 Πλούσιοι
1528 1358 1616 1428 δή,
1651 1357 1737 1413 οἷ-

46 1463 162 1511 μαι,
188 1445 244 1496 οἱ
279 1445 519 1495 τοιοῦτοι
557 1444 858 1494 καλοῦνται
902 1439 1175 1509 κηφήνων
1217 1439 1443 1510 βοτάνη.
1520 1440 1741 1509 Σχεδόν

50 1547 117 1594 τι,
148 1527 270 1593 ἔφη.

187 1609 314 1659 XVI.
351 1610 544 1675 Δῆμος
565 1602 616 1657 6'
648 1599 720 1658 ἂν
750 1610 831 1674 ειη
864 1625 1048 1670 τριτον
1080 1607 1258 1674 γένος,
1286 1602 1410 1659 ὅσοι
1442 1603 1747 1674 αὐτουργοί
1771 1623 1856 1668 565

49 1707 104 1741 τε
140 1687 230 1741 καὶ
266 1683 635 1756 ἀπράγμονες,
677 1683 746 1740 ού
782 1686 933 1740 πάνυ
981 1684 1158 1741 πολλὰ
1196 1688 1548 1757 κεκτημένοι·
1597 1684 1628 1741 ὃ
1669 1681 1735 1757 δὴ

47 1768 310 1825 πλεῖστόν
341 1789 399 1822 τε
437 1769 526 1821 καὶ
562 1767 908 1838 κυριώτατον
955 1769 1015 1821 ἐν
1052 1770 1418 1839 δημοκρατία,
1464 1766 1600 1822 ὅταν
1638 1787 1741 1836 περ

50 1848 355 1919 ἀθροισθῇ.
392 1847 544 1903 ’Ἐστι
572 1851 700 1919 γάρ,
722 1853 854 1919 ἔφη·
892 1846 1012 1903 ἀλλ’
1056 1848 1124 1903 οὐ
1161 1848 1317 1919 θαμὰ
1353 1852 1535 1905 ἐθέλει
1562 1861 1742 1904 ποιεῖν

48 1936 232 2000 τοῦτο,
255 1929 355 1984 ἐὰν
373 1931 443 2001 μὴ
466 1930 680 2000 μέλιτός
699 1954 748 1986 τι
768 1930 1178 2003 μεταλαμβάνῃ.
1219 1929 1446 1987 Οὐκοῦν
1464 1938 1742 2002 μεταλαμ-

47 2012 227 2085 βάνει,
254 2005 325 2083 ἦν
344 2010 394 2066 6'
418 2011 543 2104 ἐγω,
572 2010 672 2078 ἀεί,
695 2011 832 2067 καθ’
855 2011 992 2067 ὅσον
1014 2013 1284 2068 ὸύνανται
1305 2017 1362 2068 οι
1380 2020 1739 2083 προεστωτες,

47 2092 179 2158 τοὺς
207 2097 431 2163 ἔχοντας
460 2091 562 2163 τὴν
591 2090 789 2148 οὐσίαν
825 2091 1250 2165 ἀφαιρούμενοι,
1280 2096 1631 2166 διανέμοντες
1662 2101 1738 2166 τῷ
1799 2158 1801 2161 ⁴

50 2174 207 2247 δήμω
226 2170 288 2228 τὸ
321 2180 579 2228 πλεῖστον
607 2172 765 2229 αὐτοὶ
799 2178 955 2245 ε’χειν.
1009 2175 1443 2247 Μεταλαμβάνει
1471 2173 1579 2247 γὰρ
1612 2168 1735 2245 οὖν,
1768 2195 1799 2235 13

50 2248 85 2325 ἦ
107 2251 156 2309 6'
181 2250 259 2322 ὃς,
280 2251 471 2318 οὕτως.
510 2251 931 2325 Ἀναγκάζονται
963 2257 1051 2328 δή,
1086 2255 1252 2328 οἶμαι,
1282 2255 1618 2327 ἀμύνεσθαι,
1650 2259 1743 2313 λε’-

51 2339 244 2405 γοντές
263 2355 318 2389 τε
339 2336 401 2389 ἐν
419 2341 493 2409 τῷ
514 2335 670 2407 δήμω
683 2340 775 2393 καὶ
796 2337 1127 2406 πράττοντες
1146 2338 1257 2410 ὅπῃ
1278 2339 1565 2409 δύνανται,
1587 2331 1741 2395 οὗτοι

54 2410 136 2471 ὦν
159 2413 549 2485 ἀφαιροῦνται.
583 2420 718 2483 Πῶς
738 2417 846 2488 γὰρ
866 2418 963 2484 οὕς
992 2425 1195 2478 Αἰτίαν
1217 2419 1284 2491 δὴ
1317 2425 1479 2491 ἔσχον
1498 2419 1608 2476 ὑπὸ
1628 2426 1743 2477 ταῖν

54 2500 272 2567 ἑτέρων,
294 2492 402 2552 κᾶν
420 2496 494 2567 μὴ
524 2501 836 2570 ἐπιθυμῶσι
849 2507 1202 2573 νεωτερίζειν,
1225 2501 1298 2567 ὡς
1317 2502 1742 2573 ἐπιβουλεύουσι

53 2585 131 2653 τῷ
150 2579 305 2652 δήμω
325 2585 422 2633 καί
447 2583 584 2634 εἰσιν
611 2578 961 2650 ὀλιγαρχικοί.
1009 2588 1074 2637 Τί
1105 2584 1241 2654 μήν;
1274 2580 1506 2639 Οὐκοῦν
1533 2583 1625 2639 καὶ
1652 2604 1741 2638 τε-

52 2666 369 2730 λευτῶντες,
409 2661 633 2716 ἐπειδὰν
669 2659 837 2730 ὁρῶσι
876 2661 975 2717 τὸν
1016 2667 1194 2734 δῆμον
1232 2662 1331 2734 οὐχ
1362 2665 1577 2735 ἑκόντα,
1614 2661 1736 2719 ἀλλ’

52 2739 404 2813 ἀγνοήσαντά
426 2764 481 2797 τε
504 2745 592 2799 καὶ
615 2746 1028 2814 ἐξαπατηθέντα
1045 2743 1151 2798 ὑπὸ
1175 2750 1286 2800 τῶν
1303 2746 1740 2816 διαβαλλόντων.

52 2825 432 2947 ἐπέχειροτιῖἷζτα
452 2832 598 2894 σφᾶς
618 2823 847 2895 ἀδικεῖν,
873 2825 985 2881 τότ’
1016 2826 1138 2897 ἤδη,
1171 2835 1275 2883 εἴτε
1307 2827 1608 2898 βούλονται
1635 2835 1739 2885 εἴτε
1778 2843 1807 2885 C

159 2915 275 2947 ιΛτο
368 2936 378 2944 .
1430 2913 1476 2956 17

24 3028 70 3236 ,φης-ει·
