1962 3236
234 166 304 218 64
466 235 469 238 Ι
830 169 1303 218 ΠΛΑΤΩΝΟΣ

231 322 375 366 τινες
423 305 800 372 περιέρχονται
851 301 1072 371 νύκτωρ
1112 308 1334 366 πολλοῖς
1370 304 1542 367 ξένοις
1579 307 1670 360 καὶ
1705 325 1912 362 παντο-

235 385 428 448 δαποῖς
447 383 860 454 ἰνδαλλόμενοι,
897 386 988 437 ἵνα
1016 383 1089 452 μὴ
1119 381 1231 453 ἅμα
1250 387 1352 453 μὲν
1372 388 1446 448 εἰς
1469 383 1641 449 θεοὺς
1658 392 1909 458 βλασφη-

233 471 437 536 μῶσιν,
479 462 590 535 ἅμα
628 464 687 520 δὲ
725 462 856 527 τοὺς
887 466 1084 528 παῖδας
1113 461 1524 534 ἀπεργάζωνται
1553 470 1906 538 δειλοτέρους.

237 545 334 617 Μὴ
365 546 501 616 γάρ,
541 549 662 617 ἔφη.
706 545 860 600 ΥἈλλ’
894 539 1030 616 ἆρα,
1068 539 1141 616 ἦν
1160 544 1213 599 δ’
1241 546 1376 617 ἐγώ,
1416 545 1573 602 αὐτοὶ
1592 547 1694 618 μὲν
1714 551 1768 603 οἱ
1784 554 1914 604 θεοί

233 631 371 682 εἰσιν
403 623 510 683 οἷοι
539 625 612 697 μὴ
645 625 1034 697 μεταβάλλειν,
1074 622 1204 696 ἡμῖν
1232 626 1291 682 δὲ
1319 634 1541 683 ποιοῦσι
1562 632 1743 684 δοκεῖν
1765 636 1909 699 σφοῖς

234 706 626 772 παντοδαποὺς
653 712 984 777 φαίνεσθαι,
1022 709 1393 774 ἐξαπατῶντες
1412 712 1501 764 καὶ
1523 709 1908 781 γοητεύοντες;

113 799 200 845 382
215 788 399 860 Ἴσως,
439 793 562 860 ἔφη.
624 794 692 843 Τι’
710 791 793 853 δέ;
832 782 903 860 ἦν
923 786 975 843 δ’
998 788 1131 858 ἐγώ·
1161 789 1470 855 ψεύδεσθαι
1487 791 1620 855 θεὸς
1639 794 1823 847 ἐθέλοι
1840 788 1910 846 ἂν

227 866 265 942 ἢ
285 872 432 943 λόγῳ
461 867 499 941 ἦ
527 875 670 944 ἔργῳ
692 869 988 940 φάντασμα
1005 875 1339 941 προτείνων;
1382 870 1502 926 Οὐκ
1522 871 1671 942 οῖδα,
1693 866 1730 943 ἦ
1753 871 1807 927 δ’
1831 872 1905 937 ὅς’.

233 951 352 1008 Οὐκ
373 951 567 1023 οἶσθα,
604 945 674 1022 ἦν
700 950 752 1006 δ’
774 951 910 1022 ἐγώ,
951 950 1035 1005 ὅτι
1062 950 1126 1006 τό
1156 973 1219 1020 γε
1246 949 1318 1015 ῶς
1338 950 1565 1021 ἀληθῶς
1589 956 1820 1022 ψεῦδος,
1863 958 1917 1007 εἰ

230 1028 352 1088 οἶόν
372 1055 425 1087 τε
444 1040 608 1088 τοῦτο
631 1035 821 1100 εἰπεῖν,
844 1030 1045 1095 πάντες
1063 1036 1194 1086 θεοί
1208 1053 1264 1086 τε
1287 1033 1378 1087 καὶ
1397 1030 1692 1101 ἅνθρωποι
1710 1039 1906 1103 μισοῦ-

230 1130 345 1180 σιν;
380 1119 528 1184 Πῶς,
551 1119 674 1183 ἔφη,
695 1115 895 1183 λέγεις;
937 1110 1158 1183 Οὕτως,
1179 1106 1252 1183 ἦν
1273 1111 1322 1167 δ’
1347 1111 1454 1182 ἐγώ
1468 1155 1482 1182 ,
1503 1111 1586 1167 ὅτι
1603 1119 1682 1185 τῷ
1700 1135 1907 1185 κυριω-

227 1196 371 1269 τάτῳ
401 1216 512 1252 που
538 1196 752 1250 ἑαυτῶν
779 1195 1089 1261 ψεύδεσθαι
1117 1195 1210 1250 καὶ
1239 1196 1361 1262 περὶ
1387 1192 1454 1249 τὰ
1474 1194 1785 1265 κυριώτατα
1806 1194 1907 1250 οὐ-

230 1279 339 1343 δεὶς
378 1276 521 1332 ἑκῶν
559 1277 755 1346 ἐθέλει,
796 1274 938 1330 ἄλλά
976 1277 1201 1331 πάντων
1240 1276 1473 1346 μάλιστα
1514 1283 1764 1348 φοβεῖται
1799 1280 1913 1331 ἐκεῖ

229 1357 362 1413 αὐτὸ
398 1363 716 1429 κεκτῆσθαι.
771 1355 919 1412 Οὐδὲ
937 1363 1045 1413 νῦν
1065 1378 1179 1427 πω,
1198 1351 1235 1428 ἦ
1256 1356 1307 1412 δ’
1331 1357 1418 1429 ὅς,
1440 1359 1730 1429 μανθάνω.
1788 1364 1906 1413 Οἰέι

164 1458 198 1500 Β
229 1441 337 1512 γάρ
357 1446 412 1495 τί
426 1461 511 1511 με,
532 1443 691 1510 ἔφην,
714 1436 922 1510 σεμνὸν
942 1442 1146 1509 λέγειν·
1178 1439 1286 1509 ἐγώ
1308 1443 1367 1495 δὲ
1385 1443 1544 1510 λέγω,
1567 1438 1650 1494 ὅτι
1673 1446 1739 1512 τῇ
1758 1444 1904 1509 ψυχῇ

227 1523 351 1593 περὶ
379 1521 444 1576 τοὶ
479 1520 614 1576 ὄντα
641 1520 957 1587 ψεύδεσθαί
970 1542 1027 1576 τε
1046 1524 1137 1576 καὶ
1156 1523 1429 1587 ἐψεῦσθαι
1448 1524 1538 1576 καὶ
1555 1520 1745 1593 ἀμαθῆ
1767 1519 1907 1575 εἶναι

225 1605 316 1660 καὶ
335 1606 584 1660 ἐνταῦθα
604 1607 746 1674 ἔχειν
764 1625 821 1659 τε
834 1605 923 1658 καὶ
935 1610 1238 1674 κεκτῆσθαι
1257 1603 1317 1658 τὸ
1340 1609 1545 1670 ψεῦδος
1564 1604 1764 1668 πάντες
1781 1601 1905 1673 ἥκι-

227 1706 328 1742 στα
347 1682 419 1741 ἂν
440 1687 685 1751 δέξαιντο
705 1687 796 1741 καὶ
814 1691 1038 1756 μισοῦσι
1067 1686 1303 1756 μάλιστα
1324 1683 1458 1740 αὐτὸ
1480 1687 1540 1740 έν
1557 1689 1633 1757 τῷ
1654 1683 1901 1756 τοιούτῳ.

226 1765 384 1822 Πολύ
405 1787 494 1837 γε,
519 1771 640 1837 ἔφη.
685 1764 846 1821 Ἀλλοὶ
870 1766 980 1836 μὴν
1000 1763 1284 1836 ὀρθότατά
1303 1765 1363 1836 γ’
1385 1765 1482 1836 ἄν,
1520 1764 1551 1821 ὂ
1570 1772 1679 1821 νῦν
1699 1763 1765 1835 δὴ
1787 1767 1903 1819 ἕλε-

225 1872 356 1920 γον,
389 1855 553 1904 τοῦτο
594 1848 666 1913 ὥς
702 1847 929 1919 άληθῶς
961 1852 1166 1915 ψεῦδος
1195 1855 1444 1919 καλοῖτο,
1482 1846 1514 1919 ἡ
1553 1850 1612 1903 ἐν
1649 1853 1714 1918 τῇ
1755 1852 1905 1917 ψυχῇ

226 1931 424 2000 ἄγνοια
450 1928 484 2002 ἡ
517 1937 619 1986 τοῦ
648 1932 1020 2000 ἐψευσμένου·
1060 1932 1174 1986 ἐπεὶ
1202 1930 1265 1985 τό
1301 1951 1364 1999 γε
1393 1932 1454 1986 ἐν
1480 1940 1592 1992 τοῖς
1611 1928 1795 1997 λόγοις
1813 1933 1903 1997 μί-

225 2012 378 2084 μημά
406 2034 458 2067 τι
488 2016 590 2067 τοῦ
618 2013 678 2066 ἐν
707 2018 773 2085 τῇ
801 2019 950 2083 ψυχῇ
968 2014 1080 2067 ἐστὶ
1101 2011 1428 2081 παθήματος
1447 2012 1536 2064 καὶ
1555 2009 1791 2080 ὕστερον
1808 2029 1902 2078 γε-

165 2106 198 2149 G
225 2092 391 2165 γονὰς
420 2097 677 2162 εἴδωλον,
717 2090 784 2147 οὐ
814 2093 966 2147 πάνυ
998 2090 1242 2160 ἄκρατον
1271 2095 1489 2158 ψεῦδος.
1527 2087 1564 2161 ἦ
1583 2087 1683 2160 οὐχ
1702 2087 1900 2154 οὕτως;
1956 2141 1962 2149 ,

223 2176 388 2232 Πάνυ
405 2176 506 2247 μὲν
526 2168 645 2230 οὖν.
793 2177 799 2182 ’

363 2262 490 2314 XXI.
535 2257 609 2312 Τό
642 2256 745 2327 μὲν
777 2255 842 2327 δὴ
864 2263 942 2331 τῷ
961 2255 1080 2311 ὄντι
1099 2259 1304 2322 ψεῦδος
1330 2255 1398 2311 οὐ
1419 2256 1596 2327 μόνον
1616 2254 1724 2310 ὑπὸ
1745 2259 1898 2310 θεῶν

223 2338 362 2397 ἀλλὰ
382 2341 472 2395 καὶ
494 2336 588 2394 ὑπ’
614 2336 935 2408 ἀνθρώπων
954 2350 1200 2410 μισεῖται.
1258 2345 1435 2394 Δοκεῖ
1456 2359 1563 2408 μοι.
1619 2343 1689 2392 Τι’
1714 2337 1772 2392 δὲ
1800 2336 1868 2407 δή
1884 2361 1898 2402 ;

223 2424 283 2478 τὸ
311 2426 372 2477 ἐν
390 2433 502 2486 τοῖς
521 2420 708 2492 λόγοις
727 2425 932 2488 ψεῦδος
960 2419 1091 2476 πότε
1124 2422 1310 2494 καὶτῷ
1328 2419 1624 2490 χρήσιμον,
1664 2417 1800 2473 ὥστε
1822 2416 1893 2488 μὴ

224 2505 380 2571 ἄξιον
408 2503 549 2560 εἶναι
566 2520 790 2574 μισους;
830 2497 919 2574 ἆρ’
954 2501 1022 2558 οὐ
1052 2503 1189 2572 πρός
1207 2524 1263 2557 τε
1294 2499 1424 2566 τοὺς
1444 2506 1767 2572 πολεμίους,
1807 2501 1897 2555 καὶ

221 2595 334 2642 τῶν
362 2588 723 2657 καλουμένων
753 2591 935 2656 φίλων
965 2591 1021 2640 οἳ
1047 2582 1119 2641 ἂν
1150 2586 1239 2640 διὰ
1269 2590 1473 2655 μανίαν
1499 2582 1537 2654 ἥ
1557 2604 1678 2638 τινα
1699 2580 1896 2636 ἄνοιαν

223 2668 399 2722 κακόν
417 2690 468 2722 τι
487 2669 797 2739 ἐπιχειρῶσι
817 2667 1106 2739 πράττειν,
1147 2667 1270 2722 τότε
1299 2664 1612 2736 ἀποτροπῆς
1642 2666 1802 2719 ἕνεκα
1823 2659 1896 2725 ’ῶς
1935 2686 1938 2689 ·
1960 2719 1962 2722 ,

152 2761 187 2802 D
224 2749 520 2819 φάρμακον
539 2749 806 2822 χρήσιμον
824 2755 1094 2821 γίγνεται;
1132 2750 1301 2805 καὶέν
1322 2747 1406 2811 αἷς
1423 2752 1531 2801 νῦν
1552 2743 1617 2815 δὴ
1638 2745 1895 2814 ἐλέγομεν
1950 2754 1962 2759 “

217 2840 333 2894 ταῖς
352 2838 712 2901 μυθολογίαις
735 2831 821 2888 διὰ
841 2831 901 2888 τὸ
924 2830 996 2902 μὴ
1020 2835 1236 2901 εἰδέναι,
1259 2828 1368 2900 ὅπῃ
1388 2825 1623 2896 τάληθὲς
1645 2830 1751 2896 ἔχει
1771 2825 1893 2894 περὶ
