1962 3236
244 163 348 214 242
870 167 1340 214 ΠΛΑΤΩΝΟΣ

245 293 353 370 ἀρά
373 321 424 353 τι
443 298 648 353 τούτου
669 302 922 364 ἐ’λαττον;
966 294 1040 350 Τὸ
1064 307 1253 361 ποῖον;
1295 303 1368 352 To
1394 298 1467 369 μὴ
1489 305 1620 370 μίαν
1652 300 1791 357 ἀλλὰ
1818 299 1962 402 dv'ok

244 377 459 451 ἀνάγκῃ
480 378 619 434 εἶναι
639 377 740 449 τὴν
758 378 1021 448 τοιαύτην
1041 378 1222 449 πόλιν,
1255 378 1356 450 τὴν
1386 381 1489 450 μὲν
1518 383 1787 454 πενήτων,
1818 385 1920 455 τὴν
1952 415 1962 490 ¹

243 460 300 515 δε
322 466 622 527 πλουσίων,
646 464 936 522 οἰκοῦντας
965 461 1024 512 ἐν
1054 463 1128 530 τῷ
1159 459 1325 532 αὐτῷ,
1356 458 1440 515 ἀεὶ
1462 464 1922 533 ἐπιβουλεύοντας

244 539 518 613 ἀλλήλοις.
558 539 741 596 Οὐδὲν
779 537 854 610 μά
885 538 1000 611 Δί’,
1031 545 1153 611 ἔφη,
1186 545 1425 597 ἔλαττον.
1456 542 1616 600 Ἀλλά
1645 545 1755 617 μὴν
1791 545 1922 604 οὐδὲ

243 625 367 679 τόδε
389 624 582 692 καλόν,
602 622 662 677 τὸ
686 622 998 688 ἀδυνάτους
1019 621 1156 678 εἶναι
1183 631 1312 689 ἴσως
1331 626 1578 697 πόλεμόν
1602 650 1723 683 τινα
1755 636 1920 684 πολε-

242 717 365 775 μεῖν
385 702 473 759 διὰ
500 702 559 759 τὸ
581 701 990 774 ἀναγκάζεσθαι
1019 700 1056 775 ἦ
1072 708 1388 775 χρωμένους
1416 729 1490 780 τω
1513 709 1714 778 πλήθει
1749 707 1919 765 ωπλι-
1946 762 1962 790 4

176 803 209 846 E
242 789 422 859 σμένω
447 788 684 841 δεδιέναι
702 785 956 857 μαλλον
930 810 963 858 η
985 785 1114 851 τοὺς
1110 785 1490 890 πολεμιους,
1464 787 1499 887 η’
1517 789 1589 861 μὴ
1604 795 1933 874 χρωμένους..μ

242 889 313 932 ως
333 864 557 938 ἀληθῶς
577 865 960 938 ὀλιγαρχικοὺς
980 873 1225 938 φανῆναι
1253 871 1313 924 ἐν
1343 869 1493 925 αὐτω
1523 878 1597 941 τῷ
1628 871 1921 944 μάχεσθαι,

240 951 331 1004 καὶ
360 948 472 1019 άμα
500 948 749 1020 χρήματα
777 947 849 1019 μὴ
884 952 1096 1003 ἐθέλειν
1128 952 1419 1020 εἰσφέρειν,
1451 950 1546 1006 ἅτε
1577 956 1922 1024 φιλοχρημά-

243 1051 387 1094 τους.
423 1030 508 1085 Οὐ
529 1030 719 1085 καλόν.
753 1035 821 1084 Τί
842 1031 906 1085 δέ
913 1053 927 1096 3
949 1027 981 1084 ὂ
1011 1029 1179 1083 πάλαι
1211 1033 1618 1103 ἐλοιδοροῦμεν,
1652 1032 1713 1089 τὸ
1747 1042 1920 1090 πολυ-

128 1131 215 1175 552
241 1123 580 1182 πραγμονεῖν
599 1117 983 1181 γεωργοῦντας
1003 1113 1093 1165 καὶ
1110 1117 1603 1183 χρηματιζομένους
1632 1117 1722 1171 καὶ
1753 1123 1919 1171 πολε-
1952 1113 1958 1125 ”

240 1200 484 1264 μοῦντας
506 1191 617 1264 ἅμα
638 1192 769 1258 τοὺς
788 1192 992 1258 αὐτοὺς
1010 1196 1072 1249 ἐν
1091 1200 1158 1265 τῇ
1176 1195 1401 1268 τοιαύτῃ
1421 1203 1682 1269 πολιτεία,
1705 1190 1741 1267 ἦ
1769 1201 1919 1253 δοκεῖ

238 1271 426 1346 ὀρθῶς
447 1279 610 1345 ἔχειν;
651 1272 788 1331 Οὐδ’
813 1273 1141 1329 ὁπωστιοῦν.
1163 1274 1299 1345 Ὅρα
1330 1277 1416 1348 δή,
1449 1277 1665 1333 τούτων
1692 1278 1918 1335 πάντων

238 1362 352 1412 τῶν
390 1362 577 1411 κακῶν
608 1360 659 1411 εί
689 1355 816 1411 τόδε
854 1359 1111 1427 μέγιστον
1150 1357 1288 1428 αὕτη
1314 1359 1501 1429 πρώτη
1540 1364 1914 1431 παραδέχεται.

242 1436 317 1494 Τὸ
358 1450 546 1505 novom
591 1438 664 1493 Τό
705 1441 902 1504 ἐξεῖναι
936 1440 1118 1494 πάντα
1161 1438 1227 1494 τά
1265 1439 1442 1496 αὑτοῦ
1478 1439 1793 1498 ἀποδόσθαι
1829 1446 1949 1516 καὶἸ

238 1516 387 1593 ἄλλῳ
407 1519 718 1591 κτήσασθαι
738 1518 801 1575 τά
822 1520 1043 1592 τούτου,
1069 1524 1159 1577 καὶ
1179 1520 1527 1592 ἀποδόμενον
1558 1527 1726 1578 οἰκεῖν
1760 1526 1819 1579 ἐν
1850 1531 1919 1596 τῇ

236 1599 395 1655 πόλει
435 1601 608 1671 μηδὲν
653 1598 786 1656 ὅντα
825 1606 936 1656 τῶν
976 1608 1072 1672 τῆς
1113 1600 1320 1667 πόλεως
1365 1608 1577 1675 μερῶν,
1608 1604 1742 1675 μήτε
1785 1627 1919 1677 χρηι-
1949 1612 1962 1662 22

236 1679 506 1752 ματιστὴν
543 1680 675 1752 μήτε
721 1681 1060 1753 δημιουργὸν
1102 1682 1234 1754 μήτε
1279 1687 1443 1739 ἱππέα
1491 1685 1624 1756 μήτε
1670 1685 1915 1759 ὁπλίτην,
1957 1715 1959 1717 ·

178 1776 210 1818 Β
244 1760 384 1818 ἀλλά
432 1765 638 1833 πένητα
688 1765 779 1818 καὶ
827 1764 1040 1836 ἀπορον
1087 1768 1434 1836 κεκλημένον.
1514 1766 1744 1837 Πρώτη,
1796 1772 1915 1839 ἔφη.
1952 1795 1959 1813 ι

240 1845 470 1900 Οὔκουν
520 1843 888 1899 διακωλύεταί
929 1867 990 1914 γε
1039 1846 1101 1900 ἐν
1154 1858 1268 1910 ταῖς
1324 1843 1807 1919 ὀλιγαρχουμέναις
1855 1848 1915 1904 τό
1959 1887 1962 1913 ;

235 1930 492 1980 τοιοῦτον
506 1942 517 1954 ·
555 1921 623 1979 ού
643 1924 749 1997 γὰρ
770 1921 841 1979 ἀν
862 1925 1032 1996 οἱμὲν
1051 1922 1420 1994 ὑπέρπλουτοι
1442 1922 1602 1998 ἦσαν,
1627 1933 1682 1983 oc
1698 1929 1756 1983 δὲ
1774 1950 1916 1984 παν·
1954 1931 1962 1939 ’

238 2007 440 2061 τάπασι
460 2009 700 2076 πένητες.
733 2003 960 2075 Ὀρθῶς.
1003 2006 1143 2061 Τόδε
1172 2010 1229 2061 δὲ
1250 2006 1440 2076 ἄθρει·
1476 2002 1583 2078 ἀρα
1619 2008 1709 2064 ὅτε
1740 2010 1915 2065 πλού-

238 2104 354 2152 σιος
375 2083 454 2142 ὢν
474 2083 772 2157 ἀνήλισκεν
792 2084 819 2140 ὁ
846 2093 1110 2156 τοιοῦτος,
1141 2088 1355 2156 μᾶλλόν
1381 2109 1432 2142 τι
1468 2089 1583 2143 τότ’
1618 2083 1690 2159 ἦν
1717 2089 1917 2159 ὄφελος

238 2176 307 2241 τῇ
327 2168 484 2223 πόλει
505 2172 580 2232 εἰς
599 2166 634 2221 ὁὶ
662 2173 769 2222 νῦν
798 2165 863 2237 δὴ
887 2169 1170 2238 ἐλέγομεν;
1197 2164 1233 2238 ἦ
1255 2167 1431 2223 ἐδόκει
1438 2168 1571 2269 μὲν
1571 2175 1682 2225 τῶν
1711 2169 1914 2241 ἀρχόν-

238 2271 351 2304 των
371 2248 527 2320 εἷναι,
565 2255 634 2321 τῇ
663 2247 722 2302 δὲ
752 2247 985 2353 ἀλήθεια
1023 2249 1149 2303 οὔτε
1185 2248 1369 2319 άρχων
1396 2249 1523 2305 οὔτε
1543 2249 1815 2323 ὑπηρέτης
1844 2247 1915 2322 ἦν

237 2333 422 2404 αὐτῆς.
446 2330 584 2387 ἀλλά
605 2354 720 2386 των
741 2333 971 2402 ἑτοίμων
990 2330 1299 2403 ἀναλωτής·
1289 2376 1300 2397 ,
1323 2332 1532 2403 Οὕτως,
1552 2339 1682 2406 ἔφη·
1719 2335 1914 2406 ἐδόκει,

179 2437 210 2480 c
239 2410 310 2486 ἦν
343 2414 402 2470 δε
431 2413 596 2470 ούδεν
634 2412 767 2469 ἄλλο
790 2436 824 2484 η
865 2410 1162 2484 ἀναλωτής.
1203 2414 1404 2470 Βούλει
1437 2419 1557 2487 οῦν,
1587 2419 1656 2487 ήν
1694 2415 1746 2471 δ’
1788 2417 1912 2489 ἐγώ,

238 2505 432 2569 φῶμεν
466 2494 655 2566 αὐτόν,
681 2493 751 2559 ὡς
791 2497 851 2550 ἐν
886 2500 1055 2568 κηρίω
1095 2495 1283 2567 κηφὴν
1314 2498 1634 2567 ἐγγίγνεται,
1671 2497 1915 2569 σμήνους

237 2580 471 2650 νόσημα,
511 2575 657 2633 οὕτω
690 2578 781 2632 καὶ
819 2575 918 2632 τὸν
956 2583 1211 2631 τοιοῦτον
1249 2579 1309 2632 ἐν
1346 2582 1489 2651 οἰκία
1523 2585 1744 2648 κηφῆνα
1767 2581 1914 2649 ἐγγί-

237 2669 493 2732 γνεσθαι,
514 2659 729 2730 νόσημα
750 2656 989 2723 πόλεως’,
1009 2658 1172 2713 Πάνυ
1191 2657 1293 2728 μὲν
1313 2653 1435 2729 οὖν,
1457 2664 1579 2730 ἔφη,
1603 2652 1648 2712 οἷ
1673 2659 1886 2727 Σώκρα

237 2762 337 2805 τες.
378 2738 623 2810 Οὐκοῦν,
658 2734 702 2794 ὦ
735 2737 1060 2811 Ἀδείμαντε,
1092 2741 1220 2804 τοὺς
1248 2742 1349 2810 μὲν
1385 2737 1627 2809 πτηνοὺς
1662 2746 1909 2810 κηφῆνας

236 2822 447 2884 πάντας
469 2818 767 2893 ἀκέντρους
790 2818 819 2877 ὁ
841 2820 974 2886 θεὸς
993 2827 1270 2891 πεποίηκε,
1303 2819 1437 2883 τούς
1464 2818 1521 2872 δὲ
1550 2819 1746 2884 πεζούς
1778 2820 1912 2874 τού-
