1962 3236
700 26 738 53 ‚ff
755 0 1275 47 ffq'fftt‘qael‘2?--⁷ffixw:ss
1316 0 1331 6 ⁹
1355 3 1359 6 ·
1432 37 1440 44 ,
1463 2 1489 18 ’-

630 176 1105 236 ΠοΛῙΤΕΙΛΣ
1136 179 1184 232 ε’.
1648 183 1751 237 139

48 309 351 390 *apinam
364 327 620 375 πλεῖστον
639 321 1046 390 κεχωρισμένην
1065 317 1241 388 φύσιν
1260 321 1510 388 ἔχοντας;
1530 320 1663 384 ἕξεις
1681 341 1750 389 τι,

76 394 123 457 ὦ
144 402 439 471 θαυμάσιε,
460 401 598 470 πρὸς
613 398 767 455 ταῦτ’
792 397 1214 470 ἀπολογεῖσθαι;
1248 398 1341 464 Ὡς
1352 402 1455 470 μὲν
1473 403 1749 470 ἐξαίφνης,

75 486 200 553 ἔφη,
220 481 290 537 οὐ
319 485 469 537 πάνυ
498 482 720 552 ῥᾴδιον·
756 480 894 535 ἀλλὰ
926 487 1031 535 σοῦ
1059 481 1327 552 δεήσομαί
1349 502 1408 536 τε
1440 482 1531 536 καὶ
1562 483 1754 551 δέομαι

74 563 284 620 καὶτὸν
304 563 442 632 ὑπὲρ
463 563 622 634 ἡμῶν
652 562 839 632 λόγον,
871 560 1021 626 ὅστις
1048 561 1168 616 ποτ’
1201 564 1365 633 ἐστίν,
1400 562 1749 633 ἑρμηνεῦσαι.

80 643 252 702 Ταῦτ’
273 649 436 714 ἐστίν,
457 639 528 715 ἦν
549 642 601 699 δ’
623 644 746 713 ἐγώ,
770 635 814 697 ὦ
833 643 1123 712 Γλαύκων,
1145 645 1234 699 καὶ
1263 644 1402 699 ἄλλα
1436 642 1610 699 πολλὰ
1637 665 1752 699 τοι·
1808 643 1817 651 ”

76 732 231 793 αὕτα,
253 723 290 779 ἃ
325 723 431 795 ἐγώ
462 725 630 778 πάλαι
671 728 933 789 προορῶν
962 724 1286 794 ἐφοβούμην
1314 745 1372 779 τε
1410 726 1500 780 καὶ
1528 724 1752 780 ὤκνουν
1784 734 1820 775 D

20 841 21 851 κ
74 805 347 861 ἅπτεσθαι
366 810 466 859 τοῦ
483 805 662 875 νόμον
681 812 780 858 τοῦ
801 805 922 868 περὶ
942 803 1045 872 τὴν
1066 810 1142 857 τιὸ
1149 826 1177 856 ν
1206 813 1494 873 γυναικῶν
1514 807 1605 861 καὶ
1624 810 1754 861 παί-

76 889 191 942 δων
209 894 402 956 κτῆσιν
423 888 510 941 καὶ
531 885 761 960 τροφήν.
807 882 891 939 Οὐ
910 883 985 955 μὰ
1006 883 1106 939 τὸν
1129 894 1256 954 Δία,
1280 891 1402 956 ἔφη,
1424 883 1493 941 οὐ
1522 886 1627 955 γὰρ
1658 884 1752 941 εύ-

75 969 223 1040 κόλῳ
243 973 437 1023 ἔοικεν.
480 964 567 1023 Οὐ
586 967 710 1036 γάρ,
733 965 916 1021 εἷπον·
939 964 1077 1021 ἀλλὰ
1100 966 1166 1037 δὴ
1189 960 1290 1022 οἷδ’
1314 971 1449 1037 ἔχει·
1484 966 1557 1021 ἄν
1586 971 1646 1022 τέ
1671 989 1751 1032 τις

46 1054 151 1121 ,είς
186 1052 590 1119 κολυμβήθραν
619 1049 824 1118 μικρὰν
854 1050 1056 1120 ἐμπέσῃ
1096 1047 1167 1102 ἄν
1202 1069 1259 1103 τε
1292 1053 1369 1112 εἰς
1393 1047 1455 1103 τὸ
1493 1051 1752 1119 μέγιστον

73 1132 308 1199 πέλαγος
332 1135 518 1199 μέσον,
540 1128 687 1198 ὅμως
704 1151 763 1198 γε
785 1141 872 1183 νεῖ
886 1126 1051 1184 οὐδὲν
1080 1120 1260 1199 ἧττον.
1309 1130 1471 1185 Πάνυ
1501 1130 1601 1200 μὲν
1631 1125 1750 1185 οὖν.

77 1208 305 1266 Οὐκοῦν
343 1213 431 1264 καὶ
468 1207 599 1278 ἡμῖν
623 1212 885 1264 νευστέον
922 1210 1012 1264 καὶ
1049 1211 1340 1277 πειρατέον
1377 1211 1653 1277 σώζεσθαι
1690 1213 1750 1268 ἐκ

74 1298 176 1348 τοῦ
206 1291 394 1362 λόγου,
417 1290 534 1361 ἤτοι
555 1290 787 1360 δελφῖνά
812 1312 934 1344 τινα
959 1292 1271 1356 ἐλπίζοντας
1287 1288 1430 1361 ἡμᾶς
1449 1289 1753 1363 ὑπολαβεῖν

74 1372 146 1427 ἄν
164 1372 201 1444 ἤ
221 1396 341 1427 τινα
364 1372 536 1443 ἄλλην
557 1370 770 1439 ἄπορον
789 1377 1079 1442 σωτηρίαν.
1094 1370 1331 1441 ”Εοικεν,
1354 1377 1478 1442 ἔφη.
1500 1374 1642 1441 Φέρε
1665 1373 1815 1443 6²23ss

75 1450 149 1526 ἦν
167 1452 216 1510 δ’
241 1455 365 1525 ἐγώ,
389 1454 487 1508 ἐάν
509 1475 582 1526 πῃ
604 1454 854 1524 εὕρωμεν
872 1453 975 1524 τὴν
1000 1457 1206 1519 ἔξοδον.
1230 1451 1623 1524 ὡμολογοῦμεν
1643 1458 1751 1524 γὰρ

43 1548 53 1555 ’
77 1535 142 1606 δὴ
176 1533 351 1605 ἇλλην
381 1537 553 1605 φύσιν
582 1534 715 1590 ἄλλο
743 1539 862 1590 δεῖν
892 1536 1249 1606 ἐπιτηδεύειν,
1280 1534 1544 1606 γυναικὸς
1574 1536 1632 1592 δὲ
1660 1535 1750 1590 καὶ

20 1630 27 1639 ’
74 1614 276 1683 ἀνδρὸς
296 1615 470 1686 ἄλλην
490 1615 628 1671 εἶναι
645 1638 655 1648 ·
693 1614 790 1680 τὰς
819 1617 877 1672 δὲ
908 1615 1076 1681 ἄλλας
1097 1615 1292 1686 φύσεις
1321 1614 1387 1672 τὰ
1409 1614 1549 1672 αὐτά
1569 1638 1753 1687 φαμεν

36 1755 38 1757 ,
76 1705 183 1752 νῦν
204 1702 319 1752 δεῖν
348 1701 710 1768 ἐπιτηδεῦσαι.
744 1705 914 1752 ταῦτα
943 1695 1100 1767 ἡμῶν
1119 1710 1495 1768 κατηγορεῖτε;
1534 1702 1753 1769 Κομιδῇ

74 1802 153 1851 γε.
184 1773 250 1835 'H
271 1785 516 1849 γενναία,
538 1773 608 1849 ἦν
628 1777 678 1833 δ’
700 1779 825 1847 ἐγώ,
850 1771 894 1833 ὦ
912 1779 1201 1847 Γλαύκων,
1223 1777 1255 1849 ἡ
1278 1779 1512 1850 δύναμις
1534 1787 1628 1850 τῆς
1647 1777 1752 1834 άν-
1781 1798 1870 1845 454

73 1867 349 1930 τιλυγικῆς
367 1862 571 1930 τέχνης.
614 1865 679 1914 Τί
700 1860 792 1930 δή;
819 1859 952 1929 Ὅτι,
974 1858 1148 1927 εἷπον,
1170 1862 1405 1915 δοκοῦσί
1422 1882 1515 1931 μοι
1545 1866 1621 1924 εἰς
1648 1858 1755 1915 αὐ-

0 1980 3 1990 .
75 1943 177 2011 τὴν
197 1943 286 1996 καὶ
306 1940 535 2005 ἄκοντες
554 1943 743 1996 πολλοὶ
766 1943 1048 2011 ἐμπίπτειν
1068 1942 1157 1996 καὶ
1172 1949 1391 1996 οἴεσθαι
1413 1938 1518 1996 οὐκ
1537 1943 1750 2012 ἐρίζειν,

0 2021 3 2030 ’
75 2021 212 2078 duo}
236 2026 607 2092 διαλέγεσθαι,
632 2021 721 2076 διὰ
742 2021 802 2076 τὸ
822 2021 894 2092 μὴ
919 2023 1202 2077 δύνασθαι
1221 2022 1344 2078 κατ’
1364 2028 1480 2094 εἰδή
1502 2024 1753 2092 διαιρού-

74 2125 232 2175 μενοι
247 2102 308 2158 τό
331 2105 633 2175 λεγόμενον
651 2107 987 2173 ἐπισκοπεῖν,
1020 2101 1159 2159 ἄλλα
1191 2102 1311 2159 κατ’
1335 2101 1469 2159 αὐτὸ
1491 2103 1551 2159 τὸ
1573 2103 1752 2175 ὄνομα

78 2185 299 2240 διώκειν
315 2190 415 2240 τοῦ
435 2189 726 2255 λεχθέντος
743 2183 843 2255 τὴν
862 2188 1200 2255 ἐναντίωσιν,
1224 2190 1379 2255 ἔριδι,
1402 2184 1470 2241 ού
1489 2189 1752 2259 διαλέκτῳ

78 2264 217 2331 πρὸς
237 2262 512 2334 ἀλλήλους
520 2267 805 2337 χρώμενοι.
822 2266 973 2322 ’Ἐστι
991 2268 1097 2336 γὰρ
1121 2267 1206 2337 δή,
1226 2271 1349 2338 ἔφη,
1370 2269 1494 2336 περὶ
1515 2265 1754 2332 πολλοὺς

80 2352 243 2400 τοῦτο
261 2344 321 2399 τὰ
343 2346 525 2410 πάθος
539 2367 551 2377 ·
590 2345 727 2402 ἀλλὰ
752 2353 874 2417 μῶν
898 2350 987 2403 καὶ
1009 2347 1147 2415 πρὸς
1167 2347 1308 2419 ἡμᾶς
1328 2355 1492 2404 τοῦτο
1510 2353 1674 2403 τείνει
1693 2350 1756 2403 ἐν

80 2433 153 2499 τῷ
176 2427 435 2493 παρόντις
457 2429 783 2484 Παντάπασι
804 2434 906 2499 μὲν
926 2423 1046 2499 οὖν,
1079 2425 1151 2500 ἦν
1180 2429 1231 2485 δ’
1264 2430 1394 2499 ἐγώ·
1425 2429 1755 2485 κινδυνεύο-
1788 2450 1818 2491 p,

80 2529 184 2578 μεν
221 2515 362 2576 γοῦν
397 2507 623 2573 ἄκοντες
663 2509 971 2581 ἀντιλογίας
1006 2510 1298 2567 ἅπτεσθαι.
1338 2518 1490 2575 Πῶςς
1541 2509 1615 2566 Τὸ
1652 2510 1755 2581 τὴν

80 2587 257 2659 ἄλλην
277 2591 448 2657 φύσιν
468 2589 551 2645 ὅτι
570 2588 640 2646 οῦ
659 2596 771 2646 τῶν
786 2591 972 2647 αὐτῶν
992 2596 1078 2648 δεῖ
1091 2591 1538 2663 ἐπιτηδευμάτων
1548 2591 1756 2662 τυγχά-

80 2692 198 2727 νειν
218 2671 368 2726 πάνυ
387 2670 652 2739 ἀνδρείως
670 2694 725 2728 τε
750 2674 840 2729 καὶ
861 2676 1138 2740 ἐριστικῶς
1156 2673 1293 2729 κατὰ
1321 2672 1382 2728 τό
1413 2673 1591 2743 ὄνομα
1623 2672 1757 2728 διαί·-

83 2772 269 2823 κομεν,
289 2754 714 2824 ἐπεσκεψάμεθα
732 2757 789 2810 δὲ
810 2752 931 2810 οὐδ’
953 2753 1189 2826 ὁπῃοῦν,
1219 2760 1275 2811 τί
1289 2753 1431 2820 εἶδος
1449 2752 1509 2810 τό
1529 2760 1623 2825 τῆς
1643 2755 1758 2812 ἑτέ-

84 2854 180 2899 ρας
199 2853 254 2889 τε
275 2836 362 2889 καὶ
383 2842 478 2904 τῆς
497 2833 664 2904 αὐτῆς
677 2837 898 2905 φύσεως
919 2838 1007 2891 καὶ
1028 2835 1166 2904 πρὸς
1185 2841 1240 2892 τί
1253 2847 1434 2891 τεῖνον
1447 2831 1758 2908 ὡριζόμεθα
