1962 3236
224 145 333 198 232
846 119 1318 200 ΠΛΑΤΩΝΟΣ

160 301 195 342 Ε
225 280 349 350 περὶ
369 283 628 335 πλείστου
649 280 1007 350 ποιησάμενοι
1028 281 1233 346 καὶτὰς
1253 280 1359 337 ἀπὸ
1381 284 1583 339 τούτου
1607 287 1783 357 τιμάς,
1809 291 1897 359 με’-

228 379 420 432 γιστον
451 363 511 416 δὲ
541 363 632 416 καὶ
655 359 1093 430 αναγκαιότατον
1129 362 1189 418 τὸ
1229 367 1460 433 δίκαιον,
1501 367 1602 421 καὶ
1620 367 1799 440 τούτῳ
1837 369 1910 439 δὴ

227 444 633 516 ὑπηρετοῦντές
668 466 726 498 τε
758 446 850 499 καὶ
887 444 1147 512 αὔξοντες
1181 446 1314 503 αὐτὸ
1350 451 1906 554 διασκευωρήσωνται
1956 434 1962 492 ’Ῐ

226 525 330 597 τὴν
351 528 564 582 ἑαυτῶν
582 524 773 593 πόλιν;
809 532 965 593 Πῶς;
999 532 1118 599 ἔφη.
1145 528 1300 583 Ὅσοι
1331 529 1486 600 μὲν’
1461 531 1549 600 α’ν,
1587 534 1659 601 ἠν
1695 532 1747 586 δ’
1779 535 1914 604 ἐγώ,
1954 524 1959 580 ζ

226 606 591 678 πρεσβύτεροι
611 607 924 677 τυγχάνωσι
944 612 1230 663 δεκετων’
1205 632 1264 664 εν
1284 617 1351 681 τῇ
1373 610 1546 680 πόλει,
1578 632 1785 677 παντας
1814 616 1951 668 ε’κ-

110 699 196 744 541
226 691 518 757 πέμψωσιν
544 693 620 753 εἰς
637 711 768 754 τους
787 688 1010 760 ἀγρούς,
1041 688 1169 754 τούς
1200 691 1256 746 δὲ
1286 695 1482 757 παιδας
1509 689 1698 748 αὐτων
1726 716 1912 764 παρα-ι
1955 711 1962 735 ἑ

225 771 491 842 λαβόντες
525 768 678 837 ἐκτὸς
714 793 827 827 των
864 794 971 827 νυν
1006 771 1186 843 ἠθων,
1226 796 1260 828 α
1283 777 1373 829 καὶ
1410 778 1466 828 οι
1498 781 1666 845 γονῆς
1703 780 1904 846 ἔχουσι,

224 853 547 922 θρέψωνται
576 855 636 908 ἐν
658 865 769 917 τοῖς
800 857 1083 924 σφετέροις
1113 855 1335 920 τρόποις
1371 856 1463 909 καὶ
1498 855 1706 925 νόμοις,
1746 859 1906 910 οὐσιν
1959 861 1962 878 ²

226 937 361 998 οιόις
383 934 792 1005 διεληλύθαμεν
811 936 958 990 τότε·
996 937 1085 989 καὶ
1105 933 1251 989 οὕτω
1271 934 1492 1004 ταχιστά
1520 957 1576 989 τε
1607 938 1699 990 καὶ
1730 939 1905 1007 ῥᾷστα
1957 942 1962 950 ’

225 1015 388 1070 πόλιν
407 1036 466 1069 τε
485 1016 576 1069 καὶ
597 1021 894 1083 πολιτείαν,
915 1012 986 1085 ἣν
999 1017 1270 1085 ἐλέγομεν,
1285 1021 1632 1070 καταστᾶσαν
1653 1015 1829 1087 αὐτήν
1849 1038 1905 1071 τε

225 1093 652 1167 εὐδαιμονήσειν
670 1099 761 1151 καὶ
780 1095 840 1152 τὸ
871 1100 1055 1165 ἐθνος,
1085 1100 1145 1152 ἐν
1175 1099 1216 1167 ςὸ
1250 1094 1320 1151 ἂν
1350 1099 1650 1167 ἐγγένηται,
1679 1104 1903 1152 πλεῖστα
1933 1091 1942 1096 ⁷

160 1185 193 1225 B
225 1173 476 1248 ὀνήσεως
513 1177 671 1234 Πολύ
691 1176 766 1248 γ’,
789 1182 916 1248 ἔφη·
949 1180 1042 1232 καὶ
1062 1175 1133 1241 ὡς
1155 1174 1227 1232 ἄν
1244 1181 1473 1248 γένοιτο,
1495 1185 1647 1247 εἴπερ
1667 1179 1797 1234 ποτε
1816 1186 1905 1248 γί-

222 1279 430 1328 γνοιτο,
464 1262 642 1323 δοκεῖς
672 1280 780 1329 μοι,
815 1252 860 1312 αἶ
893 1252 1302 1330 Σώκρατεςλεῦ
1330 1264 1616 1329 εἰρηκέναι.
1675 1258 1902 1314 Οὐκοῦν

224 1337 369 1410 ἅδην
394 1338 519 1410 ἤδη,
549 1339 706 1395 εἷπον
736 1340 861 1410 ε’γιό,
892 1343 1111 1409 ἔχουσιν
1140 1337 1270 1410 ἡμῖν
1294 1344 1350 1394 οἱ
1373 1339 1530 1410 λόγοι
1560 1347 1688 1410 περί
1720 1362 1776 1395 τε
1809 1347 1903 1410 τῆς

223 1419 436 1486 πόλεως
453 1420 655 1491 ταύτης
673 1422 763 1476 καὶ
791 1428 894 1475 τοῦ
914 1419 1108 1492 ὁμοίου
1138 1422 1309 1493 ταύτῃ
1336 1419 1565 1492 ἅνδρόςς
1606 1425 1769 1493 δῆλος
1797 1422 1903 1494 γάρ

223 1521 334 1557 που
369 1505 462 1558 καὶ
496 1496 675 1571 οὗτος,
698 1498 818 1558 οἷον
854 1502 1104 1574 φήσομεν
1143 1506 1259 1558 δεῖν
1296 1500 1468 1558 αὐτὸν
1506 1502 1658 1559 εἶναι.
1697 1511 1904 1575 Δῆλος,
1959 1574 1962 1581 .

222 1588 355 1655 ἔφη·
393 1585 484 1640 καὶ
511 1582 647 1655 ὅπερ
672 1587 894 1656 ἐρωτᾷς,
919 1588 1076 1640 δοκεῖ
1095 1605 1186 1655 μοι
1217 1587 1368 1649 τέλος
1396 1589 1554 1655 ἔχειν.

1026 1997 1098 2046 Η.

109 2174 194 2221 543
365 2155 403 2205 Ι.
440 2149 596 2206 Εἶεν·
619 2159 790 2207 ταῦτα
820 2154 920 2222 μὲν
951 2150 1017 2221 δὴ
1053 2149 1412 2222 ὡμολόγηται,
1441 2144 1484 2205 ὦ
1512 2151 1803 2222 Γλαύκων,
1836 2159 1908 2224 τῇ

224 2232 502 2304 μελλούσῃ
530 2230 711 2304 ἄκρως
741 2238 911 2288 οἰκεῖν
940 2233 1094 2288 πόλει
1118 2232 1308 2297 κοινὰς
1335 2233 1437 2303 μὲν
1470 2244 1754 2302 γυναῖκας,
1782 2255 1903 2289 κοι-

226 2312 362 2378 νοὺς
389 2314 448 2370 δὲ
466 2317 663 2379 παῖδας
683 2314 822 2370 εἶναι
851 2317 939 2371 καὶ
960 2322 1144 2369 πᾶσαν
1169 2318 1437 2383 παιδείαν,
1461 2311 1720 2378 ὡσαύτως
1749 2313 1807 2369 δὲ
1836 2315 1905 2370 τὰ

223 2394 624 2467 ἐπιτηδεύματα
643 2394 803 2451 κοινὰ
822 2400 883 2451 ἐν
900 2400 1118 2469 πολέμῳ
1138 2418 1196 2451 τε
1216 2398 1307 2452 καὶ
1326 2396 1534 2468 εἰρήνῃ,
1565 2398 1821 2467 βασιλέας
1844 2400 1903 2452 δὲ

223 2475 410 2534 αὐτῶν
430 2475 568 2534 εἶναι
587 2476 720 2544 τοὺς
738 2481 798 2534 ἐν
829 2485 1132 2551 φιλοσοφία
1156 2500 1214 2534 τε
1243 2480 1334 2534 καὶ
1362 2479 1498 2549 πρὸς
1528 2478 1627 2533 τὸν
1655 2480 1907 2547 πόλεμον

222 2582 519 2631 γεγονοτας
543 2559 817 2629 ἀρίστους.
844 2559 1227 2631 Ὡμολόγηται,
1249 2564 1368 2631 ἔφη.
1407 2562 1516 2614 Καὶ
1535 2558 1646 2630 μὴν
1663 2560 1752 2614 καὶ
1771 2559 1901 2613 τάδε

162 2659 195 2698 Β
228 2642 700 2714 ξυνεχωρήσαμεν,
739 2640 829 2712 ὦς,
865 2643 999 2698 ὅταν
1039 2640 1104 2713 δὴ
1140 2648 1482 2697 καταστῶσιν
1529 2644 1586 2695 οἰ
1624 2639 1902 2710 ἄρχοντες,

226 2723 454 2793 ἄγοντες
485 2724 615 2788 τούς
646 2725 976 2795 στρατιώτας
1012 2731 1385 2779 κατοικιοῦσιν
1414 2726 1487 2786 εἰς
1516 2722 1749 2791 οἰκήσεις
1783 2726 1901 2785 οἵας

227 2810 578 2875 προείπομεν,
617 2810 761 2862 ἴδιον
797 2808 899 2878 μὲν
931 2806 1098 2861 οὐδὲν
1127 2804 1312 2861 οὐδενὶ
1349 2803 1592 2874 ἐχούσας,
1625 2802 1813 2867 κοινὰς
1844 2805 1905 2858 δὲ
