1962 3236
179 206 282 259 122
871 203 1280 251 ΛΑΤΩΝΟΣ

176 361 294 396 νων
329 361 388 395 τε
427 339 517 395 καὶ
548 336 1027 408 πριιῖεσκεμμένων
1058 331 1233 398 ἀξίως.
1294 331 1523 390 Οὐκοῦν
1561 334 1872 405 άγαπητόν;

178 425 311 493 ἔφη·
352 423 502 499 ἐμοὶ
510 416 628 488 ιωέν
665 412 771 484 γὰρ
814 418 875 469 ἕν
913 435 975 483 γε
1016 434 1092 487 τῳ
1131 415 1367 483 παρόντι
1405 418 1608 482 ἱκανῶς
1637 411 1708 470 ἄν
1744 418 1871 486 ἔχοι.

172 500 331 558 Ἀλλά
352 523 440 589 με
410 470 572 565 ’ότόι,
596 494 769 564 εἷπον,
797 498 979 565 ἔμοιγε
1011 497 1102 550 καὶ
1130 495 1285 551 πάνυ
1311 498 1599 567 ἐξαρκέσει.
1636 496 1735 568 Μὴ
1756 501 1869 552 τοί-

117 601 150 642 Ε
181 605 290 639 νυν
320 566 646 676 ἀποκάμῃς,
679 579 801 646 ἔφη,
837 573 975 631 ἄλλα
1007 575 1214 632 σκόπει.
1264 571 1379 647 Αρ’
1404 580 1509 633 οὐν
1536 575 1684 649 ἡμῖν,
1714 572 1787 648 ἦν
1819 575 1869 631 δ’

177 667 252 729 ἐν
257 648 316 730 ω,
339 656 514 729 πολλὴ
537 656 755 729 ἀνάγκη
775 655 1132 728 ὁμολογεῖν,
1110 655 1194 713 ότι
1222 680 1285 728 γε
1320 656 1387 713 τὰ
1417 657 1556 714 αὐτὰ
1584 661 1644 714 ἐν
1663 658 1871 730 ἑκάστῳ

168 724 453 796 ἔνεστιν
426 761 585 812 ημων
605 742 721 809 εἴδη
751 759 809 793 τε
838 740 928 794 καὶ
947 735 1080 810 ἤθη,
1112 737 1253 810 ἅπερ
1272 742 1333 795 ἐν
1363 746 1431 811 τῇ
1454 740 1633 804 πόλει;
1671 737 1738 794 οὐ
1763 739 1872 809 γάρ
1941 774 1947 811 5

193 841 303 878 που
340 819 583 876 ἄλλοθεν
613 822 786 874 ἐκεῖσε
824 817 1062 888 ἀφῖκται.
1111 827 1329 889 γελοῖον
1356 821 1462 892 γὰρ
1490 818 1562 877 ἂν
1594 830 1693 892 εἴη,
1716 828 1770 876 εἰ
1793 842 1872 885 τις
1927 874 1930 875 ,

193 907 408 973 οἰηθείη
427 901 489 957 τὸ
510 902 804 972 θυμοειδὲς
823 900 896 971 μὴ
926 903 985 956 ἐκ
1015 907 1127 955 τῶν
1156 904 1389 957 ἰδιωτῶν
1417 906 1476 957 ἐν
1501 914 1615 966 ταῖς
1645 900 1871 958 πόλεσιν
1936 936 1940 937 ⁷

193 985 562 1054 ἐγγεγονέναι,
586 987 643 1037 οἳ
655 979 721 1051 δὴ
743 982 835 1036 καὶ
863 985 1047 1051 ἔχουσι
1075 982 1284 1052 ταύτην
1312 983 1416 1053 τὴν
1449 987 1644 1050 αἰτίαν,
1673 977 1791 1037 οἷον
1819 985 1875 1037 οἱ

192 1062 331 1120 κατὰ
357 1065 462 1134 τὴν
494 1063 723 1136 Θράκην
751 1084 808 1117 τε
847 1064 937 1117 καὶ
969 1064 1268 1134 Σκυθικὴν
1296 1065 1386 1119 καὶ
1417 1063 1613 1134 σχεδόν
1646 1086 1697 1119 τι
1733 1062 1870 1118 κατὰ
1932 1060 1939 1136 ’ἱ

191 1143 292 1200 τὸν
313 1146 429 1200 άνω
447 1145 638 1213 τόπον,
659 1142 695 1214 ἢ
714 1141 774 1198 τὸ
799 1142 1167 1214 φιλομαθές,
1150 1144 1180 1198 ὀ
1209 1145 1277 1216 δὴ
1304 1147 1427 1213 περὶ
1457 1146 1571 1200 τὸν·
1585 1141 1720 1215 παρ’
1738 1143 1871 1215 ἡμῖν

79 1244 162 1289 436
198 1224 418 1298 μάλιστ’
442 1225 514 1281 άν
540 1248 620 1290 τις
654 1225 952 1281 αἰτιάσαιτο
986 1225 1176 1294 τόπον,
1211 1222 1248 1296 ἦ
1283 1225 1343 1281 τὸ
1377 1225 1867 1322 φιλοχρήματον,ο

191 1309 316 1379 περὶ
333 1307 468 1373 τούς
484 1329 542 1363 τε
563 1311 825 1370 Φοίνικας
846 1304 984 1361 εἶναι
1003 1308 1093 1362 καὶ
1112 1304 1242 1371 τοὺς
1259 1306 1396 1362 κατὰ
1419 1314 1707 1377 Αἴγυπτον
1733 1312 1866 1404 φαίη

191 1410 270 1453 τις
289 1386 363 1442 ἀν
383 1385 484 1457 οὐχ
503 1386 715 1458 ἥκιστα.
758 1389 864 1442 Καὶ
884 1387 1048 1457 μάλα,
1079 1391 1200 1459 ἔφη.
1262 1394 1440 1443 Τοῦτο
1470 1410 1570 1458 μεν
1600 1387 1665 1458 δὴ
1692 1387 1868 1452 οὕτως

191 1473 314 1540 ἔχει,
337 1462 410 1539 ἦν
430 1465 481 1523 δ’
506 1467 631 1538 ἐγώ,
653 1469 743 1523 καὶ
770 1465 936 1523 οὐδὲν
954 1466 1193 1538 χαλεπὸν
1214 1475 1438 1538 γνῶναι.
1482 1467 1566 1523 Οὐ
1589 1472 1740 1539 δῆτα.

330 1553 439 1604 ΧΠ.
483 1549 622 1604 Τόδε
642 1552 702 1603 δὲ
719 1547 825 1620 ἤδη
844 1549 1105 1619 χαλεπόν,
1138 1555 1187 1605 εἰ
1203 1555 1278 1623 τῷ
1300 1547 1452 1623 αὐτῷ
1470 1550 1646 1606 τούτω
1666 1551 1865 1607 ε’καστα

191 1631 503 1702 πράττομεν
529 1626 565 1701 ἢ
594 1631 775 1700 τρισὶν
805 1625 968 1685 οὖσιν
998 1630 1134 1686 άλλο
1171 1629 1347 1705 άλλῳ·
1377 1632 1741 1702 μανθάνομεν
1766 1635 1867 1702 μὲν

192 1713 373 1786 ἑτερῳ,
394 1711 736 1782 θυμούμεθα
757 1714 816 1767 δε
840 1713 987 1784 ἄλλῳ
1017 1718 1130 1767 τῶν
1159 1715 1219 1768 ἐν
1239 1712 1386 1784 ἡμῖν,
1407 1716 1790 1784 ἐπιθυμοῦμεν
1810 1712 1862 1769 δ’

191 1797 264 1847 αὐ
282 1799 445 1866 τρίτῳ
465 1795 573 1848 τινὶ
592 1798 706 1847 τῶν
725 1796 849 1862 περὶ
868 1791 970 1864 τὴν
990 1794 1204 1891 τροφήν
1231 1815 1289 1848 τε
1320 1796 1410 1849 καὶ
1442 1797 1702 1865 γέννησιν
1730 1793 1864 1866 ἡδο-

127 1902 159 1942 Β
190 1879 306 1928 νῶν
325 1875 416 1928 καὶ
436 1872 540 1928 ὅσα
558 1874 774 1930 τούτων
789 1870 1067 1945 ἀδελφά,
1042 1897 1075 1945 η
1098 1872 1199 1946 ὅλῃ
1217 1882 1286 1947 τῇ
1303 1882 1453 1948 ψυχῇ
1476 1875 1609 1932 καθ’
1631 1879 1865 1932 ε’καστον

191 1953 379 2010 αὐτῶν
397 1953 726 2025 πράττομεν,
764 1955 898 2010 ὅταν
914 1954 1270 2027 ὁρμήσωμεν·
1303 1956 1459 2011 ταῦτ’
1493 1962 1642 2012 ἔσται
1669 1955 1735 2012 τὰ
1765 1979 1864 2027 χα-
1934 1958 1942 2018 J

190 2033 328 2090 λεπὰ
348 2038 700 2107 διορίσασθαι
722 2035 884 2102 άξίως
905 2038 1093 2106 λόγου.
1134 2039 1243 2092 Καὶ
1265 2040 1383 2107 ἐμοὶ
1404 2042 1568 2106 δοκεῖ,
1589 2042 1709 2107 ἔφη.
1732 2034 1862 2093 Ὧδε

188 2121 382 2170 τοίνυν
409 2119 766 2188 ἐπιχειρῶμεν
795 2115 936 2171 αὐτὰ
969 2115 1268 2186 ὁρίζεσθαι,
1301 2125 1407 2172 εἴτε
1438 2117 1504 2172 τὰ
1531 2116 1672 2172 αὐτοὶ
1692 2116 1864 2189 ἄλλή-
1939 2158 1941 2162 -

189 2201 304 2259 λοις
324 2202 431 2250 εἴτε
451 2196 609 2265 ἕτερά
630 2199 792 2252 ἐστιν.
842 2203 996 2261 Πῶς;
1034 2204 1226 2268 Δῆλον
1251 2196 1340 2252 ὅτι
1366 2195 1570 2252 ταύτὸν
1599 2196 1862 2255 τάναντία

189 2287 365 2330 ποιεῖν
392 2271 430 2346 ἦ
457 2277 684 2348 πάσχειν
711 2276 849 2333 κατὰ
883 2277 1093 2334 ταύτόν
1121 2300 1183 2349 γε
1218 2282 1309 2334 καὶ
1345 2277 1485 2350 πρὸς
1518 2279 1722 2334 ταύτὸν
1758 2279 1861 2336 οὐκ

188 2357 442 2427 ἐθελήσει
461 2355 591 2429 ἅμα,
621 2358 759 2414 ὥστε
784 2361 883 2415 ἐάν
901 2379 1011 2415 που
1045 2358 1388 2431 εὑρίσκωμεν
1406 2363 1466 2414 ἐν
1486 2357 1671 2425 αὐτοῖς
1691 2368 1856 2417 ταῦτα

134 2462 165 2504 c
189 2438 505 2509 γιγνόμενα,
530 2441 794 2511 εἰσόμεθα
813 2440 896 2496 ὅτι
915 2439 983 2497 οὐ
1002 2440 1208 2497 ταύτὸν
1226 2437 1298 2513 ἦν
1327 2441 1466 2497 ἀλλὰ
1496 2448 1677 2498 πλείω.
1712 2441 1858 2498 Εἶεν,
1927 2475 1934 2486 s

186 2517 397 2574 Σκόπει
418 2519 484 2591 δὴ
506 2519 537 2575 ὃ
556 2523 711 2591 λέγω.
750 2526 908 2593 Λέγε,
922 2527 1045 2594 ἔφη.
1075 2522 1349 2593 Ἑστάναι,
1372 2522 1546 2593 εἶπον,
1577 2526 1669 2580 καὶ
1691 2535 1859 2579 κινεῖ-
1926 2550 1929 2567 -·
1956 2535 1960 2578 ζ

190 2608 326 2656 σθαι
344 2599 404 2656 τὸ
428 2600 563 2657 αὐτὸ
586 2603 699 2674 ἅμα
719 2604 858 2660 κατὰ
887 2604 947 2661 τὸ
979 2604 1113 2661 αὐτὸ
1140 2600 1248 2676 ἆρα
1269 2605 1536 2670 δυνατόν;
1574 2604 1858 2675 Οὐδαμῶς.

169 2679 285 2735 ”En
302 2689 494 2738 τοίνυν
514 2682 903 2756 ἀκριβέστερον
934 2685 1426 2758 ὁμολογησώμεθα,
1446 2686 1521 2757 μή
1540 2707 1615 2758 πῃ
1633 2686 1861 2756 προϊόν-
1956 2684 1962 2754 ,ἒ

184 2782 271 2825 τες
301 2761 821 2838 ἀμφισβητήσωμεν.
862 2773 912 2823 εἰ
937 2769 1042 2838 γάρ
1066 2791 1147 2833 τις
1175 2773 1322 2838 λέγοι
1358 2768 1663 2837 ἄνθρωπον
1701 2768 1860 2838 ἑστη-

184 2842 335 2912 κότα,
368 2853 632 2901 κινοῦντα
659 2849 718 2904 δὲ
747 2847 844 2913 τὰς
870 2851 1051 2920 χεῖράς
1080 2871 1138 2905 τε
1167 2852 1258 2905 καὶ
1285 2849 1387 2920 τὴν
1416 2849 1680 2919 κεφαλήν,
1714 2846 1801 2903 ὅτι
1829 2846 1856 2904 ὁ
1930 2838 1962 2906 2⁴·

1839 1225 1869 1281 ὃ
1923 1204 1962 1247 ⁷2!

1927 1255 1953 1309 Ξ,

1925 1323 1962 1471 ξ
