1962 3236
576 123 1067 171 ΠΟΛΙΤΕΙΛΣ
1097 115 1153 179 ς’.
1603 117 1702 171 171

62 259 292 312 ἕστατον
317 255 727 327 ἀποβλέποντες
753 251 972 311 κάκεῖσε
1001 252 1088 310 ἀεὶ
1125 250 1500 324 ἀναφέροντές
1526 273 1585 309 τε
1613 255 1704 307 καὶ

63 337 297 408 εῶμενοι
318 335 389 402 ὡς
409 334 532 393 οἷόν
548 358 606 392 τε
625 335 1004 406 ἀκριβέστατα,
1027 331 1175 390 οὕτω
1194 332 1261 405 δὴ
1293 331 1470 390 καὶτὰ
1497 332 1702 389 ἐνθάδε
1727 349 1761 389 D

27 418 229 489 νόμιμα
249 426 436 475 καλῶν
452 439 511 473 τε
531 419 656 487 πέρι
685 419 776 471 καὶ
806 419 1037 470 δικαίων
1062 418 1154 471 καὶ
1182 413 1419 486 ἀγαθῶν
1445 418 1714 470 τίθεσθαί

51 521 94 566 ε,
115 499 215 555 ἐὰν
233 502 328 572 δέῃ
347 506 626 568 τίθεσθαι,
646 498 737 553 καὶ
754 494 821 551 τά
843 503 1066 566 κείμενα
1086 495 1459 567 φυλάττοντες
1483 495 1705 563 σῶζειν;

74 580 108 635 ὑ
134 580 211 652 μὰ
240 580 343 636 τὸν
369 585 497 648 Δία,
528 573 566 650 ἦ
593 577 651 634 δ’
683 576 762 647 ὅς,
789 575 858 632 οὐ
886 577 1031 632 πολύ
1058 601 1108 633 τι
1134 579 1399 649 διαφέρει.
1460 578 1707 642 Τούτους

55 655 125 716 ὖν
149 667 362 732 μᾶλλον
390 659 646 730 φύλακας
674 658 1013 728 στησόμεθα,
1044 654 1082 728 ἦ
1102 656 1233 722 τοὺς
1262 658 1574 729 ἐγνωκότας
1602 661 1707 730 μὲν

24 743 251 797 ’καστον
284 739 347 796 τὸ
389 741 474 810 ὅν,
513 743 767 812 ἐμπειρίᾳ
805 740 864 795 δὲ
898 738 1071 810 μηδὲν
1106 743 1332 795 ἐκείνων
1356 743 1706 806 ἐλλείποντας

21 881 29 893 ,
58 822 148 893 ηδ’
175 826 236 878 έν
258 823 406 897 ἄλλῳ
425 823 621 894 μηδενὶ
637 824 790 893 μέρει
818 818 1014 891 ἀρετῆς
1041 818 1439 892 ὑστεροῦντας;
1464 820 1705 876 ’Ἄτοπον

59 903 167 959 ἐντ’
195 903 286 973 ἄν,
306 908 430 975 ἔφη,
450 912 532 975 εἴη
557 903 762 968 ἄλλους
780 905 1076 971 αἱρεῖσθαι,
1098 911 1227 973 εἴγε
1246 896 1419 959 τᾶλλα
1437 901 1511 973 μὴ
1533 903 1706 957 ἐλλεί-

19 1005 240 1040 ποιντο·
271 985 450 1058 τούτῳ
468 983 576 1054 γάρ
596 982 747 1058 αὐτῷ
766 982 964 1052 σχεδόν
983 1005 1034 1037 τι
1062 989 1140 1056 τῷ
1168 988 1405 1056 μεγίστῳ
1436 979 1509 1038 ἀν
1537 986 1707 1054 προέ-

19 1086 185 1134 χοιεν.
231 1064 460 1120 Οὐκοῦν
498 1070 663 1119 τοῦτο
699 1065 765 1135 δὴ
799 1067 1062 1135 λέγωμεν,
1101 1071 1224 1119 τίνα
1249 1063 1459 1133 τρόπον
1503 1059 1613 1120 οἷοί
1650 1058 1701 1119 τ’
1734 1083 1820 1129 485

46 1162 240 1201 σονται
261 1149 319 1200 οί
338 1143 497 1200 αὐτοὶ
518 1144 745 1200 κάκεῖνα
763 1148 854 1200 καὶ
881 1153 1053 1201 ταῦτα
1072 1149 1241 1216 ἔχειν;
1277 1145 1441 1202 Πάνυ
1460 1146 1562 1216 μὲν
1582 1140 1702 1201 οὖν.

19 1224 72 1283 Ὀ
107 1232 299 1282 τοίνυν
335 1225 631 1297 ἀρχόμενοι
675 1227 879 1282 τούτου
929 1233 1031 1282 τοῦ
1076 1226 1250 1297 λόγου
1285 1229 1559 1297 ἐλέγομεν,
1602 1225 1704 1298 τὴν

22 1308 197 1379 φύσιν
232 1307 418 1364 αὐτῶν
455 1315 678 1375 πρῶτον
719 1312 836 1364 δεῖν
872 1315 1240 1379 καταμαθεῖν·
1285 1310 1376 1364 καὶ
1407 1306 1574 1378 οἶμαι,
1608 1306 1704 1362 ἐὰν

21 1393 238 1461 ἐκείνην
265 1393 470 1455 ἱκανῶς
497 1388 945 1462 ὁμολογήσωμεν,
977 1388 1340 1461 ὁμολογήσειν
1371 1391 1460 1444 καὶ
1487 1387 1572 1445 ὅτι
1600 1385 1710 1445 οἶοί

25 1495 81 1529 τε
109 1480 280 1528 ταῦτα
302 1479 443 1543 ἔχειν
471 1477 526 1530 οἱ
542 1473 717 1545 αὐτοί,
737 1475 822 1530 ὅτι
842 1497 899 1530 τε
920 1473 1023 1530 οὐκ
1045 1474 1249 1540 ἀλλους
1274 1474 1491 1531 πόλεων
1508 1471 1702 1545 ἡγεμό-

24 1577 121 1620 νας
143 1558 225 1610 δεῖ
243 1553 382 1610 εἶναι
409 1552 444 1626 ἦ
469 1557 716 1622 τούτους.
747 1563 902 1623 Πῶς;

165 1640 223 1690 11.
265 1642 441 1693 Τοῦτο
458 1640 560 1709 μὲν
586 1637 652 1710 δὴ
674 1645 789 1694 τῶν
818 1639 1148 1709 φιλοσόφων
1168 1637 1396 1709 φύσεων
1413 1639 1539 1709 πέρι
1565 1635 1704 1709 ῶμο·

25 1719 288 1788 λογήσθω
311 1716 458 1789 ἡμῖν,
479 1717 563 1775 ὅτι
584 1720 909 1791 μαθήματός
935 1742 998 1790 γε
1019 1717 1103 1775 ἀεὶ
1123 1722 1341 1790 ἐρῶσιν,
1367 1717 1400 1774 ὃ
1424 1716 1497 1774 ἂν
1516 1717 1704 1784 αὐτοῖς
1732 1745 1761 1784 B

0 1806 2 1837 ¹
25 1804 184 1870 δηλοῖ
199 1803 409 1871 ἐκείνης
428 1809 524 1873 τῆς
552 1800 743 1867 οὐσίας
771 1809 867 1873 τῆς
885 1800 967 1858 ἀεὶ
998 1802 1168 1871 οὔσης
1199 1803 1289 1857 καὶ
1318 1799 1390 1872 μὴ
1413 1802 1705 1872 πλανωμέ-

25 1904 125 1951 νης
154 1878 263 1936 ὑπὸ
299 1885 564 1951 γενέσεως
594 1887 684 1939 καὶ
715 1890 952 1954 φθορᾶς.
983 1883 1400 1955 Ὡμολογήσθω.
1439 1884 1547 1937 Καὶ
1577 1880 1704 1952 μήν,

0 1955 165 2033 ιῆνδ’
196 1964 320 2032 ἐγῶ,
353 1967 439 2019 καὶ
469 1963 553 2019 ὅτι
588 1965 767 2036 πάσης
798 1964 985 2037 αὐτῆς,
1019 1968 1109 2020 καὶ
1147 1964 1274 2020 οὔτε
1312 1969 1549 2035 σμικροῦ
1577 1961 1707 2018 οὔτε

26 2050 272 2117 μείζονος
301 2044 429 2102 οὔτε
456 2050 782 2118 τιμιωτέρου
809 2048 937 2103 οὔτε
958 2046 1285 2117 ἀτιμοτέρου
1315 2047 1517 2117 μέρους
1546 2043 1708 2100 ἑκόν-

23 2147 113 2191 τες
132 2125 404 2197 ἀφίενται,
427 2127 611 2196 ῶσπερ
638 2132 697 2184 ἐν
715 2140 827 2195 τοῖς
847 2129 1101 2200 πρόσθεν
1127 2133 1258 2197 περί
1282 2149 1339 2183 τε
1367 2133 1480 2182 τῶν
1499 2129 1707 2197 φιλοτί·

27 2229 150 2279 μων
169 2211 259 2263 καὶ
279 2212 556 2278 ἐρωτικῶν
578 2212 897 2282 διήλθομεν.
934 2209 1162 2279 Ὀρθῶς,
1184 2213 1306 2280 ἔφη,
1337 2210 1524 2279 λέγεις.
1567 2207 1708 2263 Τόδε

27 2296 221 2345 τοίνυν
244 2288 378 2360 μετὰ
398 2299 560 2347 τοῦτο
590 2290 782 2347 σκόπει
801 2298 850 2348 εί
877 2292 1092 2362 ἀνάγκη
1122 2295 1261 2361 ἔχειν
1291 2290 1430 2361 πρὸς
1453 2287 1630 2363 τούτῳ
1651 2291 1710 2344 ἐν

26 2377 94 2441 τῇ
131 2369 314 2439 φύσει,
348 2377 404 2427 οἳ
436 2371 508 2427 ἀν
532 2375 807 2443 μέλλωσιν
837 2379 1064 2429 ἔσεσθαι
1089 2376 1242 2437 οἴους
1277 2375 1552 2443 ἐλέγομεν.
1633 2368 1708 2425 Τὸ
1734 2388 1765 2430 Ο

27 2463 218 2516 ποῖον;
246 2451 361 2523 Τὴν
380 2452 680 2517 ἀψεύδειαν
701 2456 789 2509 καὶ
808 2453 868 2509 τὸ
892 2455 1116 2518 ἑκόντας
1137 2454 1276 2509 εἶναι
1293 2457 1516 2524 μηδαμῇ
1539 2470 1710 2521 προς-

28 2536 290 2603 δέχεσθαι
323 2534 382 2588 τὸ
411 2539 629 2602 ψεῦδος,
660 2533 797 2590 ἀλλὰ
825 2548 1022 2606 μισεῖν,
1042 2534 1143 2607 τὴν
1169 2534 1220 2591 δ’
1246 2533 1519 2605 ἀλήθειαν
1543 2535 1703 2604 στέρ-

26 2636 162 2685 γειν.
204 2616 368 2680 Εἰκός
405 2614 479 2684 γ’,
521 2621 640 2687 ἔφη.
684 2616 769 2672 Ού
802 2616 979 2686 μόνον
1016 2640 1094 2686 γε,
1128 2611 1171 2672 ὦ
1202 2622 1344 2686 φίλε,
1379 2615 1542 2685 εἰκός,
1569 2612 1707 2671 ἀλλὰ

28 2700 119 2755 καὶ
141 2706 287 2753 πᾶσα
308 2698 522 2769 ἀνάγκη
551 2698 650 2753 τὸν
671 2701 940 2768 ἐρωτικῶς
962 2721 1061 2754 του
1089 2699 1255 2768 φύσει
1287 2703 1477 2768 ἔχοντα
1504 2704 1616 2753 πᾶν
1645 2694 1706 2753 τὸ

31 2785 286 2852 ξυγγενές
314 2803 369 2837 τε
397 2784 485 2836 καὶ
516 2787 721 2837 οἰκεῖον
751 2788 862 2836 τῶν
890 2786 1163 2837 παιδικῶν
1195 2779 1433 2855 ἀγαπᾷν.
1475 2779 1709 2850 Ὀρθῶς,
