1962 3236
0 0 689 151 Γίῡησιῖττ-ΞἺωη
708 0 805 32 1:³⁸
947 0 1005 28 ·'·-
1051 0 1054 3 ·

534 31 579 47 ιγ·
695 30 714 38 ”“

15 123 19 134 1

0 179 28 297 'f

16 327 19 330 '
58 314 254 385 τούτῳ,
278 311 350 378 ὥς
367 313 475 382 ἄρα
494 312 757 377 Λεόντιος
775 309 805 368 ὁ
823 309 1148 382 Ἀγλαΐωνος
1166 306 1339 365 ἀνιών
1357 312 1419 366 ἐκ
1438 312 1736 381 Πειραιέως

611 180 1092 228 ΠΟΛΙΤΕῙΑΣ
1125 170 1182 224 δ’.
1635 172 1734 228 127

61 391 168 450 ὑπὸ
186 394 248 451 τὸ
270 396 495 466 βόρειον
513 407 684 464 τεῖχος
702 393 872 459 ἐκτός,
892 391 1223 463 αἰσθόμενος
1241 390 1474 461 νεκροὺς
1492 390 1642 459 παρὰ
1659 397 1735 465 τῷ

62 482 238 550 δημίῳ
258 479 559 548 κειμένους,
581 476 693 546 ἅμα
711 476 814 545 μὲν
833 479 970 531 ἰδεῖν
989 477 1270 545 ἐπιθυμοῖ,
1292 472 1404 545 ἅμα
1433 471 1487 529 δ’
1510 467 1587 528 αὖ
1604 477 1735 538 δυς-

0 575 4 583 ’
59 565 300 630 χεραίνοι
327 563 416 615 καὶ
446 557 745 626 ἀποτρέποι
774 557 992 624 ἑαυτόν,
1024 559 1113 611 καὶ
1150 559 1283 621 τέως
1309 556 1533 627 μάχοιτό
1560 577 1618 612 τε
1647 557 1737 612 καὶ

60 641 561 709 παρακαλύπτοιτο,
581 637 959 707 κρατούμενος
978 636 1032 691 δ’
1051 631 1122 692 οὔ
1128 659 1159 692 ν
1179 635 1286 693 ὑπὸ
1307 645 1402 709 τῆς
1421 639 1734 708 ἐπιθυμίας,
1764 644 1852 691 440

60 723 352 786 διελκύσας
379 719 510 784 τούς
539 718 891 790 ὀφθαλμούς,
922 718 1297 790 προσδραμών
1325 719 1464 789 πρὸς
1482 717 1614 785 τούς
1643 740 1736 774 νε-

59 805 246 871 κρούς,
269 800 394 857 ἰδοὺ
413 798 563 872 ὑμῖν,
585 805 711 871 ἔφη,
745 793 789 855 ὦ
810 803 1224 870 κακοδαίμονες,
1256 801 1606 871 ἐμπλήσθητε
1635 805 1737 855 τοῦ

59 890 232 939 καλοῦ
263 883 554 953 θεάματος.
599 882 869 950 Ἤκουσα,
900 885 1023 952 ἔφη,
1054 883 1144 937 καὶ
1175 879 1356 945 αὐτός.
1402 873 1580 946 Οὗτος
1603 885 1739 952 μέν-

58 984 159 1032 τοι,
173 968 330 1034 ἔφην,
348 962 377 1020 ὁ
399 963 560 1033 λόγος
580 971 831 1034 σημαίνει
846 958 1138 1033 τὴνόργὴν
1152 968 1411 1033 πολεμεῖν
1431 964 1604 1018 ἐνίοτε
1622 973 1738 1027 ταῖς

60 1049 376 1118 ἐπιθυμίαις
397 1045 469 1111 ὥς
488 1045 622 1102 ἄλλο
643 1042 713 1101 ὂν
730 1045 894 1118 ἄλλῳ.
940 1051 1211 1116 Σημαίνει
1234 1044 1360 1115 γάρ,
1383 1049 1504 1116 ἔφη.

203 1133 304 1184 XV.
349 1127 578 1183 Οὐκοῦν
594 1129 684 1183 καὶ
714 1127 932 1195 ἄλλοθι,
965 1129 1124 1196 ἔφην,
1155 1131 1437 1196 πολλαχοῦ
1464 1128 1739 1182 αἰσθανό-

62 1218 229 1281 μεθα,
251 1209 388 1266 ὅταν
406 1209 705 1280 βιάζωνταί
718 1229 841 1262 τινα
861 1205 1008 1277 παρὰ
1027 1206 1126 1261 τὸν
1145 1206 1411 1277 λογισμὸν
1430 1209 1736 1279 ἐπιθυμίαι,

62 1291 425 1362 λοιδοροῦντά
445 1312 502 1346 τε
532 1287 707 1345 αὑτὸν
733 1291 823 1344 καὶ
842 1288 1207 1359 θυμούμενον
1235 1295 1313 1361 τῷ
1343 1290 1645 1362 βιαζομένῳ
1677 1291 1738 1345 ἐν
1766 1311 1800 1351 Β

63 1370 230 1445 αὑτῷ,
252 1374 341 1428 καὶ
361 1371 545 1439 ὥσπερ
566 1374 725 1426 δυοῖν
744 1370 1158 1436 στασιαζόντοιν
1175 1368 1458 1440 ξύμμαχον
1485 1376 1563 1442 τῷ
1590 1369 1736 1444 λόγῳ

62 1454 396 1524 γιγνόμενον
412 1452 512 1509 τὸν
529 1452 721 1524 θυμὸν
749 1458 852 1508 τοῦ
879 1450 1160 1516 τοιούτους
1194 1462 1310 1517 ταῖς
1337 1449 1391 1507 δ’
1419 1453 1739 1523 ἐπιθυμίαις

62 1533 238 1590 αὐτὸν
254 1535 689 1606 κοινωνήσαντα,
707 1537 997 1605 αἱροῦντος
1013 1533 1185 1603 λόγου
1203 1531 1275 1604 μὴ
1293 1537 1427 1603 δεῖν,
1439 1531 1741 1604 ἀντιπράτ-

63 1639 195 1688 τειν,
219 1616 375 1689 οἶμαί
387 1635 447 1674 σε
468 1616 572 1674 οὐκ
591 1614 664 1673 ἂν
682 1617 857 1688 φάναι
874 1620 1179 1687 γενομένου
1196 1616 1326 1672 ποτὲ
1354 1619 1415 1672 ἐν
1432 1623 1622 1689 σαυτῷ
1639 1621 1740 1672 τοῦ

62 1699 322 1755 τοιούτου
352 1702 670 1768 αἰσθέσθαι,
701 1698 850 1771 οἶμαι
872 1699 924 1753 δ’
950 1695 1072 1753 οὐδ’
1107 1700 1168 1753 ἐν
1196 1696 1361 1771 ἄλλῳ.
1421 1697 1507 1754 Οὐ
1535 1696 1610 1770 μοὶ
1640 1694 1741 1754 τὸν

63 1786 192 1848 Δία,
219 1784 341 1851 ἔφη.
393 1786 461 1836 Τί
475 1784 558 1843 δέ;
595 1774 666 1851 ἦν
687 1778 740 1835 δ’
764 1778 871 1849 ἐγώ
887 1799 898 1810 ·
937 1775 1072 1833 ὅταν
1089 1801 1169 1844 τις
1190 1786 1369 1850 οἴηται
1387 1777 1617 1849 ἀδικεῖν,
1637 1776 1739 1849 οὐχ
1768 1790 1801 1832 C

65 1861 180 1935 ὅσω
209 1859 283 1917 ἄν
312 1863 694 1932 γενναιότερος
722 1854 774 1934 ᾖ,
807 1861 1052 1935 τοσούτῳ
1080 1854 1249 1932 ἧττον
1278 1861 1510 1916 δύναται
1531 1858 1742 1930 ὀργίζε-

68 1951 203 1999 σθαι
223 1945 313 1999 καὶ
333 1949 543 1999 πεινῶν
561 1946 651 2000 καὶ
671 1946 845 2014 ῥιγῶν
864 1944 955 1999 καὶ
975 1942 1112 1998 ἄλλο
1131 1939 1322 1998 ὁτιοῦν
1340 1948 1454 1997 τῶν
1472 1940 1741 1997 τοιούτων

66 2026 295 2096 πάσχων
328 2022 427 2080 ὑπ’
457 2029 694 2095 ἐκείνου,
726 2022 793 2081 ὃν
826 2023 897 2081 ἂν
934 2032 1110 2096 οἴηται
1141 2027 1360 2088 δικαίως
1382 2029 1553 2079 ταῦτα
1577 2026 1739 2095 δρᾷν,

65 2113 174 2175 καί,
203 2102 238 2162 δ
261 2109 420 2177 λέγω,
440 2104 545 2163 οὐκ
571 2109 751 2163 ἐθέλει
773 2105 912 2177 πρὸς
929 2112 1128 2162 τοῦτον
1157 2103 1334 2161 αὐτοῦ
1361 2107 1673 2176 ἐγείρεσθαι
1710 2099 1739 2158 ὁ

68 2187 278 2257 θνμός;
303 2185 527 2260 Ἀληθῆ,
551 2193 672 2260 ἔφη.
717 2196 776 2245 Τι’
793 2192 856 2244 δέ
866 2213 879 2255 ;
915 2186 1052 2243 ὅταν
1082 2185 1400 2244 ἀδικεῖσθαί
1421 2208 1502 2252 τις
1529 2182 1741 2258 ἡγῆται,

0 2298 10 2333 ,ι
70 2264 174 2323 ούκ
203 2270 262 2322 ἐν
291 2267 469 2324 τούτω
497 2273 574 2335 ζεῖ
596 2291 656 2326 τε
686 2272 777 2325 καὶ
801 2276 1116 2341 χαλεπαίνει
1133 2270 1224 2325 καὶ
1244 2273 1513 2340 ξυμμαχετ
1536 2273 1615 2341 τῷ
1646 2269 1743 2322 δο-

39 3160 81 3236 {⁶22
52 3095 54 3097 '
62 3063 65 3067 ·

73 2356 266 2405 κοῦντι
296 2326 487 2423 δικαίῳ
516 2353 607 2407 καὶ
638 2351 727 2408 διὰ
757 2351 818 2408 τὸ
857 2359 1053 2424 πεινῇν
1084 2353 1174 2408 καὶ
1203 2349 1295 2408 διὰ
1335 2348 1394 2407 τὸ
1426 2351 1624 2422 ῥιγοῦν
1653 2350 1745 2405 καὶ

71 2451 251 2486 παντα
270 2452 335 2485 τα
355 2438 580 2487 τοιαῦτα
595 2434 823 2503 πάσχειν
841 2432 1137 2505 ὑπομένων
1155 2435 1243 2488 καὶ
1257 2438 1386 2505 νικᾷ
1405 2429 1577 2488 καὶού
1594 2429 1746 2501 λήγει
1777 2439 1811 2479 D

73 2518 185 2567 τῶν
219 2520 509 2581 γενναίων,
558 2514 689 2583 πρὶν
725 2535 796 2568 αν
835 2537 866 2612 η
906 2515 1267 2585 διαπράξηται
1300 2536 1333 2584 η
1370 2511 1670 2611 τελευτήση
1711 2506 1747 2579 ἢ

73 2591 259 2662 ω’σπερ
280 2595 437 2649 κύων
459 2592 570 2650 ὑπὸ
594 2597 803 2665 νομέως
833 2593 941 2651 ὑπὸ
972 2602 1073 2651 τοῦ
1102 2595 1276 2666 λόγου
1296 2600 1398 2649 τοῦ
1431 2589 1562 2663 παρ’
1597 2589 1748 2666 αὑτω

72 2672 404 2745 ἀνακληθεὶς
435 2682 723 2747 πραϋνθῇς
769 2676 935 2732 Πάνυ
966 2678 1068 2746 μὲν
1098 2671 1221 2746 οὖν,
1242 2679 1365 2747 ἔφη,
1397 2678 1540 2730 ἔοικε
1567 2670 1744 2748 τούτῳ

74 2746 121 2830 ᾧ
139 2759 327 2827 λέγεις,
349 2762 523 2812 καίτοι
543 2755 602 2828 γ’
633 2760 693 2813 ἐν
711 2764 775 2829 τῇ
799 2756 1032 2830 ἡμετέρᾳ
1070 2758 1226 2813 πόλει
1259 2755 1388 2821 τούς
1415 2754 1748 2826 ἐπικούρους

76 2834 259 2909 ὥσπερ
294 2839 468 2905 κύνας
497 2842 740 2911 ἐθέμεθα
780 2838 1063 2912 ὑπηκόους
1099 2846 1211 2895 τοῦν
1239 2836 1526 2909 ἀρχόντων
1563 2835 1745 2902 ὥσπερ
