1962 3236
179 526 214 568 D

163 2080 221 2126 86

189 2730 222 2770 Β

238 146 342 199 398
853 149 1328 198 ΠΛΑΤΩΝΟΣ
1732 157 1744 171 “
1851 156 1918 201 80

240 280 534 353 σπάρησαν
552 281 653 351 μὲν
672 283 746 343 εἰς
764 274 913 350 αἷμα,
944 283 1039 335 ἵνα
1071 281 1392 352 συμμέτρως
1419 280 1742 357 λεπτότητος
1769 290 1916 353 ἴσχοι

239 364 330 417 καὶ
359 361 567 432 πάχους
594 362 684 415 καὶ
718 360 854 430 μήτε
887 358 976 416 διὰ
1008 360 1325 433 θερμότητα
1345 360 1418 427 ὦς
1444 360 1626 433 ὑγρὸν
1652 365 1711 418 ἐκ
1731 369 1915 433 μανοῦ

238 448 340 498 τοῦ
365 443 615 513 σώματος
634 443 828 511 ἐκρέοι,
848 439 977 512 μήτ’
1010 435 1084 496 αὖ
1112 442 1458 511 πυκνότερον
1485 446 1818 514 δυσκίνητον
1846 439 1914 499 ὂν

238 522 395 594 μόλις
413 521 810 591 ἀναστρέφοιτο
830 523 893 576 έν
909 533 1025 586 ταῖς
1044 528 1225 592 φλεψί.
1265 521 1462 592 καιρὸν
1481 522 1547 594 δὴ
1570 523 1784 579 τούτων
1802 522 1915 589 ἶνες

239 611 306 674 τῇ
325 608 419 673 τῆς
438 604 661 673 φύσεως
678 606 890 672 γενέσει
917 603 1318 673 φυλάττουσιν·
1356 602 1421 669 ἃς
1439 602 1575 659 ὅταν
1601 625 1679 669 τις
1708 607 1798 659 καὶ
1825 625 1915 659 τε-

239 690 485 748 θνεῶτος
517 686 740 755 αἵματος
775 687 834 739 έν
863 685 1025 751 ψύξει
1052 707 1109 740 τε
1135 683 1294 749 ὄντος
1322 683 1459 756 πρὸς
1479 683 1717 755 ἀλλήλας
1741 702 1917 740 συνα-

238 765 399 837 γάγῃ,
441 769 702 836 διαχεῖται
739 771 853 820 πᾶν
887 763 947 821 τὸ
988 764 1184 822 λοιπὸν
1221 762 1368 837 αἷμα,
1407 770 1653 822 ἐαθεῖσαι
1688 765 1747 821 δὲ
1780 762 1917 835 ταχὺ

239 844 374 917 μετὰ
393 852 495 902 τοῦ
513 853 875 916 περιεστῶτος
893 845 1027 902 αὐτὸ
1049 848 1259 917 ψύχους
1279 847 1678 917 ξυμπηγνύασι.
1707 846 1916 916 ταύτην

241 926 308 998 δὴ
327 926 430 998 τὴν
450 927 689 998 δύναμιν
715 929 962 997 ἐχουσῶν
990 931 1128 982 ἰνῶν
1146 930 1207 982 ἐν
1235 931 1419 998 αἵματι
1446 927 1578 998 χολὴ
1613 927 1779 998 φύσει
1809 947 1917 982 πα-

240 1007 402 1064 λαιὸν
420 1005 549 1080 αἷμα
572 1020 833 1079 γεγονυῖα
852 1010 944 1063 καὶ
963 1009 1131 1063 πάλιν
1164 1011 1224 1064 ἐκ
1255 1014 1370 1063 τῶν
1398 1015 1622 1077 σαρκῶν
1651 1012 1726 1072 εἰς
1754 1014 1916 1062 τοῦτο

239 1102 510 1162 τετηκυῐα,
530 1089 710 1161 θερμὴ
750 1093 840 1146 καὶ
877 1088 1020 1162 ὑγρὰ
1049 1087 1168 1145 κατ’
1199 1089 1385 1160 ὀλίγον
1415 1088 1477 1145 τὸ
1507 1096 1730 1158 πρῶτον
1759 1090 1909 1158 ἐμπί-

240 1190 453 1228 πτουσα
472 1172 744 1242 πήγνυται
757 1171 846 1227 διὰ
859 1170 960 1243 τὴν
974 1179 1084 1227 τῶν
1096 1176 1232 1227 ἰνῶν
1252 1170 1506 1241 δύναμιν,
1522 1173 1839 1241 πηγνυμένη
1860 1168 1919 1224 δὲ

241 1256 333 1310 καὶ
352 1259 448 1327 βίᾳ
466 1257 950 1325 κατασβεννυμένη
971 1258 1210 1324 χειμῶνα
1225 1255 1315 1308 καὶ
1334 1253 1542 1323 τρόμον
1561 1249 1717 1316 ἐντὸς
1746 1253 1918 1321 παρέ-

239 1357 345 1406 χει·
401 1340 606 1390 πλείων
643 1333 694 1389 δ’
732 1335 1080 1403 ἐπιρρέουσα,
1118 1339 1185 1404 τῇ
1235 1333 1368 1402 παρ’
1412 1331 1582 1402 αὐτῆς
1620 1330 1919 1401 θερμότητι

240 1415 577 1486 κρατήσασα,
606 1413 701 1479 τὰς
721 1413 841 1478 ἶνας
862 1419 937 1479 εἰς
956 1413 1182 1479 ἀταξίαν
1202 1416 1397 1479 ζέσασα
1418 1414 1646 1466 διέσεισε
1661 1432 1671 1442 ·
1710 1411 1803 1465 καὶ
1822 1409 1921 1465 ἐὰν

241 1499 343 1569 μὲν
362 1495 523 1567 ἱκανὴ
546 1494 635 1551 διὰ
658 1500 847 1560 τέλους
868 1503 1134 1566 κρατῆσαι
1153 1497 1394 1565 γένηται,
1426 1490 1563 1564 πρὸς
1581 1492 1642 1547 τὸ
1663 1497 1764 1546 τοῦ
1784 1513 1922 1562 μυε-

242 1587 348 1635 λοῦ
368 1578 746 1647 διαπεράσασα
762 1579 921 1647 γένος
950 1582 1185 1632 καίουσα
1210 1581 1370 1631 ἔλυσε
1398 1573 1465 1630 τά
1493 1580 1590 1645 τῆς
1619 1580 1793 1643 ψυχῆς
1815 1571 1921 1627 αὕ-

243 1660 415 1717 τόθεν
442 1655 564 1715 οἷον
590 1657 729 1724 νειὸς
753 1664 1019 1729 πείσματα
1048 1661 1259 1729 μεθῆκέ
1283 1678 1341 1711 τε
1371 1657 1689 1725 ἐλευθέραν,
1710 1653 1845 1708 ὅταν
1865 1651 1918 1708 δ’

242 1742 482 1798 ἐλάττων
511 1735 547 1813 ᾗ
574 1741 636 1796 τό
665 1762 722 1796 τε
756 1747 912 1811 σῶμα
941 1738 1166 1811 ἀντίσχῃ
1192 1738 1516 1809 τηκόμενον,
1550 1734 1688 1806 αὐτὴ
1717 1755 1921 1804 κρατη-

241 1832 405 1880 θεῖσα
435 1819 628 1894 ἦκατά
650 1829 763 1877 πᾶν
793 1820 854 1877 τὸ
887 1828 1044 1893 σῶμα
1074 1824 1339 1889 ἐξέπεσεν,
1370 1815 1406 1890 ἦ
1435 1817 1524 1874 διά
1553 1823 1666 1873 τῶν
1695 1821 1921 1887 φλεβῶν

244 1911 319 1971 εἰς
339 1905 440 1977 τὴν
458 1905 606 1961 κάτω
633 1907 977 1971 ξυνωσθεῖσα
1009 1898 1045 1973 ἢ
1076 1901 1176 1972 τὴν
1193 1900 1310 1956 ἀνω
1334 1906 1565 1970 κοιλίαν,
1593 1893 1711 1954 οἷον
1740 1894 1922 1968 φυγὰς

243 1991 302 2043 ἐκ
317 1987 526 2052 πόλεως
546 1987 914 2056 στασιασάσης
932 1988 992 2040 ἐκ
1011 1991 1114 2039 τοῦ
1126 1983 1376 2054 σώματος
1394 1985 1747 2048 ἐκπίπτουσα,
1769 1982 1920 2045 διαρ-

250 2073 402 2138 ροίας
431 2069 522 2123 καὶ
562 2070 911 2135 δυσεντερίας
946 2069 1037 2121 καὶ
1071 2065 1137 2120 τὰ
1174 2071 1399 2119 τοιαῦτα
1434 2062 1716 2131 νοσήματα
1740 2058 1920 2113 πάντα

243 2153 555 2219 παρέσχετο.
578 2147 637 2203 τό
661 2147 762 2218 μὲν
782 2143 886 2215 οὖν
904 2149 963 2202 ε”κ
985 2144 1158 2214 πυρὸς
1178 2143 1486 2214 ὑπερβολῆς
1502 2141 1731 2212 μάλιστα
1750 2145 1922 2209 νοσῆ-

246 2244 350 2283 σαν
372 2235 528 2298 σῶμα
549 2233 743 2298 ξυνεχῆ
767 2228 1018 2297 καύματα
1041 2227 1132 2281 καὶ
1162 2222 1433 2295 πυρετοὺς
1452 2221 1827 2293 ἀπεργάζεται,
1857 2217 1917 2274 τὸ

246 2308 295 2364 δ’
322 2311 375 2374 ἐξ
395 2307 555 2376 ἀέρος
575 2308 1006 2380 ἀμφημερινούς,
1028 2312 1299 2378 τριταίους
1320 2304 1370 2360 δ’
1395 2303 1595 2369 ὕδατος
1614 2301 1704 2358 διὰ
1724 2299 1785 2356 τό
1808 2322 1921 2356 νω-

246 2393 516 2460 θέστερον
540 2388 699 2460 ἀέρος
716 2393 807 2445 καὶ
831 2388 1006 2460 πυρὸς
1025 2387 1158 2444 αὐτὸ
1182 2387 1343 2443 εἶναι·
1365 2384 1426 2442 τὸ
1449 2385 1498 2440 δ’
1524 2388 1582 2440 ἐκ
1600 2391 1715 2455 γῆς,
1737 2383 1920 2449 τετάρ-

245 2491 351 2536 τως
375 2469 442 2526 ὂν
470 2473 823 2527 νωθέστατον
851 2471 1082 2540 τούτων,
1116 2472 1176 2525 ἐν
1204 2474 1615 2538 τετραπλασίαις
1649 2463 1922 2536 περιόδοις

246 2553 453 2622 χρόνου
499 2553 928 2624 καθαιρόμενον,
975 2557 1323 2622 τεταρταίους
1369 2548 1639 2619 πυρετοὺς
1685 2551 1911 2616 ποιῆσαι

248 2631 651 2690 ἀπαλλάττεται
680 2636 849 2705 μόλις.

389 2721 508 2770 XLI.
547 2719 655 2773 Καὶ
674 2716 739 2772 τά
759 2718 860 2787 μὲν
880 2717 1002 2785 περὶ
1026 2715 1086 2771 τὸ
1116 2721 1271 2784 σῶμα
1298 2713 1577 2783 νοσήματα
1595 2729 1765 2779 ταυτῃ
1784 2710 1900 2777 ξυμ-

245 2805 423 2866 βαίνει
442 2800 758 2870 γιγνόμενα,
772 2797 838 2855 τὰ
860 2799 918 2855 δὲ
937 2800 1060 2870 περὶ
1076 2796 1259 2868 ψυχὴν
1271 2794 1359 2851 διὰ
1381 2793 1628 2864 σώματος
1642 2793 1755 2856 ἕξιν
1773 2793 1917 2860 τῇδε.
