1962 3236
562 149 1047 205 ΠΟΛΙΤΕΙΑΣ
1077 147 1136 220 γ’.
1629 155 1696 209 75

22 283 187 355 οὗτός
213 310 271 346 τε
298 290 389 346 καὶ
419 292 476 345 οί
490 287 648 344 ἄλλοι
667 289 885 358 ποιηταὶ
914 288 1005 343 διὰ
1023 286 1300 359 μιμήσεως
1318 287 1421 360 τὴν
1440 288 1696 360 διήγησιν

20 376 326 427 ποιοῦνται.
364 369 530 426 Πάνυ
547 369 650 439 μὲν
668 361 788 425 οὖν.
809 371 882 423 Εἰ
900 369 963 425 δέ
977 389 1039 439 γε
1059 371 1316 440 μηδαμοῦ
1334 368 1536 426 ἑαυτὸν
1554 368 1695 426 ἀπο-

21 452 318 523 κρύπτοιτο
356 449 385 508 ὁ
420 449 675 522 ποιητής,
712 455 863 505 πάσα
905 471 979 506 αν
1015 447 1166 525 αὐτῷ
1198 448 1338 506 ἄνευ
1365 450 1641 523 μιμήσεως
1659 448 1693 521 ἡ

21 539 235 605 ποίησίς
255 555 315 590 τε
330 534 421 590 καὶ
438 532 684 603 διήγησις
702 542 963 600 γεγονυῖα
982 540 1080 603 εἰη.
1130 535 1223 588 ἵνα
1243 532 1302 589 δὲ
1321 531 1394 604 μὴ
1417 531 1643 606 elbum-,⁶
1610 554 1695 587 οτι
1743 551 1778 591 D

22 615 125 671 οὐκ
142 610 216 671 αὖ
233 613 566 686 μανθάνεις,
597 610 748 677 ὅπως
778 633 851 666 αν
871 618 1035 669 τοῦτο
1054 617 1298 684 γένοιτο,
1336 611 1441 684 έγῶ
1477 613 1691 684 φράσω.

21 702 73 754 εἰ
98 696 203 769 γάρ
207 696 446 768 Ὅμηρος
464 692 663 763 εἰπών,
702 691 787 748 ὅτι
813 687 1038 764 ἦλθεν’
1011 716 1039 749 ο
1061 695 1287 768 Χρύσης
1316 702 1415 767 τῆς
1430 716 1488 751 τε
1507 703 1694 767 θυγα-

19 777 149 847 τρὸς
174 777 349 848 λύτρα
377 777 566 847 φέρων
605 774 698 830 καὶ
727 776 905 846 ἱκέτης
939 782 1051 830 τῶν
1076 772 1343 847 Ἀχαιῶν,
1380 777 1614 849 μάλιστα
1635 777 1694 833 δὲ

18 867 132 917 τῶν
149 860 450 931 βασιλέων,
488 855 622 928 μετά
641 862 805 912 τοῦτο
826 854 898 928 μή
922 854 994 922 ὥς
1011 858 1238 929 Χρύσης
1255 858 1553 930 γενόμενος
1572 863 1693 915 ἔλε-

17 963 145 1012 γεν,
166 937 280 996 ἀλλ’
302 943 379 996 ἔτι
398 936 732 1010 ὦς”Ομηρος,
763 936 904 994 οἷσθ’
925 937 1010 994 ὅτι
1030 937 1134 995 οὐκ
1153 934 1225 994 ἀν
1243 945 1466 1011 μίμησις
1482 934 1557 1012 ἦν
1575 937 1688 995 ἀλλ’

19 1020 166 1093 ἁπλῆ
181 1022 440 1093 διήγησις.
466 1018 572 1091 εἶχε
595 1018 639 1076 δ’
651 1017 723 1075 ἀν
743 1013 853 1076 ῶδέ
867 1040 996 1085 πως·
1019 1022 1216 1091 φράσω
1238 1023 1297 1077 δὲ
1314 1020 1451 1077 ἄνευ
1470 1023 1690 1094 μέτρου·

19 1100 88 1158 οὗ
108 1102 215 1173 γάρ
236 1107 343 1173 είμι
361 1101 654 1173 ποιητικός·
678 1100 863 1157 ἐλθών
882 1100 911 1158 ὁ
933 1101 1111 1172 ἱερεὺς
1127 1101 1312 1174 εὔχετο
1334 1105 1562 1168 ἐκείνοις
1590 1102 1692 1174 μὲν
1746 1120 1781 1162 Ε

19 1182 152 1249 τούς
166 1181 339 1247 θεοὺς
359 1187 558 1238 δοῦναι
576 1181 800 1247 ἑλόντας
822 1183 926 1254 τὴν
951 1189 1156 1253 Τροίαν
1184 1182 1390 1250 αὐτοῦς
1419 1189 1692 1256 σωθῆναι,

19 1263 121 1335 τήν
133 1265 190 1321 δὲ
201 1265 484 1335 θυγατέρα
504 1265 561 1318 οἱ
573 1269 738 1318 λῦσαι
758 1266 1088 1334 δεξαμένους
1106 1263 1310 1319 ἄποινα
1322 1266 1411 1320 καὶ
1437 1263 1535 1320 τὸν
1553 1262 1694 1320 θεὸν

21 1348 376 1411 αἰδεσθέντας
387 1389 400 1401 .
421 1349 593 1399 ταῦτα
607 1344 665 1400 δὲ
678 1344 927 1410 εἰπόντος
938 1343 1115 1400 αὐτοῦ
1126 1348 1183 1400 οἰ
1193 1347 1296 1416 μὲν
1307 1343 1464 1401 ἄλλοι
1479 1346 1692 1417 ἐσέβον-

20 1449 81 1483 το
95 1428 187 1483 καὶ
206 1426 506 1499 συνῄνουν,
527 1423 557 1480 ὁ
576 1427 634 1481 δὲ
644 1423 993 1498 Ἀγαμέμνων
1012 1424 1297 1498 ἠγρίαινεν
1308 1426 1695 1498 ἐντελλόμενος

20 1514 129 1563 νῦν
147 1529 204 1563 τε
222 1505 440 1563 ἀπιέναι
458 1510 547 1562 καὶ
567 1499 733 1571 αὖθις
762 1505 835 1577 μὴ
868 1509 1081 1578 ἐλθεῖν,
1122 1510 1198 1579 μὴ
1224 1505 1376 1582 αὐτῷ
1394 1507 1456 1564 τό
1475 1529 1533 1563 τε
1555 1514 1694 1579 σκῆ-

20 1612 196 1661 πτρον
215 1592 306 1645 καὶ
327 1588 392 1645 τά
411 1595 512 1645 τοῦ
527 1594 669 1645 θεοῦ
691 1592 963 1660 στέμματα
986 1588 1089 1645 οὐκ
1121 1591 1437 1661 ἐπαρκέσοι·
1477 1591 1610 1662 πρὶν
1634 1591 1694 1647 δὲ

20 1678 265 1742 λυθῆναι
277 1668 451 1726 αὐτοῦ
461 1669 563 1741 τήν
573 1671 872 1739 θυγατέρα,
889 1669 1145 1741 ἐν”Αργει
1156 1674 1263 1743 ἔφη
1282 1672 1548 1743 γηράσειν
1558 1670 1690 1743 μετὰ

19 1745 105 1808 οὔ·
119 1750 336 1808 ἀπιέναι
354 1750 398 1806 δ’
418 1754 633 1807 ἐκέλευε
644 1752 734 1806 καὶ
751 1748 823 1822 μὴ
844 1753 1123 1822 ἐρεθίζειν,
1153 1754 1247 1808 ἵνα
1268 1761 1377 1818 σῶς
1396 1757 1583 1810 οἴκαδε
1601 1757 1689 1810 ἔλ-
1721 1770 1808 1819 394

19 1841 128 1889 θοι.
152 1830 180 1888 ὁ
200 1834 259 1889 δὲ
279 1833 587 1904 πρεσβύτης
606 1832 849 1897 ἀκούσας
868 1835 1042 1888 ἔδεισέ
1050 1854 1108 1888 τε
1119 1836 1210 1888 καὶ
1222 1831 1384 1907 ἀπῄει
1395 1842 1540 1906 σιγῇ,
1561 1834 1691 1891 άπο-

19 1916 270 1986 χωρήσας
290 1918 348 1970 δὲ
365 1918 424 1969 ἐκ
438 1921 535 1969 τοῦ
550 1916 924 1983 στρατοπέδου
941 1913 1116 1971 πολλὰ
1136 1922 1214 1989 τῷ
1225 1913 1529 1972 Ἀπόλλωνι
1544 1916 1691 1988 εὔχε-

18 2017 80 2051 το
96 2038 108 2062 ,
138 1996 235 2059 τάς
254 2015 312 2050 τε
334 1997 646 2065 ἐπωνυμίας
672 2001 773 2051 τοῦ
791 2003 933 2051 θεοῦ
952 1994 1248 2052 ἀνακαλῶν
1267 1999 1358 2053 καὶ
1376 1995 1693 2070 ὑπομιμνή-

18 2094 171 2134 σκων
188 2077 280 2132 καὶ
297 2074 564 2146 ἀπαιτῶν,
586 2084 642 2131 εἴ
652 2098 704 2131 τι
723 2073 992 2148 πώποτεῆ
1013 2080 1074 2133 ἐν
1092 2084 1249 2134 ναῶν
1268 2080 1691 2151 οἰκοδομήσεσιν

17 2181 53 2230 η
29 2154 133 2214 'bv
153 2161 319 2227 ἱερῶν
342 2163 566 2222 θυσίαις
576 2161 971 2229 κεχαρισμένον
1001 2159 1322 2231 δωρήσαιτο·
1346 2182 1427 2216 ων
1439 2160 1505 2231 δὴ
1532 2161 1693 2232 χάριν

20 2238 311 2309 κατεύχετο
323 2249 467 2294 τῖσαι
475 2237 606 2304 τοὺς
621 2238 863 2310 Ἀχαιοὺς
873 2239 939 2296 τά
952 2238 989 2295 ἃ
1009 2241 1224 2310 δάκρυα
1243 2252 1356 2307 τοῖς
1374 2243 1591 2298 ἐκείνου
1609 2245 1693 2315 βέ-

23 2326 202 2376 λεσιν.
240 2341 442 2390 ουτως,
460 2314 533 2391 ἦν
551 2319 607 2376 δ’
627 2322 764 2391 ἐγώ,
804 2343 846 2377 ω
868 2324 1071 2393 εταῖρε,
1092 2321 1230 2379 ἄνευ
1248 2323 1526 2394 μιμήσεως
1544 2321 1691 2395 ἁπλῆ
1741 2341 1772 2381 Β

24 2398 269 2471 διήγησις
286 2407 543 2471 γίγνεται.
601 2404 902 2459 Μανθάνω
915 2446 931 2474 ‚
970 2407 1090 2475 ἔφη.

162 2484 267 2537 vu.
303 2482 582 2538 Μάνθανε
616 2490 835 2555 τοίνυν,
873 2480 947 2556 ἦν
983 2482 1031 2540 δ’
1073 2484 1182 2555 έγω’
1194 2526 1209 2555 ,
1259 2482 1343 2541 ὅτι
1377 2486 1580 2557 ταύτης
1617 2480 1694 2541 αὖ

21 2564 242 2617 ἐναντία
260 2565 530 2631 γίγνεται,
549 2560 684 2619 ὅταν
711 2586 790 2629 τις
806 2565 871 2620 τά
902 2572 1001 2620 τοῦ
1022 2572 1252 2636 ποιητοῦ
1272 2566 1337 2620 τὰ
1356 2564 1558 2636 μεταξὺ
1578 2572 1693 2621 τῶν

19 2643 238 2714 ῥήσεων
257 2644 488 2712 ἐξαιρῶν
505 2639 571 2699 τὰ
590 2640 848 2716 ἀμοιβαῖα
868 2651 1179 2717 καταλείπῃ.
1228 2648 1335 2701 Καὶ
1354 2653 1516 2703 τοῦτο
1531 2688 1545 2716 ,
1566 2652 1691 2719 ἔφη,

18 2724 321 2796 μανθάνω,
361 2723 444 2779 ὅτι
465 2729 577 2780 ἔστι
595 2723 656 2779 τὸ
678 2730 801 2794 περὶ
820 2725 917 2792 τὰς
936 2731 1241 2801 τραγῳδίας
1259 2734 1528 2785 τοιοῦτον.
1570 2727 1693 2802 Ὀρ-

20 2807 256 2875 θότατα,
293 2811 463 2876 ἔφην,
506 2804 773 2877 ὑπέλαβες
787 2848 801 2875 ,
842 2810 928 2863 καὶ
961 2806 1111 2879 οἶμαί
1145 2826 1231 2864 σοι
1270 2807 1375 2880 ἤδη
1409 2812 1620 2882 δηλοῦν
1661 2807 1694 2865 ὃ
