1962 3236
187 83 294 138 438
799 85 1275 134 ΠΛΑΤΩΝΟΣ
1791 96 1873 139 120

188 220 280 275 καὶ
303 219 525 286 τοξότας
553 217 931 289 σφενδονήτας
949 238 1007 271 τε
1037 217 1326 287 ἑκατέρους
1355 217 1475 288 δύο,
1502 224 1782 289 γυμνῆτας
1812 223 1871 276 δὲ

188 301 525 371 λιθοβόλους
560 302 651 355 καὶ
688 297 1013 363 ἀκοντιστὰς
1042 310 1187 370 τρεῖς
1223 299 1529 369 ἑκατέρους,
1571 300 1775 365 ναύτας
1814 302 1871 358 δὲ

186 384 447 451 τέτταρας
466 386 541 445 εἰς
559 380 828 451 πλήρωμα
851 384 1149 435 διακοσίων
1167 381 1259 435 καὶ
1276 387 1466 450 χιλίων
1489 387 1648 437 νεῶν.
1687 381 1753 437 τὰ
1772 381 1872 452 μὲν

187 455 293 517 οὖν
313 460 705 531 πολεμιστήρια
727 458 874 515 οὕτω
896 464 1198 516 διετέτακτο
1217 467 1312 529 τῆς
1332 467 1619 533 βασιλικῆς
1640 462 1868 533 πόλεως,

185 549 300 599 τῶν
321 543 378 597 δὲ
399 543 558 597 ἐννέα
585 541 724 598 ἄλλα
746 541 942 612 ἄλλως,
973 539 1009 597 ἃ
1033 541 1241 614 μακρὸς
1260 538 1331 597 ἂν
1349 542 1548 612 χρόνος
1568 551 1650 614 εἴη
1679 547 1872 614 λέγειν.

128 642 161 685 c
328 628 409 678 ΧΙ.
457 623 535 678 Τὰ
570 627 629 678 δὲ
649 630 760 679 τῶν
782 623 969 696 ἀρχῶν
990 626 1080 679 καὶ
1109 631 1286 695 τιμῶν
1316 618 1415 679 οἶδ’
1447 623 1588 694 εἶχεν
1619 628 1671 690 ἐξ
1705 624 1874 695 ἀρχῆς

189 708 649 776 διακοσμηθέντα.
693 712 806 761 τῶν
839 708 970 761 δέκα
999 708 1273 777 βασιλέων
1310 701 1385 770 εἷς
1421 707 1648 770 ἕκαστος
1683 709 1742 761 ἐν
1772 706 1874 776 μὲν

190 790 269 857 τςὸ
289 784 425 840 καθ’
445 783 618 841 αὑτὸν
645 790 796 856 μέρει
816 786 954 841 κατὰ
974 785 1076 858 τὴν
1105 785 1279 841 αὑτοῦ
1310 787 1474 841 πόλιν
1505 794 1617 842 τῶν
1647 785 1873 856 ἀνδρῶν

187 867 279 920 καὶ
305 871 420 921 τῶν
445 872 716 922 πλείστων
744 867 935 938 νόμων
962 861 1112 938 ἦρχε,
1142 866 1390 932 κολάζων
1418 869 1508 921 καὶ
1538 865 1875 932 ἀποκτιννῦς

189 944 368 1001 ὅντιν’
398 948 738 1017 ἐθελήσειεν·
787 946 820 1018 ἡ
858 949 917 1003 δὲ
947 952 1008 1003 ἐν
1035 946 1292 1018 ἀλλήλοις
1319 946 1456 1017 άρχὴ
1490 950 1582 1003 καὶ
1609 954 1872 1004 κοινωνία

186 1027 325 1083 κατὰ
345 1027 634 1094 ἐπιστολὰς
653 1023 727 1100 ἦν
745 1029 841 1094 τὰς
871 1036 972 1085 τοῦ
1002 1034 1371 1100 Ποσειδῶνος,
1409 1028 1482 1094 ὥς
1513 1027 1542 1084 ὁ
1574 1030 1746 1100 νόμος
1771 1027 1875 1084 αύ-

185 1120 299 1173 τοῖς
319 1112 602 1179 παρέδωκε
628 1112 718 1165 καὶ
749 1110 1041 1181 γράμματα
1069 1108 1178 1165 ὑπὸ
1209 1118 1321 1165 τῶν
1351 1110 1585 1180 πρώτων
1612 1113 1675 1166 ἐν
1705 1109 1875 1182 στήλῃ

187 1195 539 1262 γεγραμμένα
559 1190 925 1264 ὀρειχαλκίνῃ,
952 1191 989 1263 ἣ
1017 1190 1155 1247 κατὰ
1175 1195 1348 1263 μέσην
1367 1192 1470 1262 τὴν
1491 1200 1666 1262 νῆσον
1699 1196 1873 1247 ἔκειτο

122 1287 158 1328 D
184 1274 246 1327 ἐν
267 1275 398 1345 ἱερῷ
416 1276 784 1341 Ποσειδῶνος,
813 1270 866 1328 οἷ
883 1272 948 1342 δὴ
972 1273 1045 1328 δι’
1074 1275 1334 1328 ἐνιαυτοῦ
1365 1278 1630 1343 πέμπτου,
1661 1276 1782 1328 τοτὲ
1815 1276 1874 1328 δὲ

186 1353 418 1418 ἐναλλὰξ
440 1355 619 1424 ἕκτου,
653 1357 1032 1425 συνελέγοντο,
1055 1362 1134 1429 τῷ
1158 1377 1215 1410 τε
1236 1354 1404 1428 άρτίῳ
1427 1358 1518 1409 καὶ
1545 1361 1622 1427 τῷ
1643 1362 1874 1426 περιττῷ

187 1438 354 1506 μέρος
373 1443 496 1490 ἴσον
516 1434 902 1506 ἀπονέμοντες,
928 1437 1316 1506 ξυλλεγόμενοι
1338 1435 1396 1490 δὲ
1416 1442 1543 1505 περί
1559 1457 1617 1490 τε
1635 1443 1748 1490 τῶν
1763 1457 1872 1490 κοι-

185 1521 303 1571 νῶν
334 1517 698 1588 ἐβουλεύοντο
731 1521 822 1574 καὶ
851 1521 1104 1589 ἐξήταζον
1141 1527 1194 1574 εἴ
1226 1523 1303 1582 τίς
1330 1541 1381 1573 τι
1407 1524 1754 1589 παραβαίνοι,
1784 1518 1874 1571 καὶ

185 1600 446 1663 ἐδίκαζον.
471 1597 562 1653 ὅτε
581 1602 639 1654 δὲ
659 1601 897 1667 δικάζειν
909 1604 1178 1671 μέλλοιεν,
1194 1606 1400 1663 πίστεις
1414 1597 1671 1670 άλλήλοις
1689 1599 1873 1663 τοιάς-

184 1684 246 1735 δε
275 1682 532 1735 ἐδίδοσαν
562 1683 848 1753 πρότερον.
896 1682 1118 1753 ἀφέτων
1137 1681 1317 1738 ὄντων
1348 1683 1571 1749 ταύρων
1599 1685 1658 1737 ἐν
1677 1689 1754 1753 τῷ
1772 1688 1873 1735 τοῦ

185 1765 539 1827 Ποσειδῶνος
559 1765 707 1836 ἱερῷ,
739 1762 901 1834 μόνοι
932 1766 1250 1834 γιγνόμενοι
1279 1766 1411 1819 δέκα
1442 1762 1612 1832 ὄντες,
1642 1760 1873 1826 ἐπευξά-

124 1859 159 1901 Ε
185 1864 343 1914 μενοι
372 1850 451 1917 τῷ
475 1850 596 1916 θεῷ
630 1844 691 1898 τὸ
729 1847 1125 1915 κεχαρισμένον
1162 1842 1312 1919 αὐτῷ
1346 1850 1504 1914 θῦμα
1543 1845 1701 1913 ἑλεῖν,
1738 1842 1874 1896 ἄνευ

184 1923 421 1994 σιδήρου
453 1925 635 1989 ξύλοις
664 1926 755 1981 καὶ
783 1924 1004 1997 βρόχοις
1034 1926 1325 1996 ἐθήρευον,
1363 1922 1428 1980 ὃν
1465 1927 1523 1979 δὲ
1552 1926 1730 1980 ἕλοιεν
1759 1929 1873 1977 τῶν

186 2006 428 2074 ταύρων,
450 2005 588 2078 πρὸς
607 2006 709 2078 τὴν
742 2010 949 2079 στήλην
978 2008 1421 2078 προσαγαγόντες
1448 2004 1586 2061 κατὰ
1615 2002 1873 2073 κορυφὴν

187 2084 356 2155 αὐτῆς
389 2093 663 2157 ἔσφαττον
699 2089 837 2145 κατὰ
871 2096 982 2144 τῶν
1013 2089 1373 2159 γραμμάτων·
1423 2090 1482 2142 ἐν
1515 2086 1574 2141 δὲ
1601 2091 1667 2157 τῇ
1704 2085 1873 2156 στήλῃ

185 2166 324 2237 πρὸς
345 2181 458 2233 τοῖς
478 2171 668 2239 νόμοις
689 2169 853 2238 ὅρκος
872 2165 943 2239 ἦν
963 2171 1202 2240 μεγάλας
1221 2167 1359 2240 άράς
1379 2167 1745 2237 ἐπευχόμενος
1763 2178 1874 2230 τοῖς

190 2246 541 2304 ἀπειθοῦσιν.
582 2249 666 2304 ὅτ’
690 2245 797 2306 οῦν
817 2248 954 2306 κατὰ
985 2248 1116 2314 τοῦς
1146 2247 1331 2304 αὑτῶν
1363 2249 1571 2319 νόμους
1595 2248 1874 2311 θύσαντες

50 2342 158 2389 „120
189 2335 545 2400 καθαγίζοιεν
574 2331 753 2386 πάντα
782 2337 881 2387 τοῦ
914 2331 1127 2402 ταύρου
1154 2330 1221 2386 τά
1249 2334 1400 2401 μέλη,
1430 2336 1676 2401 κρατῆρα
1707 2328 1876 2398 κερά-

183 2427 386 2478 σαντες
415 2411 554 2483 ὑπὲρ
585 2413 821 2469 ἑκάστου
845 2413 1104 2484 θρόμβον
1134 2415 1430 2484 ἐνέβαλλον
1455 2415 1694 2482 αἵματος,
1724 2408 1790 2465 τὰ
1818 2407 1869 2463 δ’

193 2493 316 2550 ἄλλ’
359 2500 434 2560 εἰς
470 2493 532 2549 τὸ
571 2500 685 2565 πῦρ
723 2499 944 2566 ἔφερον,
983 2493 1457 2566 περικαθήραντες
1505 2491 1607 2563 τὴν
1644 2491 1871 2562 στήλην·

191 2576 325 2646 μετὰ
350 2578 409 2630 δὲ
426 2582 589 2630 τοῦτο
611 2588 836 2646 χρυσαῖς
860 2577 1083 2645 φιάλαις
1108 2577 1166 2630 ἐκ
1196 2580 1296 2629 τοῦ
1314 2579 1585 2646 κρατῆρος
1602 2571 1876 2641 ἀρυτόμε-

191 2678 298 2725 νοι,
325 2655 463 2712 κατὰ
484 2662 583 2711 τοῦ
613 2658 788 2724 πυρὸς
819 2661 1147 2720 σπένδοντες
1175 2656 1510 2726 ἐπώμνυσαν
1542 2654 1788 2710 δικάσειν
1815 2673 1873 2705 τε

193 2737 332 2793 κατὰ
355 2737 485 2804 τοῦς
508 2742 567 2794 ἐν
587 2746 653 2812 τῇ
674 2739 845 2811 στήλῃ
864 2738 1071 2810 νόμους
1089 2741 1180 2793 καὶ
1202 2736 1626 2800 κολάσεινεῖτίς
1653 2757 1707 2791 τι.
1733 2734 1875 2804 πρό-
