1962 3236
147 171 249 223 118
652 247 658 251 ²
757 175 1234 224 ΠΛΑΤΩΝΟΣ

146 308 279 362 τωσὶ
316 306 609 373 δόξαι·τὸ
643 306 701 362 δε
730 306 795 377 δὴ
829 306 1025 362 λοιπὸν
1055 305 1214 376 εἶδος,
1247 305 1320 363 δι’
1354 305 1384 364 ὃ
1415 331 1487 364 αν
1516 315 1594 366 ἔτι
1626 310 1824 383 ἀρετῆς

144 388 358 458 μετέχοι
376 387 548 458 πόλις,
569 391 626 443 τί
641 383 764 442 ποτ’
795 382 867 439 ἂν
887 394 993 456 εἴης
1034 389 1204 457 δῆλον
1224 387 1350 460 γάρ,
1373 388 1458 444 ὅτι
1477 391 1642 445 τοῦτό
1672 393 1821 446 ἐστιν

144 466 178 539 ἡ
201 468 541 539 δικαιοσύνη.
575 474 781 538 Δῆλον.
825 465 1069 539 Οὐκοῦν,
1093 471 1135 523 ὠ
1154 470 1445 540 Γλαύκων,
1465 477 1575 526 νῦν
1595 469 1708 543 δὴ”
1681 478 1823 543 ημᾶς

146 552 230 604 δεῖ
247 547 430 621 ὤσπερ
452 552 753 620 κυνηγέτας
781 547 935 613 τινὰς
963 549 1189 620 θάμνον
1215 551 1402 625 κύκλῳ
1435 557 1821 623 περιίστασθαι

146 634 511 701 προσέχοντας
528 629 628 686 τὸν
646 637 804 699 νοῦν,
826 631 901 702 μή
929 651 1005 703 πη
1034 631 1282 704 διαφύγῃ
1309 631 1342 703 ἡ
1372 635 1697 705 δικαιοσύνη
1728 636 1820 690 καὶ

83 715 114 757 0
146 710 519 781 ἀφανισθεῖσα
539 711 741 782 ἄδηλος
762 715 980 783 γένηται
996 736 1007 746 ·
1045 712 1296 785 φανερὸν
1312 715 1419 787 γὰρ
1450 714 1515 787 δὴ
1539 714 1621 771 ὅτι
1647 716 1820 788 ταύτῃ

147 815 223 867 πῃ
241 799 391 850 ἔστιν
404 817 416 828 ·
453 793 557 867 ὅρα
577 789 684 851 οῦν
707 797 796 852 καὶ
813 803 1115 867 προθυμοῦ
1133 801 1391 869 κατιδεῖν,
1424 798 1522 854 ἐάν
1540 819 1657 863 πως
1676 799 1818 870 πρό-

144 897 300 948 τερος
330 879 466 947 ἐμοῦ
498 880 618 950 ἴδῃς
646 880 737 933 καὶ
765 880 881 948 ἐμοὶ
908 877 1138 949 φράσῃς.
1192 883 1263 933 Εἰ
1278 877 1385 948 γὰρ
1415 879 1651 949 ὤφελον,
1681 883 1814 950 ἔφη·

145 954 285 1012 ἀλλὰ
305 964 533 1029 μᾶλλον,
556 959 655 1014 ἐάν
672 981 764 1029 μοι
785 961 1031 1031 ἑπομένῳ
1050 965 1155 1029 χρῇ
1172 959 1261 1014 καὶ
1278 957 1345 1013 τὰ
1367 961 1695 1030 δεικνύμενα
1715 964 1817 1015 δυ·-

144 1043 363 1113 ναμένω
385 1046 658 1113 καθορᾶν,
680 1039 831 1095 πάνυ
851 1061 943 1109 μοι
961 1045 1190 1109 μετρίως
1207 1040 1411 1110 χρήσει.
1455 1039 1647 1110 Έπου,
1667 1043 1739 1111 ἠν
1759 1038 1814 1095 δ’

72 1172 74 1175 .
142 1120 269 1190 ἐγώ,
291 1117 591 1191 εὐξάμενος
609 1118 725 1191 μετ’
748 1123 900 1191 ἐμοῦ.
921 1120 1148 1191 Ποιήσω
1178 1127 1368 1191 ταῦτα,
1399 1120 1537 1177 ἀλλὰ
1555 1122 1749 1192 μόνον,
1780 1114 1818 1192 ἦ

145 1199 198 1257 δ’
219 1201 298 1273 ός,
320 1199 477 1273 ἡγοῦ.
514 1204 623 1257 Καὶ
642 1203 770 1273 μήν,
792 1201 948 1257 εἷπον
968 1201 1092 1272 ἐγώ,
1123 1201 1397 1273 δύσβατός
1415 1204 1482 1271 γέ
1494 1223 1574 1266 τις
1591 1199 1620 1257 ὁ
1650 1202 1819 1265 τόπος

145 1289 399 1354 φαίνεται
427 1285 518 1339 καὶ
545 1286 813 1349 ἐπίσκιος·
861 1287 973 1338 ἔστι
1000 1289 1142 1352 γοῦν
1169 1283 1446 1347 σκοτεινὸς
1475 1284 1567 1338 καὶ
1596 1287 1818 1338 δυσδιε-

86 1376 119 1414 1)
152 1365 437 1435 ρεύνητος·
477 1362 615 1421 ἀλλά
635 1362 742 1434 γάρ
762 1362 909 1435 ὅμως
931 1367 1089 1420 ἰτέον.
1123 1362 1284 1420 Ἰτέον
1302 1365 1428 1436 γάρ,
1450 1369 1570 1435 ἔφη.
1600 1367 1690 1419 καὶ
1710 1361 1811 1433 ἐγώ

143 1443 385 1500 κατιδων
415 1442 522 1499 Ἰοῦ
553 1444 660 1515 ἰού,
701 1443 874 1513 εἶπον,
909 1437 955 1499 ὦ
979 1443 1275 1499 Γλαύκων·
1324 1445 1727 1515 κινδυνεύομέν
1764 1465 1817 1498 τι

145 1532 287 1597 ἔχειν
309 1533 473 1596 ἴχνος,
496 1531 591 1581 καί
605 1548 698 1596 μοι
718 1530 874 1582 δοκεῖ
888 1524 957 1580 οῦ
983 1525 1135 1581 πάνυ
1163 1549 1215 1581 τι
1242 1528 1631 1597 ἐκφευξεῖσθαι
1657 1524 1814 1596 ἡμᾶς.

143 1601 230 1664 Εὖ
266 1605 560 1677 ἀγγέλλεις,
589 1602 626 1678 ἦ
656 1605 706 1662 δ’
742 1606 817 1672 ὅς.
862 1600 935 1663 Ἦ
956 1608 1082 1679 μήν,
1111 1601 1182 1678 ἦν
1211 1605 1267 1662 δ’
1298 1607 1421 1677 ἐγώ,
1453 1607 1720 1678 βλακικόν
1753 1627 1816 1675 γε

143 1687 303 1761 ἡμῶν
322 1689 382 1745 τὸ
406 1690 604 1754 πάθος.
648 1687 721 1744 Τὸ
744 1701 930 1754 ποῖον;
965 1690 1163 1759 Πάλαι,
1200 1683 1246 1744 ὦ
1275 1687 1526 1759 μακάριε,
1563 1692 1815 1758 φαίνεται

146 1768 252 1841 πρὸ
275 1775 463 1825 ποδῶν
481 1771 612 1841 ἡμῖν
636 1775 688 1837 ἐξ
712 1768 879 1841 ἀρχῆς
897 1774 1294 1841 κυλινδεῖσθαι,
1325 1772 1417 1826 καὶ
1438 1768 1539 1841 οὐχ
1558 1771 1814 1841 ἑωρῶμεν

147 1850 237 1924 ἄρ’
261 1851 417 1922 αὐτό,
441 1850 566 1908 ἀλλ’
596 1847 735 1923 ἦμεν
754 1851 1274 1922 καταγελαστότατοι
1288 1873 1299 1884 ·
1345 1850 1527 1922 ὥσπερ
1547 1854 1604 1907 oc
1618 1853 1680 1906 ἐν
1699 1861 1815 1914 ταῖς

82 1952 115 1992 E
146 1937 331 2005 χερσὶν
352 1939 565 2004 ἔχοντες
577 1939 829 2004 ζητοῦσιν
848 1936 1019 1990 ἐνίοτε
1039 1931 1068 1988 ὃ
1091 1938 1290 2003 ἔχουσι,
1312 1935 1403 1988 καὶ
1420 1931 1572 2003 ἡμεῖς
1586 1935 1660 1995 εἰς
1679 1929 1813 1985 αὐτὸ

144 2018 245 2086 μὲν
264 2014 368 2071 οὐκ
389 2013 785 2087 ἀπεβλέπομεν,
807 2016 997 2087 πόρρω
1019 2018 1082 2070 δέ
1097 2037 1191 2070 ποι
1222 2013 1662 2082 ἀπεσκοποῦμεν,
1691 2005 1728 2082 ᾗ
1747 2010 1812 2082 δὴ

144 2098 234 2151 καὶ
269 2096 582 2152 ἐλάνθανεν
629 2104 759 2161 ἴσως
792 2094 946 2167 ἡμᾶς.
1008 2101 1154 2164 Πῶς,
1196 2099 1318 2164 ἔφη,
1355 2096 1552 2163 λέγεις;
1603 2090 1811 2162 Οὕτως,

144 2176 318 2248 εἷπον,
339 2174 411 2241 ὡς
431 2180 706 2247 δοκοῦμέν
726 2199 818 2247 μοι
846 2178 938 2231 καὶ
960 2179 1211 2245 λέγοντες
1238 2171 1370 2230 αὐτὸ
1401 2175 1491 2229 καὶ
1520 2172 1815 2237 ἀκούοντες

140 2259 313 2314 πάλαι
341 2255 409 2313 οὐ
445 2259 758 2329 μανθάνειν
786 2255 943 2329 ἡμῶν
971 2256 1173 2327 αὐτῶν,
1207 2255 1291 2312 ὅτι
1319 2259 1576 2326 ἐλέγομεν
1607 2255 1815 2326 τρόπον

142 2338 266 2396 τινὰ
299 2336 453 2395 αὐτό.
491 2340 750 2410 Μακρόν,
781 2343 904 2410 ἔφη,
935 2338 993 2394 τὸ
1026 2344 1316 2410 προοίμιον
1343 2344 1418 2410 τῷ
1448 2341 1815 2408 ἐπιθυμοῦντι

143 2419 394 2476 ἀκοῦσαμ

23 2517 118 2563 433
284 2507 343 2557 Χ.
378 2501 540 2570 Ἀλλ’,
559 2494 631 2571 ἦν
651 2498 702 2555 δ’
735 2500 859 2570 ἐγώ,
892 2499 1078 2567 ἄκουε,
1113 2508 1164 2554 εἴ
1186 2522 1236 2554 τι
1255 2499 1362 2567 ἄρα
1388 2501 1542 2567 λέγω.
1581 2495 1614 2552 ὂ
1633 2497 1738 2567 γὰρ
1760 2500 1814 2562 ἐξ

147 2584 317 2654 ἀρχῆς
338 2583 582 2653 ἐθέμεθα
603 2584 719 2636 δεῖν
732 2591 909 2636 ποιεῖν
929 2579 1018 2635 διὰ
1039 2581 1260 2648 παντός,
1283 2579 1373 2634 ὅτε
1387 2581 1488 2649 τὴν
1507 2578 1668 2633 πόλιν
1681 2598 1814 2632 κατ-

147 2669 429 2737 ῳκίζομεν,
459 2662 622 2718 τοῦτό
652 2667 818 2730 ἐστιν,
841 2660 915 2725 ὠς
934 2663 1050 2732 ἐμοὶ
1070 2665 1234 2730 δοκεῖ,
1248 2660 1368 2731 ἤτοι
1382 2660 1581 2715 τούτου
1603 2679 1654 2712 τι
1673 2656 1812 2718 εἶδος

144 2744 179 2817 ἡ
203 2744 539 2815 δικαιοσύνη.
577 2746 821 2814 ἐθέμεθα
855 2746 913 2798 δὲ
943 2744 1122 2814 δήπου
1150 2744 1240 2797 καὶ
1261 2739 1520 2802 πολλάκις
1539 2739 1812 2807 ἐλέγομεν,

148 2831 197 2881 εἰ
212 2828 498 2895 μέμνησαι,
520 2823 603 2880 ὅτι
623 2827 720 2880 ἕνα
740 2826 971 2879 ἕκαστον
994 2826 1057 2877 ἓν
1077 2827 1190 2878 δέοι
1210 2818 1544 2890 ἐπιτηδεύειν
1565 2826 1676 2873 τῶν
1695 2820 1816 2886 περὶ
