1962 3236
606 151 1092 205 ΠοΛΙΤΕῙΑΣ
1122 145 1194 219 ης
1626 149 1728 202 241

0 319 1 336 ι
41 292 154 362 κός,
194 297 318 363 ἔφη.
355 291 581 347 Ἐπειτά
614 311 695 360 γε,
721 288 887 359 οἶμαι,
927 288 1094 354 ἄλλος
1130 287 1306 344 ἄλλον
1342 285 1493 356 ὁρῶν
1531 289 1621 342 καὶ
1655 291 1732 350 εἰς

41 378 204 444 ζῆλον
225 372 328 429 ι’ὠν
348 372 409 429 τὸ
435 380 653 443 πλῆθος
670 377 928 427 τοιοῦτον
947 368 1135 426 αὐτῶν
1155 368 1580 441 ἀπειργάσαντο.
1628 373 1728 423 Εἰ-

40 454 151 520 κός.
197 453 555 510 Τούντεῦθεν
571 459 783 523 τοίνυν,
798 451 971 523 εἷπον,
995 452 1283 521 προϊόντες
1304 457 1379 516 εἰς
1391 450 1452 506 τὸ
1475 450 1730 519 πρόσθεν

41 541 142 590 τοῦ
173 541 615 606 χρηματίζεσθαι,
651 532 765 606 ὅσῳ
793 530 865 587 ἀν
897 539 1063 588 τοῦτο
1105 534 1430 630 τιμιώτερον
1465 529 1727 603 ἡγωνται,

39 617 286 689 τοσούτῳ
308 615 513 687 ἀρετὴν
532 615 876 686 ἀτιμοτέραν.
916 610 952 684 ἢ
969 613 1072 684 οὐχ
1102 613 1251 670 οὕτω
1283 615 1532 670 πλούτου
1561 612 1727 714 ἀρετη

41 702 340 771 διέστηκεν,
363 715 546 766 ωσπερ
578 700 638 752 ἐν
659 695 954 766 πλάστιγγι
978 701 1148 766 ζυγοῦ
1180 700 1436 766 κειμένου
1469 697 1730 764 ἑκατέρου
1790 758 1801 776 ι.
1902 743 1906 766 3
1960 709 1962 717 ·

0 777 126 921 ’ἀεὶ
163 778 491 835 τουνα-’ντιον
522 780 781 850 ῥέποντε,
820 780 929 832 Καὶ
959 774 1110 847 μάλ’,
1141 781 1262 847 ἔφη.
1309 781 1633 847 Τιμωμένου
1663 772 1730 847 δὴ

43 861 292 915 πλούτου
311 863 372 915 ἐν
391 860 550 915 πόλει
566 860 656 914 καὶ
688 865 802 914 τῶν
836 864 1121 913 πλουσίων
1150 856 1442 928 ἀτιμοτέρα
1472 857 1639 927 άρετή
1671 878 1727 911 τε
1760 876 1867 926 551,

43 944 130 996 καὶ
170 946 226 996 οἱ
259 941 479 1012 ἀγαθοί.
523 948 730 1011 Δῆλον.
777 938 1043 994 Ἀσκεῖται
1075 938 1141 1010 δὴ
1179 938 1240 994 τὸ
1279 937 1362 995 ἀεὶ
1398 939 1730 1010 τιμώμενον,

43 1021 317 1092 ἀμελεῖται
340 1025 397 1078 δὲ
424 1020 486 1078 τὸ
508 1020 927 1092 άτιμαζόμενον.
967 1019 1176 1085 Οὕτως.
1212 1020 1355 1075 Ἀντὶ
1386 1020 1452 1091 δὴ
1484 1023 1732 1089 φιλονεί-

45 1127 162 1159 κων
197 1107 287 1160 καὶ
326 1110 631 1173 φιλοτίμων
667 1102 893 1172 ἀνδρῶν
930 1103 1416 1173 φιλοχρηματισταὶ
1447 1103 1539 1157 καὶ
1569 1107 1733 1171 φιλο-

43 1186 308 1255 χρήματοι
346 1190 707 1248 τελευτῶντες
743 1186 1018 1254 ἐγένοντο,
1059 1186 1149 1238 καὶ
1182 1206 1282 1238 τον
1313 1183 1416 1254 μὲν
1460 1182 1734 1238 πλούσιον

40 1267 336 1321 ἐπαινοῦσί
358 1287 415 1320 τε
444 1266 535 1320 καὶ
556 1264 913 1335 θαυμάζουσι
948 1266 1039 1319 καὶ
1077 1270 1153 1328 εἰς
1182 1263 1279 1327 τὰς
1311 1261 1480 1333 άρχάς
1512 1263 1732 1359 ἄγουσι,

42 1346 142 1401 τὸν
160 1345 218 1401 δὲ
248 1350 454 1416 πένητα
484 1343 856 1415 ἀτιμάζουσιν.
905 1344 1074 1399 Πάνυ
1110 1366 1189 1414 γε.
1234 1342 1464 1399 Οὐκοῦν
1500 1345 1624 1399 τότε
1663 1341 1729 1414 δὴ

46 1426 223 1495 νόμον
258 1434 506 1482 τίθενται
547 1425 683 1497 ὅρον
731 1430 1004 1490 πολιτείας
1048 1424 1396 1497 ὀλιγαρχικῆς
1438 1426 1732 1497 ταξάμενοι
1763 1445 1796 1485 Β

44 1516 260 1579 πλῆθος
280 1510 592 1581 χρημάτων,
627 1502 699 1574 οὗ
729 1531 832 1580 μεν
861 1515 1074 1580 μᾶλλον
1105 1506 1408 1580 ὀλιγαρχία,
1440 1512 1628 1582 πλέον,
1662 1511 1732 1565 οὐ

45 1588 98 1644 δ’
123 1583 308 1661 ἦττον,
329 1596 574 1662 ἔλαττον,
595 1590 955 1660 προειπόντες
974 1590 1160 1662 ἄρχων
1183 1589 1257 1662 μὴ
1290 1593 1555 1690 μετέχειν,
1588 1593 1630 1665 ςὸ
1661 1589 1734 1648 ἂν

44 1670 117 1742 μὴ
152 1693 187 1743 η
222 1670 383 1727 οὐσία
412 1677 486 1737 εἰς
517 1673 579 1727 τό
611 1671 818 1742 ταχθὲν
846 1679 1067 1766 τίμημα,
1103 1679 1275 1727 ταῦτα
1308 1674 1366 1728 δὲ
1395 1671 1432 1744 ἢ
1468 1679 1562 1745 βία
1599 1671 1729 1745 μεθ’

44 1750 232 1807 ὅπλων
246 1749 733 1848 διαπράττονται,
709 1751 742 1823 η’
762 1755 852 1807 καὶ
865 1750 970 1821 πρὸ
993 1752 1196 1807 τούτου
1215 1754 1561 1824 φοβήσαντες
1581 1776 1732 1810 κατε-

50 1834 321 1904 στήσαντο
333 1831 708 1904 τὴντοιαύτην
728 1839 1022 1888 πολιτειαν.
1045 1830 1081 1904 ἢ
1100 1830 1200 1903 οὐχ
1220 1831 1422 1898 οὕτως·
1410 1877 1423 1898 ,
1446 1833 1612 1890 Οὕτω
1632 1837 1734 1905 μὲν

47 1909 168 1970 οὖν.
201 1912 271 1969 Ἡ
281 1914 383 1984 μὲν
405 1914 472 1986 δὴ
493 1914 821 1979 κατάστασις
841 1913 914 1979 ὡς
936 1919 1066 1980 ἔπος
1085 1919 1256 1970 εἰπεῖν
1277 1913 1432 1986 αὕτη.
1456 1922 1587 1986 Ναί,
1608 1921 1731 1987 ἔφη·

46 1994 185 2053 ἀλλὰ
206 2001 287 2061 τίς
311 1998 377 2067 δὴ
399 1995 429 2051 ὁ
450 1997 653 2064 τρόπος
675 2004 770 2068 τῆς
795 2002 1086 2068 πολιτείας,
1108 1999 1200 2053 καὶ
1219 1996 1347 2053 ποῖά
1372 1999 1521 2053 ἐστιν
1540 1995 1578 2053 ὁὶ
1595 2004 1734 2068 ἑφα-

46 2099 149 2149 μεν
168 2075 346 2149 αὐτὴν
365 2076 726 2148 ἁμαρτήματα
751 2083 917 2149 ἔχειν;
1766 2103 1796 2143 (3

187 2165 290 2215 vll.
328 2166 566 2231 Πρῶτον
583 2164 704 2232 μέν,
725 2166 884 2232 ἔφην,
907 2168 1070 2217 τοῦτο
1100 2160 1258 2232 αὐτό,
1280 2160 1410 2231 ὅρος
1429 2161 1601 2232 αὐτῆς
1619 2157 1733 2227 οἷός

48 2244 212 2296 ἐστιν.
249 2241 414 2309 ἄθρει
444 2242 571 2312 γάρ,
605 2247 655 2298 εἰ
681 2248 828 2298 νεῶν
857 2240 1003 2298 οὕτω
1040 2266 1121 2309 τις
1159 2256 1370 2299 ποιοῖτο
1389 2242 1734 2315 κυβερνήτας

49 2321 158 2377 ἀπὸ
181 2322 519 2393 τιμημάτων,
547 2327 626 2396 τῷ
657 2325 715 2379 δὲ
746 2325 955 2395 πένητι,
999 2329 1048 2381 εἰ
1073 2327 1164 2381 καὶ
1194 2324 1734 2397 κυβερνητικώτερος

47 2412 149 2474 εἴη,
172 2402 244 2474 μὴ
276 2406 566 2472 ἐπιτρέποι.
607 2405 893 2476 Πονηράν,
923 2400 959 2477 ἦ
989 2403 1042 2461 δ’
1074 2405 1152 2476 ὅς,
1178 2407 1279 2479 τὴν
1314 2430 1380 2463 ,ια
1392 2412 1598 2463 υτιλίαν
1628 2403 1733 2462 αὐ·-

47 2485 180 2549 τοὺς
200 2490 605 2541 ναυτίλλεσθαι.
649 2485 879 2543 Οὐκοῦν
898 2491 988 2544 καὶ
1009 2493 1132 2559 περὶ
1153 2488 1328 2545 ἄλλον
1357 2491 1535 2554 οὕτως
1567 2487 1731 2546 ὁτου-

47 2574 152 2622 οῦν
183 2567 239 2638 [ἤ
267 2574 434 2636 τινος]
471 2566 665 2639 domm
708 2568 872 2640 Οἶμαι
903 2574 1089 2640 ἔγωγε.
1125 2570 1285 2642 Πλὴν
1314 2571 1544 2640 πόλεως,
1572 2564 1643 2640 ἦν
1675 2567 1727 2624 δ’

45 2649 172 2718 ἐγώ,
219 2644 255 2719 ἢ
293 2653 380 2705 καὶ
419 2651 630 2715 πόλεως
654 2654 800 2719 πέρι;
851 2651 1011 2707 Πολύ
1046 2650 1122 2721 γ’,
1171 2658 1295 2723 ἔφη,
1325 2652 1579 2723 μάλιστα,
1618 2650 1731 2726 ὅσῳ

46 2731 399 2803 χαλεπωτάτη
421 2735 510 2786 καὶ
530 2753 754 2804 μεγιστη
774 2733 807 2804 ἡ
827 2732 984 2805 ἀρχή.
1011 2731 1109 2788 Ἕν
1128 2734 1230 2804 μὲν
1251 2732 1317 2805 δὴ
1339 2741 1503 2789 τοῦτο
1531 2741 1730 2789 τοσοῦ-
1763 2753 1798 2793 D

46 2833 144 2868 τον
165 2816 447 2936 όιλιγαρχία
470 2810 540 2868 ἄν
562 2821 672 2886 ἔχοι
696 2815 1006 2888 ἁμάρτημα.
1054 2821 1327 2872 Φαίνεται.
1375 2822 1443 2873 Τι’
1465 2819 1561 2872 δαί
1569 2840 1584 2884 ;
1604 2814 1729 2873 τόδε

223 2906 337 2935 zuo
425 2893 451 2937 “.
1400 2898 1453 2943 16
