1962 3236
1021 0 1058 25 *a
1092 0 1150 11 νυν
1164 6 1211 29 ,33
1232 0 1297 27 ζ]
1327 0 1372 18 ,ω’
1392 0 1402 10 ’-
1432 0 1447 22 ἢ
1470 0 1566 31 >15:2⁷1
1590 0 1791 34 ‚g‘ss-qsissth’x
1808 0 1962 35 {yssvvgzffif

1274 34 1294 38 ·“
1459 31 1461 33 ’
1483 35 1487 38 ’
1512 32 1518 45 ξ
1570 31 1580 36 “
1631 32 1642 46 ’,
1683 39 1689 42 .
1709 35 1718 42 ae
1740 33 1748 47 ς
1927 37 1931 42 .
1956 31 1962 46 ‘.

201 136 306 186 260
818 137 1294 186 ΠΛΑΤΩΝΟΣ

203 269 335 335 δοὺς
354 282 468 336 τοῖς
487 275 790 340 πολεμίοις;
827 260 1044 323 τούτων
1064 261 1291 323 πάντων
1320 271 1481 326 ἕνεκα
1509 271 1767 344 τυράννῳ
1799 271 1881 327 ἀεὶ

202 349 416 423 ἀνάγκη
434 353 678 423 πόλεμον
696 350 982 420 ταράττειν
996 375 1010 416 3
1026 346 1278 420 Ἀνάγκη.
1319 354 1504 405 Ταῦτα
1525 351 1591 422 δὴ
1612 358 1880 408 ποιοῦντα

201 434 421 504 ἕτοιμον
460 438 671 503 μᾶλλον
708 430 1130 500 ἀπεχθάνεσθαι
1158 442 1271 496 τοῖς
1300 436 1569 498 πολίταις;
1619 438 1748 497 Πῶς
1776 435 1882 504 γὰρ

202 513 298 580 οὕ;
340 512 568 569 Οὐκοῦν
588 517 684 567 καί
699 533 851 576 τινας
870 516 982 566 τῶν
1002 513 1571 583 ξυγκαταστησάντων
1591 515 1759 569 καὶέν
1780 518 1882 568 δυ-

201 596 363 665 νάμει
401 594 582 649 ὄντων
618 593 1093 664 παρρησιάζεσθαι
1127 594 1219 648 καὶ
1257 594 1394 661 πρὸς
1419 592 1594 649 αὐτὸν
1624 597 1714 650 καὶ
1743 593 1882 667 πρὸς

201 675 491 746 ἀλλήλους,
524 674 947 746 ἐπιπλήττοντας
977 686 1088 739 τοῖς
1110 678 1471 745 γιγνομένοις,
1504 681 1559 730 οἳ
1585 672 1654 730 ἂν
1681 676 1883 747 τυγχά-

201 773 374 812 νωσιν
395 754 794 826 ἀνδρικώτατοι
816 756 997 822 &vves-3
1020 756 1187 820 Εἰκός
1204 778 1281 826 γε.
1314 754 1647 824 ’Τπεξαιρεῖν
1668 758 1732 827 δὴ
1753 756 1884 812 τού-

200 859 330 903 τους
350 837 562 901 πάντας
594 841 680 893 δεῖ
707 837 806 893 τὸν
838 837 1134 907 τύραννον,
1167 843 1218 893 εί
1241 839 1424 907 μέλλει
1449 837 1654 909 ἄρξειν,
1686 840 1786 903 ἕως
1813 835 1883 893 ἄν

201 919 337 990 μήτε
374 925 554 989 φίλων
593 917 718 989 μήτ’
761 922 981 989 ἐχθρῶν
1012 925 1143 991 λίπῃ
1172 921 1400 989 μηδένα,
1425 917 1558 973 ὅτου
1587 940 1637 972 τι
1667 918 1882 988 ὄφελος.

202 1006 412 1070 Δῆλον.
448 1000 635 1066 Ὀξέως
654 1001 762 1071 ἄρα
782 1005 869 1056 δεῖ
893 999 1035 1074 ὁρᾷν
1056 998 1245 1070 αὐτόν,
1279 1005 1357 1064 τίς
1385 998 1653 1070 ἀνδρεῖος,
1683 1004 1763 1064 τίς
1788 1022 1885 1071 με·-

145 1097 176 1139 G
202 1081 521 1152 γαλόφρων,
547 1089 626 1146 τίς
645 1082 931 1152 φρόνιμος,
964 1087 1041 1147 τίς
1061 1080 1345 1145 πλούσιος·
1381 1083 1472 1135 καὶ
1496 1079 1671 1144 οὕτως
1701 1079 1886 1137 εὐδαί-

206 1185 326 1234 μων
346 1166 511 1232 ἐστίν,
543 1162 682 1218 ὥστε
703 1162 919 1228 τούτοις
948 1163 1155 1218 ἅπασιν
1174 1161 1388 1233 ἀνάγκη
1410 1160 1579 1233 αὐτῷ,
1611 1170 1716 1217 εἴτε
1748 1162 1885 1234 βού-

205 1252 354 1300 λεται
392 1252 496 1300 εἴτε
527 1245 619 1315 μή,
659 1250 901 1318 πολεμίῳ
939 1243 1078 1300 εἶναι
1114 1247 1205 1300 καὶ
1243 1243 1639 1315 ἐπιβουλεύειν,
1676 1246 1775 1307 ἕως
1814 1241 1883 1298 ἄν

205 1326 428 1398 καθήρῃ
446 1325 548 1397 τὴν
569 1326 747 1384 πόλιν.
780 1327 971 1382 Καλόν
991 1349 1071 1398 γε,
1095 1333 1218 1398 ἔφη,
1239 1327 1549 1396 καθαρμόν.
1587 1331 1716 1395 Ναί,
1738 1319 1807 1396 ἦν
1831 1324 1880 1380 δ’

205 1409 330 1480 ἐγώ,
368 1407 466 1464 τὸν
509 1412 762 1463 ἐναντίον
798 1405 833 1478 ἢ
866 1411 922 1463 οἱ
958 1410 1131 1478 ιάτροὶ
1169 1407 1233 1463 τοὶ
1274 1407 1521 1478 σώματα·
1561 1411 1616 1462 οἱ
1651 1410 1750 1477 μὲν
1779 1409 1884 1477 γὰρ

203 1489 264 1546 τὸ
303 1495 576 1561 χείριστον
615 1487 983 1559 ἀφαιροῦντες
1031 1496 1281 1546 λείπουσι
1322 1489 1380 1544 τό
1419 1493 1720 1559 βέλτιστον,
1759 1486 1786 1544 ὁ
1827 1490 1884 1543 δὲ

203 1571 550 1628 τούναντίον.
621 1569 712 1636 Ὡς
745 1575 888 1627 ἔοικε
924 1572 1048 1644 γάρ,
1091 1571 1257 1645 αὐτῷ,
1299 1577 1422 1642 ἔφη,
1459 1569 1691 1641 ἀνάγκη,
1732 1578 1883 1636 εἴπερ

204 1653 366 1734 άρξει.

352 1740 525 1790 XVIII.
562 1734 648 1790 'Ev
667 1740 907 1806 μακαρία
927 1735 1052 1805 ἄρα,
1085 1734 1239 1790 εἶπον
1268 1735 1392 1805 ἐγώ,
1425 1732 1640 1804 ἀνάγκῃ
1660 1736 1886 1802 δέδεται,

201 1813 236 1885 ἢ
265 1817 591 1886 προστάττει
621 1813 772 1887 αυτῷ
801 1812 837 1886 ἦ
870 1815 1002 1885 μετὰ
1038 1817 1271 1886 φαύλων
1311 1836 1424 1870 των
1462 1821 1685 1869 πολλῶν
1716 1822 1887 1870 οἰκειν

203 1901 291 1952 καὶ
311 1895 420 1952 ὑπὸ
453 1897 668 1953 τούτων
700 1894 1094 1967 μισούμενονῆ
1122 1897 1194 1968 μὴ
1222 1903 1331 1969 ζῇν.
1378 1895 1465 1951 Ἐν
1493 1896 1738 1967 τοιαύτῃ,
1767 1889 1804 1965 ἦ
1832 1895 1879 1949 δ’

205 1976 279 2042 ὅς.
308 1972 423 2048 Ἆρ’
445 1971 552 2033 οὖν
574 1976 712 2048 οὐχί,
735 1976 848 2050 ὅσῳ
879 1974 950 2031 ἄν
980 1985 1192 2048 μᾶλλον
1220 1990 1330 2041 τοῖς
1361 1982 1605 2040 πολίταις
1634 1973 1882 2045 ἀπεχθά-

203 2082 364 2130 νηται
403 2065 576 2117 ταῦτα
614 2063 781 2128 δρῶν,
822 2060 1068 2132 τοσούτῳ
1108 2059 1380 2114 πλειόνων
1422 2059 1514 2112 καὶ
1552 2060 1885 2126 πιστοτέρων

206 2140 542 2211 δορυφόρων
565 2140 840 2210 δεήσεται;
871 2145 1001 2203 Πεός
1019 2139 1126 2211 γὰρ
1155 2139 1254 2204 οὔ;
1297 2143 1453 2202 Τίνες
1474 2133 1579 2192 οὖν
1602 2142 1658 2193 οἱ
1684 2143 1881 2206 πιστοί,

205 2225 297 2276 καὶ
319 2220 500 2276 πόθεν
521 2219 726 2285 αὐτούς
752 2222 1183 2291 μεταπέμψεται;
1221 2218 1556 2290 Αύτόματοι,
1590 2224 1713 2289 ἔφη,
1745 2225 1882 2273 πολ-

205 2305 291 2358 λοὶ
327 2301 520 2372 ἥξουσι
556 2301 863 2372 πετόμενοι,
894 2302 991 2356 εἀν
1028 2301 1125 2356 τὸν
1152 2298 1361 2372 μισθὸν
1391 2303 1541 2372 διδῷ.
1598 2306 1885 2370 Κηφῆνας,

205 2377 278 2455 ἦν
298 2382 352 2439 δ’
378 2383 503 2454 ε’γεό,
528 2383 595 2454 νὴ
616 2381 716 2440 τόν
734 2383 894 2452 κύνα,
920 2387 1097 2448 δοκεῖς
1116 2377 1191 2438 αὖ
1221 2381 1372 2446 τινάς
1401 2403 1494 2452 μοι
1527 2383 1708 2450 λέγειν
1741 2384 1884 2446 ξενι-

204 2466 339 2530 κούς
371 2488 429 2520 τε
458 2468 548 2521 καὶ
579 2465 982 2529 παντοδαπούς.
1028 2464 1234 2535 Ἀληθῆ
1270 2465 1395 2533 γάρ,
1435 2468 1559 2533 ἔφη,
1600 2466 1746 2517 δοκῶ
1785 2479 1886 2515 σοι.

213 2553 282 2603 Τί
296 2551 360 2604 δέ
369 2572 382 2614 ;
422 2546 668 2603 αὐτόθεν
688 2541 778 2616 ἆρ’
815 2545 917 2601 οὐκ
940 2542 1011 2601 ἄν
1031 2546 1373 2616 ἐθελήσειεν;
1400 2550 1557 2609 Ποός;
1588 2543 1730 2606 Τοὺς
1751 2542 1886 2596 δού-

207 2636 338 2695 λους
363 2628 707 2702 ἀφελόμενος
742 2653 925 2694 τους
911 2636 1151 2700 πολίτας,
1188 2628 1587 2700 ἐλευθερώσας,
1617 2647 1729 2682 των
1759 2627 1883 2692 περὶ

207 2709 406 2765 ἑαυτὸν
437 2713 775 2784 δορυφόρων
807 2713 1160 2782 ποιήσασθαι.
1220 2712 1456 2781 Σφόδρα
1487 2708 1563 2779 γ’,
1599 2713 1727 2778 ἔφη·
1743 2709 1886 2791 faveo
1952 2761 1962 2785 ‚=

205 2813 287 2846 τοι
311 2794 399 2848 καὶ
422 2794 734 2850 πιστότατοι
757 2794 909 2868 αυτῷ
928 2797 1084 2849 οὑτοί
1111 2799 1261 2848 εἰσιν.
1310 2786 1381 2846 ’H
1406 2790 1695 2861 μακάριον
1728 2781 1798 2858 ἦν
1830 2787 1880 2843 δ’
