1962 3236
201 180 267 233 70
794 179 1271 227 ΠΛΑΤΩΝΟΣ

200 338 284 372 οτι
302 315 368 370 τό
383 336 446 385 γε
465 319 720 370 τοιοῦτον
741 316 943 408 ἰατροῖς
964 312 1183 378 δοτέον,
1203 308 1442 373 ἰδιώταις
1460 307 1520 364 δε
1537 307 1637 380 οὐχ
1656 308 1871 366 ἁπτέον.

198 403 419 468 Δῆλον,
457 399 578 467 ἔφη.
657 399 783 457 Τοῖς
814 391 1044 461 ἄρχουσι
1075 388 1142 461 δὴ
1181 396 1277 461 τῆς
1306 389 1516 454 πόλεως
1553 398 1704 462 εἴπερ
1734 392 1875 446 τισὶν

199 478 386 543 ἄλλοις
403 474 667 547 προσήκει
685 471 995 540 ψεύδεσθαι
1022 466 1059 541 ἢ
1086 475 1360 541 πολεμίων
1391 465 1426 541 ἦ
1447 477 1687 526 πολιτῶν
1715 472 1875 528 ένεκα

199 555 286 614 ἐπ’
309 555 546 629 ωφελείᾳ
565 561 660 626 τῆς
688 553 924 617 πόλεως
946 563 1058 617 τοϊς
1077 552 1136 607 δὲ
1155 551 1340 617 ἄλλοις
1364 558 1533 608 πᾶσιν
1552 550 1653 624 οὐχ
1671 551 1875 609 ἁπτέον

138 656 173 700 G
198 648 300 697 τοῦ
318 637 601 706 τοιούτου,
630 633 768 691 ἀλλὰ
788 634 927 705 πρός
944 655 1007 705 γε
1039 631 1104 705 δὴ
1135 632 1267 699 τούς
1294 634 1582 700 τοιούτους
1611 634 1877 706 ἄρχοντας

201 719 391 792 ἰδιώτῃ
409 718 729 786 ψεύσασθαι
746 714 951 773 ταύτὸν
974 718 1066 771 καὶ
1094 720 1276 786 μεῖζον
1308 713 1598 788 ἁμάρτημα
1626 716 1878 788 φήσομεν

201 798 238 873 ἦ
270 800 541 872 κάμνοντι
574 798 713 871 πρὸς
748 796 941 868 ἰατρὸν
973 792 1010 867 ἦ
1038 795 1304 853 ἀσκοῦντι
1344 796 1482 869 πρὸς
1517 802 1877 870 παιδοτρίβην

204 884 461 954 περὶτῶν
485 888 588 938 τοῦ
612 879 788 936 αὑτοῦ
810 880 1060 950 σώματος
1077 878 1425 949 παθημάτων
1442 877 1513 949 μὴ
1543 877 1759 949 τάληθῆ
1788 883 1877 935 λέ-

201 986 321 1035 γειν
336 1007 350 1034 ,
370 962 406 1035 ἢ
421 962 559 1036 πρὸς
577 961 923 1034 κυβερνήτην
939 962 1063 1029 περὶ
1082 965 1176 1030 τῆς
1193 958 1332 1024 νεω’ς
1348 981 1404 1014 τε
1423 962 1515 1015 καὶ
1532 967 1645 1015 τῶν
1660 967 1880 1015 ναυτῶν

202 1046 274 1116 μῆ
295 1043 361 1100 τὰ
383 1044 519 1099 ὄντα
539 1047 781 1114 λέγοντι,
820 1040 971 1106 ὅπως
987 1036 1025 1112 ἦ
1044 1038 1210 1105 αὐτὸς
1237 1039 1274 1113 ἤ
1301 1062 1380 1106 τις
1410 1048 1522 1097 τῶν
1557 1045 1880 1107 ξυνναυτῶν

205 1125 494 1197 πράξεως’
473 1131 598 1195 έχει.
669 1123 1065 1195 Ἀληθέστατα,
1103 1126 1222 1193 ἔφη.
1290 1118 1388 1177 Ἀν
1424 1119 1518 1193 αρ’
1552 1121 1722 1179 ἄλλον
1757 1120 1879 1178 τινά

139 1222 176 1266 D
205 1206 460 1305 λαμβάνῃ
478 1205 831 1305 ψευδόμενον
850 1207 911 1259 ἐν
928 1211 996 1276 τῇ
1015 1203 1171 1259 πόλει
1189 1209 1301 1259 τῶν
1327 1209 1384 1259 οἳ
1400 1207 1725 1275 δημιουργοὶ
1744 1207 1882 1274 ἔασι,

195 1343 198 1346 ,
313 1302 330 1308 ”
414 1287 615 1360 μάντιν
635 1284 671 1359 ἢ
693 1293 887 1358 ἰητῆρα
905 1308 1095 1342 κακων
1113 1282 1149 1356 ἢ
1168 1289 1394 1342 τέκτονα
1413 1286 1651 1358 δούρων,

202 1369 426 1427 κολάσει
463 1391 536 1434 ως
571 1368 901 1440 ἐπιτήδευμα
941 1367 1230 1437 εἰσάγοντα
1269 1367 1479 1433 πόλεως
1517 1366 1699 1439 ὡσπερ
1744 1390 1882 1433 νεως

204 1450 607 1523 ἀνατρεπτικόν
635 1472 693 1506 τε
711 1451 802 1506 καὶ
821 1450 1096 1520 ὀλέθριον.
1168 1447 1292 1505 Ἐάν
1324 1471 1413 1519 γε,
1451 1442 1489 1521 ἦ
1519 1447 1567 1504 δ’
1591 1448 1677 1520 ὅς,
1717 1451 1806 1505 ἐπί
1821 1472 1882 1520 γε

205 1535 352 1608 λόγῳ
376 1539 510 1605 ἔργα
538 1539 767 1605 τελῆται.
848 1536 917 1587 Τί
942 1535 1005 1587 δέ
1014 1557 1028 1600 ;
1066 1531 1434 1602 σωφροσύνης
1462 1524 1571 1601 ἀρα
1600 1528 1668 1587 ού
1701 1531 1883 1602 δεήσει

208 1614 340 1687 ἡμῖν
357 1627 470 1680 τοῖς
494 1619 758 1679 νεανίαις,
791 1619 919 1678 Πῶς
950 1610 1003 1668 δ’
1027 1610 1127 1680 οὗ,
1164 1612 1550 1685 Σωφροσύνης
1571 1616 1631 1668 δὲ
1650 1610 1723 1678 ὦς
1743 1613 1880 1683 πλή-

205 1704 299 1753 θει
324 1697 392 1752 οὐ
410 1696 477 1752 τὰ
494 1696 681 1752 τοιάδε
699 1692 923 1767 μέγιστα
938 1737 954 1765 ,
993 1692 1277 1766 ἀρχόντων
1296 1693 1396 1765 μὲν
1419 1692 1702 1765 ὑπηκόους
1724 1693 1881 1763 εἶναι,

146 1802 182 1843 Ε
211 1775 416 1843 αὐτοὺς
444 1779 503 1834 δὲ
523 1777 791 1849 ἄρχοντας
819 1784 932 1833 τῶν
958 1778 1081 1846 περὶ
1113 1777 1316 1841 πότους
1344 1777 1437 1831 καὶ
1466 1773 1764 1846 ἀφροδίσια
1792 1777 1884 1830 καὶ
1944 1817 1947 1820 ,

210 1861 334 1933 περὶ
353 1857 822 1931 ἐδωδάςῆδονῶν;
843 1859 1065 1930 ’Έμοιγε
1085 1861 1247 1914 δοκεῖ.
1307 1856 1386 1913 Τὰ
1409 1856 1476 1927 δὴ
1497 1857 1682 1913 τοιάδε
1705 1857 1883 1928 φήσο-

210 1964 338 2013 μεν,
377 1939 550 2011 οἶμαι,
593 1947 773 2006 καλῶς
804 1942 1090 2011 λέγεσθαι,
1131 1935 1218 1995 οἷα
1247 1941 1338 1995 καὶ
1359 1937 1576 2011 Ὁμήρῳ
1602 1939 1883 2008 Διομήδης

209 2025 354 2092 λέγει
369 2064 383 2090 ,
496 2049 507 2053 -

27 2122 90 2178 Q
133 2119 156 2171 ἒ
348 2105 531 2170 τέττα,
553 2108 734 2174 σιωπῇ
752 2099 883 2173 ἧσο,
921 2104 1030 2174 ἐμῷ
1052 2099 1104 2155 δ’
1127 2103 1407 2157 ἐπιπείθεο
1429 2100 1594 2172 μύθω
1608 2140 1623 2169 ,

37 2211 53 2218 “
107 2207 114 2233 2
142 2195 162 2225 ⁴*
209 2185 299 2263 καὶ
315 2204 382 2238 τα
402 2182 616 2237 τούτων
635 2183 897 2253 ἐχόμενα,
916 2205 982 2237 τα
1020 2190 1167 2251 [ἴσαν
1186 2186 1352 2254 μένεα
1373 2186 1653 2245 πνείοντες
1666 2178 1881 2250 Ἀχαιοί]

266 2260 269 2272 ’
329 2269 476 2362 ι,σιγῇ
496 2262 754 2328 δειδιότες
773 2264 1143 2336 σημάντορας,

93 2362 182 2409 390
209 2346 300 2401 καὶ
324 2344 427 2401 όσα
451 2344 589 2401 ἄλλα
614 2352 854 2401 τοιαῦτα.
894 2351 1106 2411 Καλως.
1154 2349 1223 2401 Τί
1239 2347 1325 2412 δέ;
1360 2365 1427 2399 τα
1447 2343 1631 2399 τοιάδε

127 2469 133 2481 .
214 2452 227 2456 ··
360 2430 670 2499 οἰνοβαρές,
699 2425 869 2491 κυνὸς
888 2425 1068 2498 ὅμματ
1075 2425 1279 2498 ’ἔχων,
1319 2428 1551 2498 κραδίην
1570 2421 1859 2493 δ’ἐλάφοιο

210 2506 385 2563 καὶτὰ
402 2507 617 2563 τούτων
636 2510 755 2580 ἑξῆς
774 2502 882 2580 ἀρα
901 2516 1105 2579 καλῶς,
1119 2510 1211 2564 καὶ
1225 2506 1328 2563 ὅσα
1349 2506 1487 2563 ἄλλα
1506 2528 1586 2571 τις
1605 2507 1664 2561 ἐν
1683 2504 1831 2577 λόγῳ
1849 2499 1886 2574 ἢ

211 2592 272 2644 ἐν
291 2588 506 2660 ποιήσει
526 2598 709 2661 εἴρηκε
727 2591 1095 2661 νεανιεύματα
1116 2594 1350 2646 ἰδιωτῶν
1371 2593 1446 2654 εἰς
1465 2587 1756 2660 ἄρχονταςς
1797 2583 1884 2640 Οὐ

210 2676 406 2734 καλῶς·
485 2669 570 2726 Οὐ
589 2672 723 2742 γάρ,
745 2671 892 2743 οἶμαι
905 2715 919 2742 ,
942 2680 1019 2739 εἴς
1037 2695 1099 2743 γε
1120 2670 1495 2745 σωφροσύνην
1522 2671 1666 2732 νέοις
1699 2664 1884 2736 ἐπιτή-

214 2753 330 2804 δεια
349 2749 576 2807 ἀκούειν
592 2775 602 2785 ·
628 2758 676 2809 εἰ
694 2755 758 2809 δέ
770 2775 892 2809 τινα
916 2752 1091 2825 ἄλλην
1110 2751 1320 2825 ἡδονὴν
1339 2753 1641 2822 παρέχεται,
1660 2754 1885 2817 θαυμα-

213 2828 346 2885 στὸν
365 2828 530 2886 οὐδέν
544 2854 555 2865 ·
588 2829 624 2902 ἢ
643 2840 758 2898 πῶς
779 2850 866 2889 σοι
885 2839 1163 2904 φαίνεται,
1202 2831 1421 2902 Οὕτως,
1454 2835 1573 2900 ἔφη.
