1962 3236
179 181 282 232 234
792 182 1267 229 ΠΛΑΤΩΝΟΣ

179 316 439 385 νουμένη,
472 315 782 382 καλουμένη
813 311 862 366 δ’
903 311 1202 383 ὀλιγαρχία,
1232 319 1452 383 συχνῶν
1481 317 1722 384 γέμουσα
1755 335 1858 369 κα-

179 403 296 452 κῶν
330 401 597 450 πολιτεία·
645 391 679 462 ἦ
708 415 765 447 τε
803 393 976 465 ταύτῃ
1015 394 1280 464 διάφορος
1315 395 1405 450 καὶ
1442 398 1633 464 ἐφεξῆς
1668 415 1855 463 γιγνο-

179 481 312 548 μένη
336 478 690 546 δημοκρατία,
712 475 801 529 καὶ
832 472 865 544 ἡ
891 480 1116 544 γενναία
1148 473 1212 545 δὴ
1243 478 1500 545 τυραννὶς
1529 478 1618 530 καὶ
1650 474 1719 544 [ἡ]
1750 495 1857 530 πα-

180 564 295 613 σῶν
312 555 524 612 τούτων
548 557 905 625 διαφέρουσα,
928 555 1186 624 τέταρτόν
1205 577 1261 609 τε
1280 558 1370 610 καὶ
1390 560 1617 626 ἔσχατον
1647 556 1858 618 πόλεως

183 640 413 709 νόσημα.
458 635 493 706 ἤ
527 658 647 691 τινα
680 635 852 707 ἄλλην
887 642 1018 706 ἔχεις
1044 639 1196 691 ἰδέαν
1218 645 1508 706 πολιτείας,
1534 636 1650 707 ἥτις
1677 640 1766 692 καὶ
1799 640 1857 691 ἐν

182 723 313 776 εἴδει
340 722 600 787 διαφανεῖ
613 719 717 772 τινὶ
739 729 937 783 κεῖται;
969 722 1281 773 δυναστεῖαι
1295 717 1402 788 γάρ
1422 722 1512 774 καὶ
1533 718 1736 789 ὠνηταὶ
1754 725 1859 789 βα-

182 807 375 855 σιλεῖαι
394 801 484 854 καὶ
504 804 754 853 τοιαῦταί
770 820 913 862 τινες
933 806 1195 853 πολιτεῖαι
1215 799 1415 868 μεταξύ
1433 822 1482 854 τι
1512 799 1724 854 τούτων
1744 798 1855 852 πού

1950 324 1962 349 x„
1942 234 1962 299 ²:227:
1940 165 1962 229 *xm-2.

182 887 336 950 εἰσιν,
357 877 512 947 εὕροι
533 877 585 933 δ’
606 878 676 933 ἄν
693 901 773 943 τις
805 877 974 943 αὐτὰς
999 877 1100 933 οὐκ
1134 881 1391 943 ἐλάττους
1419 883 1542 948 περὶ
1572 880 1702 944 τοὺς
1721 885 1859 950 βαρ-
1887 937 1898 945 ,
1958 909 1962 916 -

180 963 390 1035 βάρους
424 957 460 1031 ἢ
491 960 621 1025 τοὺς
641 959 920 1030 ’Έλληνας
968 963 1177 1016 Πολλαὶ
1207 968 1348 1030 γοῦν
1367 962 1455 1015 καὶ
1485 961 1696 1029 ἄτοποι,
1735 964 1858 1029 ἔφη,

181 1048 448 1113 λέγονται.

323 1129 383 1179 11.
428 1122 592 1179 Οἷσθ’
619 1117 740 1192 οὖν,
762 1117 834 1194 ἦν
856 1121 905 1177 δ’
931 1123 1053 1193 ἐγώ,
1077 1121 1159 1178 ὅτι
1179 1126 1268 1179 καὶ
1294 1121 1613 1193 ἀνθρώπων
1632 1127 1748 1194 εἴδη
1767 1146 1862 1179 το-

185 1214 361 1262 σαῦτα
401 1204 612 1276 ἀνάγκη
654 1205 876 1275 τρόπων
913 1203 1066 1274 εἶναι,
1108 1204 1316 1276 ὅσαπερ
1349 1207 1439 1260 καὶ
1476 1206 1788 1268 πολιτειῶν;
1825 1200 1863 1274 ἦ
1932 1207 1947 1214 “

184 1296 286 1343 οἱέι
309 1289 370 1341 ἐκ
392 1285 560 1355 δρυός
591 1293 771 1339 ποθεν
786 1280 822 1354 ἢ
844 1286 901 1338 ἐκ
923 1287 1122 1354 πέτρας
1139 1284 1235 1349 τάς
1261 1291 1531 1350 πολιτείας
1549 1291 1857 1355 γίγνεσθαι,

137 1380 150 1392 “
185 1366 308 1423 ἀλλ’
336 1365 454 1436 οὐχὶ
476 1370 534 1421 ἐκ
556 1372 668 1421 τῶν
687 1365 847 1436 ἠθῶν
866 1371 980 1420 τῶν
1000 1369 1059 1420 ἐν
1089 1379 1204 1429 ταῖς
1232 1367 1477 1435 πόλεσιν,
1508 1365 1543 1421 ὁὶ
1573 1363 1643 1421 ἂν
1676 1366 1858 1436 ῶσπερ

183 1450 426 1520 ῥέψαντα
446 1441 618 1502 τᾶλλα
639 1446 1028 1517 ἐφελκύσηται;
1066 1444 1336 1517 Οὐδαμῶς
1357 1446 1529 1516 ἔγωγ’,
1551 1450 1672 1517 ἔφη,
1693 1445 1861 1501 ἄλλο-

182 1524 344 1598 θενῆ
372 1530 652 1583 ἐντεῦθεν.
694 1524 923 1582 Οὐκοῦν
944 1532 992 1582 εἰ
1006 1527 1071 1582 τά
1096 1535 1208 1583 τῶν
1228 1529 1445 1584 πόλεων
1476 1529 1652 1597 πέντε,
1685 1530 1774 1582 καὶ
1805 1529 1865 1582 αἱ

181 1616 294 1664 τῶν
334 1612 568 1664 ἰδιωτῶν
606 1612 936 1664 κατασκευαὶ
974 1617 1068 1679 τῆς
1104 1617 1279 1680 ψυχῆς
1315 1612 1476 1664 πέντε
1511 1605 1582 1664 ἄν
1620 1607 1743 1663 εἶεν.
1799 1613 1868 1663 Τί

186 1691 322 1762 μήν;
366 1688 480 1745 Τὸν
500 1690 601 1759 μὲν
622 1688 685 1759 δὴ
711 1696 776 1761 τῇ
808 1688 1198 1763 ἀριστοκρατίᾳ
1230 1689 1426 1761 ὅμοιον
1459 1690 1863 1761 διεληλύθαμεν

61 1791 153 1837 ΜΞ)
185 1772 310 1844 ἤδη,
333 1768 398 1826 ὃν
419 1769 639 1841 ἀγαθόν
655 1792 713 1825 τε
731 1773 821 1826 καὶ
843 1776 1057 1826 δίκαιον
1079 1770 1262 1840 ὀρθῶς
1286 1774 1467 1843 φαμὲν
1486 1771 1639 1827 εἶναι.
1662 1779 1862 1841 Διελη-

181 1853 452 1923 λύθαμεν.
483 1846 599 1921 Ἆρ’
635 1846 738 1907 οὖν
769 1852 828 1907 τό
862 1852 995 1923 μετά
1032 1861 1195 1908 τοῦτο
1235 1857 1434 1908 διιτέον
1462 1852 1592 1918 τοὺς
1629 1859 1860 1923 χείρους,

181 1934 282 1988 τὸν
318 1932 641 2003 φιλόνεικόν
668 1955 724 1988 τε
759 1935 849 1988 καὶ
887 1935 1195 2004 φιλότιμον,
1229 1934 1366 1989 κατὰ
1402 1934 1502 2004 τὴν
1529 1932 1862 2002 Λακωνικὴν

182 2014 389 2069 ἑστῶτα
410 2018 706 2081 πολιτείαν,
739 2016 829 2070 καὶ
860 2013 1211 2084 ὀλιγαρχικὸν
1235 2009 1308 2068 αὖ
1334 2018 1423 2069 καὶ
1454 2013 1862 2084 δημοκρατικὸν

181 2096 271 2149 καὶ
293 2093 392 2150 τὸν
413 2092 765 2164 τυραννικόν,
788 2097 879 2147 ἵνα
898 2093 999 2148 τὸν
1020 2092 1362 2149 ἀδικώτατον
1386 2095 1595 2158 ἰδόντες
1616 2094 1862 2149 ἀντιθῶ-

183 2196 286 2244 μεν
304 2182 382 2245 τῶ
405 2174 727 2246 δικαιοτάτῳ
748 2177 838 2228 καὶ
858 2172 986 2244 ἡμῖν
1008 2178 1162 2229 τελέα
1182 2173 1214 2245 ἡ
1244 2178 1433 2242 σκέψις
1451 2169 1504 2247 ᾗ,
1537 2181 1652 2238 πῶς
1672 2179 1803 2230 ποτὲ
1827 2173 1859 2245 ἡ

186 2254 423 2325 ἄκρατος
456 2254 778 2325 δικαιοσύνη
809 2255 945 2322 πρὸς
975 2253 1192 2310 ἀδικίαν
1225 2256 1326 2326 τὴν
1361 2255 1604 2326 ἄκρατον
1633 2260 1739 2354 ἔχει
1769 2254 1862 2312 εὐ-

185 2340 468 2407 δαιμονίας
486 2356 543 2390 τε
564 2336 687 2405 πέρι
705 2343 806 2390 τοῦ
832 2341 1048 2405 ἔχοντος
1067 2338 1157 2391 καὶ
1178 2334 1556 2406 ἀθλιότητος,
1544 2341 1631 2392 ίνα
1655 2334 1691 2406 ἢ
1714 2343 1863 2409 Θρα-

184 2417 411 2490 συμάχῳ
431 2417 755 2487 πειθόμενοι
777 2417 1062 2486 διώκωμεν
1081 2413 1347 2471 ἀδικιῄαν
1322 2416 1357 2488 η’
1374 2423 1451 2471 τῶ
1480 2425 1589 2472 νῦν
1620 2438 1862 2487 προφαι-

182 2499 398 2571 νομένω
445 2498 592 2570 λόγω
632 2498 1020 2568 δικαιοσύνην;
1062 2498 1390 2554 Παντάπασι
1432 2521 1533 2569 μεν
1572 2502 1692 2567 οὐν,
1736 2502 1859 2567 ἔφη,

185 2577 330 2633 οὕτω
351 2582 621 2650 ποιητέον.
654 2573 769 2649 ’Ap'
805 2582 927 2648 οὐν,
951 2576 1133 2649 ῶσπερ
1161 2577 1447 2681 ηρξάμεθα
1475 2582 1534 2634 έν
1561 2591 1676 2643 ταῖς
1704 2584 1861 2631 πολι-

182 2667 349 2725 τείαις
378 2661 650 2732 πρότερον
680 2674 908 2716 σκοπειν
942 2661 1009 2716 τά
1046 2661 1159 2732 ἤθη
1198 2658 1232 2732 ἢ
1264 2664 1323 2715 έν
1358 2673 1470 2725 τοῖς
1500 2662 1753 2726 ἰδιώταις,
1789 2655 1861 2721 ῶς

182 2745 579 2812 ἐναργέστερον
597 2744 679 2814 ὅν,
713 2748 803 2800 καὶ
822 2751 930 2800 νῦν
960 2744 1106 2799 οὕτω
1137 2751 1358 2812 πρῶτον
1386 2745 1486 2812 μὲν
1515 2739 1617 2810 τὴν
1648 2738 1862 2809 φιλότι-

182 2843 291 2891 μον
320 2828 583 2879 σκεπτέον
603 2832 905 2881 πολιτείαν·
948 2825 1123 2896 ὄνομα
1153 2826 1258 2895 γὰρ
1289 2821 1392 2879 οὐκ
1425 2827 1524 2891 ἔχω
1557 2821 1860 2892 λεγόμενον
