1962 3236
165 165 270 220 120
790 167 1266 215 ΠΛΑΤΩΝΟΣ
1828 139 1863 221 ἓ-

166 299 386 355 τούτου.
424 296 519 364 Ὡς
557 301 774 354 δικαίου
803 298 992 364 &vn-093
1034 303 1163 353 Ναί.
1234 299 1344 354 Καὶ
1369 300 1540 372 ταύτῃ
1563 300 1671 372 ἄρα
1703 322 1777 374 πῃ
1805 324 1840 373 η

166 387 268 436 τοῦ
297 385 503 436 οἰκείου
532 401 590 435 τε
624 381 715 435 καὶ
743 381 944 434 ἑαυτοῦ
975 379 1079 444 ἕξις
1108 401 1166 434 τε
1195 382 1286 435 καὶ
1306 384 1496 451 πρᾶξις
1515 381 1839 452 δικαιοσύνη

50 479 140 525 434
165 458 237 518 ἄν
268 459 606 532 ὁμολογοῖτο.
660 460 808 514 ’Έστι
834 465 1022 515 ταῦτα.
1065 459 1162 515 Ἰδὲ
1193 461 1278 532 δή,
1310 460 1410 518 ἐὰν
1440 465 1526 519 σοὶ
1553 463 1689 533 ὅπερ
1721 465 1840 533 ἐμοὶ

164 545 421 613 ξυνδοκῇ.
464 545 670 597 τέκτων
688 540 1038 639 σκυτοτόμου
1060 544 1345 612 ἐπιχειρων
1365 547 1497 614 ἔργα
1516 544 1840 615 ἐργάζεσθαι

162 621 199 695 ἢ
233 622 574 692 σκυτοτόμος
604 624 875 693 τέκτονος,
913 618 949 692 ἢ
979 621 1043 677 τοὶ
1083 622 1294 724 ὄργανα
1331 625 1843 724 μεταλαμβάνοντες
1931 686 1953 690 Ἡ

161 701 449 773 τάλλήλων
482 699 518 774 ἢ
554 702 731 774 τιμάς,
770 700 807 774 ἢ
843 705 933 758 καὶ
979 700 1007 758 ὁ
1039 701 1204 768 αὐτὸς
1232 707 1516 776 ἐπιχειρων
1559 705 1842 776 ἀμφότερα
1916 692 1958 779 -ῘΙΪ

160 804 440 856 πραττειν,
481 784 660 839 πάντα
688 779 860 839 τᾶλλα
902 786 1380 856 μεταλλαττόμενα
1415 787 1526 858 αροὶ
1563 806 1651 843 σοι
1684 786 1754 841 ἅν
1791 809 1841 840 τι

162 870 317 921 δοκει
330 867 468 936 μέγα
486 864 694 936 βλάψαι
713 865 903 931 πόλιν;
943 863 1028 920 Οὐ
1055 886 1223 935 πανυ,
1253 871 1373 938 ε”.φη
1419 866 1558 923 Ἀλλ’
1595 867 1732 922 όταν
1759 889 1838 936 γε,

162 946 327 1018 οἶμαι,
367 945 702 1018 δημιουργὸς
746 942 825 1001 ὢν
867 945 905 1017 ἥ
939 968 1019 1010 τις
1059 946 1223 1011 ἄλλος
1267 947 1630 1019 χρηματιστὴς
1677 948 1843 1017 φύσει

99 1042 132 1091 Β
165 1033 348 1084 ἔπειτα
374 1029 735 1098 ἐπαιρόμενος
762 1023 799 1098 ἦ
831 1027 1051 1100 πλούτῳ
1084 1025 1120 1097 ἦ
1150 1028 1355 1098 πλήθει
1390 1025 1424 1099 ἦ
1456 1028 1605 1098 ἰσχύϊ
1627 1025 1663 1098 ἦ
1692 1027 1841 1100 ἄλλῳ

161 1130 237 1182 τῳ
264 1109 496 1183 τοιούτῳ
531 1113 607 1174 εἰς
636 1106 697 1164 τὸ
729 1114 830 1164 τοῦ
861 1115 1164 1179 πολεμικοῦ
1185 1107 1326 1174 εἶδος
1350 1112 1594 1181 ἐπιχειρῇ
1615 1111 1768 1177 ἰέναι,
1805 1104 1843 1179 ἦ

162 1197 276 1246 τῶν
306 1197 621 1262 πολεμικῶν
650 1212 730 1255 τις
759 1195 834 1254 εἰς
864 1188 918 1245 τὸ
942 1197 1044 1245 τοῦ
1075 1196 1441 1261 βουλευτικοῦ
1470 1192 1560 1246 καὶ
1592 1191 1843 1261 φύλακος

164 1269 435 1337 οἷνάξιος’
403 1271 499 1342 ω’ν,
519 1274 609 1327 καὶ
627 1293 693 1327 τα
707 1270 960 1341 αλλήλων
979 1293 1133 1327 ουτοι
1153 1270 1365 1343 ὄργανα
1384 1273 1843 1344 μεταλαμβάνωσι

165 1355 257 1408 καὶ
280 1374 375 1416 τας
395 1374 569 1421 τιμας,
589 1347 626 1422 ἢ
646 1349 827 1406 ὅταν”
802 1374 830 1407 ο
856 1349 1021 1416 αὐτὸς
1051 1353 1231 1407 πάντα
1259 1359 1430 1407 ταῦτα
1459 1352 1572 1423 ἅμα
1602 1356 1844 1424 ἐπιχειρῇ

164 1434 442 1504 πράττειν,
474 1432 597 1488 τότε
626 1431 773 1502 οἶμαι
808 1435 898 1488 καὶ
928 1435 1014 1488 σοὶ
1046 1437 1228 1489 δοκεῖν
1254 1435 1462 1505 ταύτην
1493 1433 1594 1503 τὴν
1630 1435 1843 1489 τούτων

164 1515 478 1586 μεταβολὴν
508 1516 600 1569 καὶ
635 1515 1184 1615 πολυπραγμοσύνην
1214 1514 1457 1614 ολεθρον
1485 1514 1625 1572 εἶναι
1651 1522 1718 1587 τῇ
1740 1515 1843 1570 πό-

166 1605 263 1653 λει.
303 1595 635 1651 Παντάπασι
655 1596 755 1666 μὲν
780 1598 898 1650 οὐν.
938 1594 1011 1651 ‘H
1021 1618 1191 1667 τριων
1210 1595 1316 1668 ἄρα
1337 1597 1519 1652 ὄντων
1539 1619 1721 1667 γενων
1740 1617 1844 1651 πο-

107 1694 138 1736 G
168 1676 607 1749 λυπραγμοσύνη
629 1679 720 1733 καὶ
738 1676 1010 1750 μεταβολὴ
1033 1683 1105 1743 εἰς
1116 1679 1324 1749 αλληλα
1342 1685 1565 1750 μεγίστη
1588 1699 1646 1735 τε
1664 1680 1842 1750 βλαβη

164 1767 233 1832 τῇ
260 1759 418 1814 πόλει
465 1761 556 1814 καὶ
588 1756 848 1828 ὀρθότατ’
883 1755 955 1814 ἂν
983 1761 1452 1830 προσαγορεύοιτο
1482 1761 1712 1830 μάλιστα
1742 1783 1843 1815 κα-

166 1847 416 1911 κουργία.
465 1844 686 1912 Κομιδῇ
714 1841 814 1911 μὲν
836 1834 955 1895 οῦν.
1005 1846 1363 1913 Κακουργίαν
1383 1840 1563 1912 δὲτὴν
1582 1846 1862 1913 μεγίστην·

165 1928 260 1993 τῆς
281 1923 483 1978 ἑαυτοῦ
501 1922 714 1986 πόλεως
735 1919 838 1978 οὐκ
859 1921 1079 1978 οὶδικίαν
1097 1923 1290 1993 φήσεις
1311 1922 1478 1990 εἷναι;
1508 1929 1638 1988 Πῶς
1658 1922 1710 1978 δ’
1744 1923 1815 1978 οὔ
1827 1948 1846 1989 ;.

171 2010 348 2059 Τοῦτο
369 2005 471 2074 μὲν
490 2003 599 2073 ἄρα
622 2003 822 2059 ἀδικία.

306 2089 389 2141 ΧΙ.
428 2085 610 2140 Πάλιν
628 2084 686 2140 δὲ
705 2077 811 2139 ὦδε
830 2088 1096 2154 λέγωμεν·
1137 2089 1581 2154 χρηματιστικοῦ,
1617 2085 1843 2139 ἐπικου-

167 2172 346 2237 ρικοῦ,
366 2171 682 2235 φυλακικοῦ
708 2166 906 2234 γένους
936 2168 1328 2233 οἰκειοπραγία,
1360 2163 1596 2220 ἑκάστου
1626 2166 1846 2219 τούτων
1947 2222 1962 2236 Δ,

166 2246 226 2303 τὸ
264 2244 442 2301 αὑτοῦ
479 2246 818 2312 πράττοντος
854 2248 914 2301 ἐν
951 2245 1123 2315 πόλει,
1153 2243 1483 2300 τούναντίον
1515 2247 1728 2301 ἐκείνου
1758 2250 1842 2300 δι-
1943 2272 1962 2305 ι

167 2328 438 2397 καιοσύνη
461 2325 510 2380 τ’
536 2324 607 2381 ἂν
637 2334 718 2396 εἴη
749 2328 841 2381 καὶ
869 2323 970 2396 τὴν
999 2324 1163 2380 πόλιν
1191 2328 1409 2380 δικαίαν
1437 2330 1676 2395 παρέχοι.
1718 2324 1840 2381 Οὐκ
1948 2339 1950 2343 “

96 2424 132 2465 D
171 2411 311 2483 ἄλλῃ
331 2414 513 2480 ἔμοιγε
533 2413 699 2479 δοκεῖ,
725 2402 761 2479 ἦ
792 2407 842 2462 δ’
876 2407 953 2477 ὅς,
984 2412 1123 2478 ἔχειν
1151 2404 1187 2478 ἢ
1212 2408 1398 2480 ταύτῃ.
1443 2412 1661 2478 Μηδέν,
1691 2403 1764 2479 ἦν
1784 2406 1836 2462 δ’

168 2492 293 2564 ἐγώ,
325 2511 410 2546 πω
440 2490 590 2545 πάνυ
618 2495 824 2559 παγίως
855 2487 989 2544 αὐτὸ
1022 2493 1286 2560 λέγωμεν,
1317 2487 1437 2545 ἀλλ’
1472 2489 1568 2545 ε’ἀν
1591 2491 1692 2561 μὲν
1713 2487 1840 2559 ἡμῖν

167 2577 259 2631 καὶ
298 2578 373 2638 εἰς
403 2573 502 2628 ἕνα
538 2573 771 2628 ἕκαστον
803 2579 915 2626 τῶν
945 2569 1267 2638 ἀνθρώπων
1296 2571 1383 2626 ἰόν
1412 2569 1472 2627 τὸ
1507 2571 1648 2635 εἶδος
1676 2578 1836 2625 τοῦτο

168 2654 500 2726 ὁμολογῆται
535 2656 623 2710 καὶ
663 2657 773 2709 ἐκεῖ
816 2653 1141 2724 δικαιοσύνη
1179 2652 1334 2722 εἶναι,
1371 2653 1836 2724 ξυγχωρησόμεθα

165 2734 293 2806 ἤδη·
336 2741 392 2790 τί
405 2734 511 2806 γὰρ
531 2737 621 2792 καὶ
651 2739 912 2805 ἑροῦμεν;
952 2740 1002 2790 εἰ
1027 2736 1086 2790 δὲ
1116 2734 1209 2805 μή,
1241 2735 1364 2790 τότε
1389 2734 1523 2789 ἄλλο
1555 2755 1606 2787 τι
1635 2732 1837 2798 σκεψό-

163 2823 335 2887 μεθα·
377 2823 484 2870 νῦν
506 2816 558 2870 δ’
579 2819 945 2886 ἐκτελέσωμεν
963 2814 1064 2887 τὴν
1083 2820 1293 2883 σκέψιν,
1320 2813 1391 2884 ἣν
1410 2811 1690 2887 ᾠήθημεν,
1713 2816 1762 2867 εἰ
1777 2815 1838 2867 έν
