1962 3236
576 142 1138 200 ΠΟΛΙΤΕΙΑΣέ.
1614 149 1717 203 161

29 289 222 344 ἄλλων
245 289 457 356 ἐκείνης
473 288 693 356 μετέχῃς
717 281 928 352 Οὕτως,
950 287 1083 354 ἔφην
1109 282 1481 355 ἀγαπήσομεν.
1520 289 1717 353 Παρα-

34 374 323 440 δείγματος
340 367 448 437 ἄρα
467 368 648 435 ἕνεκα,
664 359 737 436 ἦν
754 362 809 420 δ’
831 364 957 435 ἐγώ,
968 367 1261 436 ἐζητοῦμεν
1279 363 1418 420 αὐτό
1436 386 1495 421 τε
1508 367 1718 421 δικαιο-

35 451 218 520 σύνην
235 444 321 504 οἷό
326 470 360 503 ν
378 451 508 518 ἐστι,
529 449 621 502 καὶ
639 445 820 515 ἄνδρα
841 445 942 501 τὸν
962 449 1155 511 τελέως
1183 450 1398 503 δίκαιον
1426 452 1477 503 εί
1500 449 1715 518 γένοιτο

0 558 3 581 ι
32 535 124 587 καὶ
144 527 261 597 οἷος
278 526 353 586 ἀν
372 538 455 600 εἴη
473 527 788 599 γενόμενος,
809 529 901 582 καὶ
921 526 1140 583 ἀδικίαν
1165 521 1241 583 αὖ
1263 529 1354 584 καὶ
1384 526 1483 584 τὸν
1511 526 1720 584 ἀδικεό-

34 635 218 682 τατον,
238 616 333 668 ἵνα
361 617 438 676 εἰς
466 612 713 674 ἐκείνους
741 606 1164 679 ἀποβλέποντες,
1192 605 1299 664 οἷοι
1323 605 1395 665 ἂν
1424 606 1557 681 ἡμῖν
1586 614 1719 680 φαί-

34 715 240 749 νωνται
257 691 610 762 εὐδαιμονίας
630 710 688 745 τε
708 692 832 759 πέρι
852 691 940 743 καὶ
971 696 1070 744 τοῦ
1100 693 1374 762 ἐναντίου,
1396 689 1720 762 ἀναγκαζώ-

31 784 183 846 μεθα
203 776 291 830 καὶ
312 776 436 841 περὶ
460 772 620 845 ἡμῶν
641 770 831 826 αὐτῶν
847 768 1157 842 ὁμολογεῖν,
1180 770 1240 836 ὃς
1269 770 1340 827 ἄν
1369 777 1598 837 ἐκείνοις
1618 771 1651 828 ὅ
1668 795 1719 828 τι
1750 788 1784 829 D

30 854 352 926 ὁμοιότατος
370 849 424 927 ᾗ,
454 855 555 926 τὴν
576 857 804 918 ἐκείνοις
822 864 1021 923 μοῖραν
1047 851 1381 924 ὁμοιοτάτην
1407 855 1564 923 ἕξειν,
1588 851 1715 909 ἀλλ’

36 935 108 992 οὐ
127 937 329 993 τούτου
348 939 527 1006 ἕνεκα,
548 934 624 990 ἵν’
657 934 1030 1005 ἀποδείξωμεν
1068 932 1143 1000 ὥς
1176 934 1386 991 δυνατὰ
1415 942 1588 990 ταῦτα
1632 940 1719 1005 γί-

37 1027 288 1089 γνεσθαι.
334 1024 511 1074 Τοῦτο
548 1019 664 1087 μέν,
703 1019 826 1085 ἔφη,
867 1013 1072 1086 ἀληθὲς
1110 1019 1299 1087 λέγεις.
1338 1023 1459 1073 Οἴει
1504 1012 1576 1071 ἄν
1614 1008 1720 1071 οὖν

29 1092 200 1171 ἧττόν
234 1122 284 1153 τι
321 1097 544 1169 ἀγαθὰν
576 1096 873 1166 ζωγράφον
909 1095 1064 1167 εἶναι,
1103 1095 1164 1161 ὃς
1200 1093 1272 1152 ἀν
1285 1097 1502 1167 γράψας
1539 1094 1721 1166 παρά-

33 1183 245 1251 δειγμα,
268 1176 388 1235 οἷον
408 1176 479 1233 ἀν
500 1186 582 1249 εἴη
603 1177 632 1233 ὁ
663 1178 953 1243 κάλλιστος
970 1178 1290 1249 ἅνθρωπος,
1320 1181 1413 1235 καὶ
1445 1179 1623 1234 πάντα
1645 1182 1720 1244 εἰς

0 1281 10 1385 ί
32 1257 95 1315 τὸ
115 1259 341 1330 γράμμα
368 1262 573 1323 ἱκανῶς
593 1256 840 1323 ἀποδοὺς
857 1257 930 1329 μὴ
953 1263 1046 1330 ἔχῃ
1072 1256 1369 1328 ἀποδεῖξαι,
1399 1255 1471 1323 ὡς
1502 1260 1593 1315 καὶ
1615 1262 1719 1314 δυ-

31 1339 204 1396 νατὸν
239 1343 501 1410 γενέσθαι
546 1348 803 1396 τοιοῦτον
849 1339 1059 1409 ἅνδρα;
1099 1338 1202 1394 Μὰ
1243 1337 1335 1394 Δί’
1381 1337 1486 1395 οὐκ
1527 1337 1715 1411 ἔγωγ’,

34 1425 158 1492 ἔφη.
204 1428 274 1477 Τί
286 1417 416 1487 οὖν;
438 1421 506 1477 οὐ
527 1425 618 1478 καὶ
636 1419 808 1494 ἡμεῖς,
832 1426 1031 1493 φαμέν,
1053 1422 1402 1492 παράδειγμα
1419 1423 1718 1492 ἐποιοῦμεν
1745 1439 1777 1479 Ε

0 1511 9 1563 j·
36 1504 185 1575 λόγῳ
204 1501 421 1574 ἀγαθῆς
440 1502 677 1570 πόλεως;
708 1504 873 1559 Πάνυ
902 1525 979 1574 γε.
1018 1497 1217 1558 Ἠττόν
1245 1524 1298 1557 τι
1321 1495 1426 1558 οὖν
1448 1510 1550 1558 οἴει
1578 1499 1722 1574 ἡμᾶς

37 1578 104 1640 εὖ
126 1587 303 1655 λέγειν
323 1586 528 1641 τούτου
546 1586 727 1655 ἕνεκα,
754 1584 852 1641 ἐὰν
880 1586 953 1657 μὴ
975 1590 1184 1656 ἔχωμεν
1202 1582 1500 1654 ἀποδεῖξαι,
1523 1582 1596 1649 ὡς
1616 1587 1720 1640 622--

33 1666 208 1722 νατόν
226 1667 372 1723 οὕτω
392 1668 556 1723 πόλιν
577 1671 794 1739 οἰκῆσαι
815 1665 889 1732 ὡς
907 1668 1150 1736 ἐλέγετος
1190 1664 1278 1722 Οὐ
1297 1670 1452 1736 δῆτα,
1475 1671 1597 1738 ἔφη.
1643 1665 1718 1722 T&

31 1749 136 1819 μὲν
154 1754 349 1804 τοίνυν
372 1747 592 1819 ἀληθές,
620 1742 692 1819 ἦν
712 1747 764 1804 δ’
790 1749 916 1819 ἐγώ,
939 1746 1139 1812 οὕτως·
1178 1752 1229 1803 εί
1256 1749 1317 1803 δὲ
1339 1746 1404 1819 δὴ
1429 1750 1520 1822 καὶ
1555 1755 1718 1804 τοῦτο

35 1836 477 1901 προθυμηθῆναι
496 1834 581 1885 δεῖ
599 1829 705 1901 σὴν
723 1832 904 1901 χάριν,
927 1828 1226 1899 ἀποδεῖξαι,
1256 1834 1332 1901 πῇ
1362 1829 1596 1899 μάλιστα
1625 1831 1716 1885 καὶ

31 1913 170 1966 κατὰ
192 1917 249 1967 τί
262 1909 602 1966 δυνατώτατ’
636 1907 708 1966 ἄν
738 1920 841 1983 εἴη,
862 1912 1029 1967 πάλιν
1046 1932 1139 1981 μοι
1167 1908 1308 1978 πρὸς
1333 1908 1436 1981 τὴν
1454 1911 1716 1982 τοιαύτην

33 1989 316 2058 ἀπόδειξιν
334 1990 401 2046 τὰ
418 1990 559 2047 αὐτοὶ
581 1992 991 2064 διομολόγησαι.
1030 1991 1108 2047 Τὰ
1128 2003 1284 2058 ποῐα;
1313 1986 1431 2061 Αρ’
1452 1989 1575 2049 οἷόν
1594 1996 1654 2048 τέ
1669 2015 1720 2049 τι

12 2080 351 2146 πραχθῆναι
369 2094 443 2138 ως
460 2071 750 2146 λέγεται,ἦ
769 2076 945 2145 φύσιν
966 2079 1072 2145 ἔχει
1102 2077 1303 2145 πρᾶξιν
1331 2077 1526 2140 λέξεως
1554 2067 1722 2146 ἦττον
1749 2094 1836 2139 473

12 2190 13 2195 =
37 2155 299 2227 ἀληθείας
323 2154 684 2226 ἐφάπτεσθαι,
706 2152 816 2212 κάν
839 2161 888 2212 εἰ
913 2156 988 2227 μή
1018 2176 1094 2230 τῳ
1114 2159 1279 2226 δοκεῖ,
1303 2154 1442 2211 ἀλλὰ
1463 2156 1535 2211 σὺ
1554 2157 1719 2213 πότε-

13 2269 15 2287 ι
39 2259 143 2308 ρον
164 2235 449 2309 ὁμολογεῖς
466 2236 644 2304 οὕτως
660 2235 697 2310 ἢ
715 2237 812 2306 οὔ;
840 2236 1143 2311 Ὁμολογω,
1163 2243 1286 2311 ἔφη.
1329 2244 1509 2296 Τοῦτο
1527 2239 1630 2311 μὲν
1650 2238 1716 2312 δὴ

37 2317 111 2389 μή
133 2317 404 2389 ἀνάγκαζέ
419 2341 503 2390 με,
522 2316 610 2376 οἷα
630 2326 704 2393 τῷ
725 2321 871 2393 λόγῳ
903 2319 1225 2392 διήλθομεν,
1249 2326 1477 2376 τοιαῦτα
1504 2322 1719 2377 παντά-

37 2417 171 2455 πασι
191 2402 282 2455 καὶ
299 2405 378 2474 τῷ
401 2403 542 2474 ἔργῳ
565 2404 682 2457 δεῖν
710 2401 1014 2471 γιγνόμενα
1042 2398 1402 2472 ἀποφαίνειν·
1443 2399 1589 2471 ἀλλ’,
1619 2402 1719 2459 ἐὰν

35 2477 216 2537 οἷοίτε
235 2480 529 2551 γινώμεθα
550 2478 751 2552 εὑρεῖν,
777 2480 849 2547 ὥς
868 2478 942 2537 ἀν
972 2482 1242 2552 ἐγγύτατα
1269 2490 1383 2539 τῶν
1411 2485 1717 2554 εἰρημένων

32 2564 191 2629 πόλις
208 2563 500 2633 οίκήσειεν,
516 2563 691 2634 φάναι
702 2561 844 2635 ἡμᾶς
855 2564 1274 2636 ἑξευρηκέναι,’
1235 2587 1310 2631 ως
1321 2563 1532 2621 δυνατὰ
1544 2571 1718 2621 ταῦτα

4 2649 343 2716 γίγνεσθαι,
364 2641 402 2698 δι’
422 2643 495 2699 σύ
516 2645 822 2710 ἐπιτάττεις.
846 2641 882 2716 ἦ
902 2643 1006 2701 οὐκ
1026 2646 1326 2716 ἀγαπήσεις
1344 2646 1561 2702 τούτων
1577 2665 1780 2718 *cvr-B

5 2746 19 2803 ῃ
32 2725 248 2797 χάνωνς
289 2725 395 2796 ἐγώ
422 2728 523 2797 μὲν
547 2725 656 2797 γάρ
676 2723 751 2782 ἀν
778 2725 1060 2797 ἀγαπωην.
1102 2730 1210 2783 Καὶ
1229 2727 1335 2797 γὰρ
1355 2726 1481 2798 ἐγώ,
1506 2731 1627 2800 ἔφη.

106 2810 346 2931 Pxxvm
402 2807 476 2863 Τό
516 2807 574 2863 δὲ
612 2808 679 2880 δὴ
716 2828 851 2879 μετα
879 2815 1059 2878 τοῦτο,
1094 2830 1168 2874 ως
1194 2812 1363 2880 ἔοικε,
1397 2807 1719 2880 πειρώμεθα

7 2888 9 2924 J
169 2898 256 2931 Ατο
285 2887 364 2931 lv.
1408 2891 1456 2933 11

7 2931 10 2959 ι

7 2987 11 3025 f

0 3174 15 3236 'b
