1962 3236
266 157 373 209 386
870 161 1344 210 ΠΛΑΤΩΝΟΣ
1879 171 1938 217 68

209 291 244 333 D
271 287 358 346 ἐπ’
372 290 606 361 ἐσχάτην
619 290 724 362 τὴν
741 290 993 362 κεφαλὴν
1006 292 1334 363 περιστήσας
1346 291 1532 366 κύκλῳ
1547 296 1670 366 περὶ
1689 295 1788 350 τὸν
1804 297 1943 368 τρά-

268 378 440 442 χηλον
459 373 754 443 ἐκόλλησεν
773 370 1069 443 ὁμοιότητι,
1099 375 1190 429 καὶ
1218 372 1314 438 τάς
1342 374 1606 444 σιαγόνας
1633 375 1805 448 ἄκρας
1839 374 1943 432 αύ-

269 462 381 516 τοΐς
401 456 698 525 ξυνέδησεν
716 450 824 509 ὑπὸ
845 451 945 524 τὴν
966 454 1139 524 φύσιν
1157 460 1258 510 τοῦ
1277 454 1578 526 προσώπου
1591 479 1602 489 ·
1639 456 1707 512 τὰ
1730 455 1784 513 δ’
1804 458 1944 513 ἄλλα

269 537 345 597 εἰς
364 531 580 588 ἅπαντα
600 531 666 588 τά
684 535 819 605 μέλη
843 537 1128 606 διέσπειρε,
1160 535 1454 601 ξυνάπτων
1482 536 1702 608 ἄρθρον
1731 537 1941 611 ἅρθρφ.

268 612 372 683 τὴν
393 613 451 669 δὲ
472 611 539 686 δὴ
559 622 662 670 τοῦ
682 614 951 686 στόματος
970 613 1130 687 ἡμῶν
1148 616 1388 688 δύναμιν
1408 613 1601 673 ὀδοῦσι
1620 621 1711 673 καὶ
1728 619 1944 690 γλώττῃ

269 697 360 750 καὶ
376 699 611 765 χείλεσιν
636 697 797 752 ἕνεκα
815 701 928 751 τῶν
957 694 1277 766 ἀναγκαίων
1302 699 1393 753 καὶ
1423 704 1536 754 τῶν
1562 697 1801 770 ἀρίστων
1831 703 1944 754 διε-

270 775 555 848 κόσμησαν
576 780 634 832 οἱ
655 782 1112 847 διακοσμοῦντες,
1141 770 1304 851 ᾖνῦν
1323 783 1678 848 διατέτακται,
1709 778 1812 851 τὴν
1843 779 1944 850 μὲν

209 863 242 904 Ε
271 862 491 914 εἴσοδον
508 864 621 914 τῶν
640 855 959 929 ἀναγκαίων
971 860 1353 930 μηχανώμενοι
1367 861 1545 930 χάριν,
1558 860 1660 932 τὴν
1680 861 1732 917 δ’
1754 865 1944 926 ἔξοδον

270 946 385 994 τῶν
408 937 675 1009 ἀρίστων·
715 937 1019 1009 ἀναγκαῖον
1053 940 1154 1008 μὲν
1190 938 1297 1009 γὰρ
1331 946 1445 996 πᾶν
1480 938 1616 996 ὅσον
1653 943 1945 1011 εἰσέρχεται

270 1019 487 1092 τροφὴν
507 1019 664 1076 διδὸν
686 1027 765 1094 τῷ
783 1021 1019 1092 σώματι,
1050 1017 1110 1075 τὸ
1135 1020 1193 1075 δὲ
1213 1021 1397 1090 λόγων
1417 1028 1562 1092 νᾶμα
1583 1026 1682 1087 ἔξω
1705 1025 1833 1091 ῥέον
1854 1023 1943 1077 καὶ

267 1099 585 1172 ὑπηρετοῦν
615 1101 883 1173 φρονήσει
912 1101 1204 1158 κάλλιστον
1234 1105 1324 1157 καὶ
1352 1103 1578 1174 ἄριστον
1598 1102 1822 1158 πάντων
1841 1125 1945 1158 να-

269 1183 473 1253 μάτων.
514 1180 616 1254 τὴν
649 1181 698 1238 δ’
733 1177 807 1238 αὖ
823 1181 1075 1254 κεφαλὴν
1112 1182 1239 1238 οὔτε
1274 1183 1451 1253 μόνον
1488 1181 1740 1255 ὀστεΐνην
1776 1182 1943 1254 ψιλὴν

269 1262 511 1319 δυνατὸν
530 1265 630 1335 ε’ᾆν
648 1257 721 1334 ἦν
741 1261 830 1319 διὰ
849 1263 952 1335 τὴν
971 1265 1030 1318 ἐν
1049 1274 1164 1328 ταῖς
1191 1263 1355 1335 ὥραις
1370 1262 1458 1335 ἐφ’
1483 1263 1741 1335 ἑκάτερον
1769 1262 1942 1333 ὑπερ·

266 1345 459 1416 βολήν,
498 1341 619 1400 οὔτ’
664 1339 738 1399 αὖ
776 1348 1204 1411 ξυσκιασθεῖσαν
1238 1343 1437 1416 κωφὴν
1474 1347 1565 1400 καὶ
1599 1342 1943 1416 ἀναίσθητον

270 1423 359 1480 διὰ
381 1423 479 1480 τὸν
510 1431 622 1480 τῶν
642 1431 865 1494 σαρκῶν
889 1423 1054 1495 ὄχλον
1074 1429 1338 1495 περιιδεῖν
1359 1427 1694 1496 γιγνομένην
1708 1445 1720 1456 ·
1758 1432 1853 1496 τῆς
1874 1423 1939 1495 δὴ

181 1515 238 1562 76
270 1508 626 1575 σαρκοειδοῦς
655 1504 875 1574 φύσεως
904 1503 972 1560 οὐ
1003 1507 1533 1577 καταξηραινομένης
1559 1509 1734 1577 λέμμα
1761 1511 1943 1576 μεῖζον

266 1585 726 1656 περιγιγνόμενον
741 1589 1036 1657 ἐχωρίζετο,
1052 1590 1223 1657 δέρμα
1241 1585 1300 1642 τὸ
1322 1594 1430 1642 νῦν
1442 1587 1757 1658 λεγόμενον.
1777 1593 1940 1642 τοῦτο

266 1669 325 1722 δὲ
346 1665 433 1722 διὰ
455 1665 559 1737 τὴν
578 1668 699 1737 περὶ
727 1665 828 1722 τὸν
847 1669 1153 1738 ἐγκέφαλον
1180 1672 1368 1723 νοτίδα
1400 1667 1590 1734 ξυνιόν
1629 1665 1764 1723 αὐτὸ
1804 1666 1942 1736 πρὸς

266 1744 401 1802 αὑτὸ
424 1750 514 1802 καὶ
533 1748 848 1818 βλαστάνον
866 1747 1053 1821 κύκλῳ
1073 1751 1504 1820 περιημφιέννυε
1532 1747 1635 1819 τὴν
1661 1748 1938 1819 κεφαλήν”

263 1826 297 1898 ἡ
326 1828 384 1884 δὲ
404 1830 550 1893 νοτὶς
578 1826 684 1883 ὑπὸ
711 1829 806 1894 τὰς
834 1829 1014 1901 ῥαφὰς
1045 1828 1279 1885 ἀνιοῦσα
1307 1823 1439 1901 ἧρδε
1470 1831 1561 1885 καὶ
1589 1830 1941 1885 συνέκλεισεν

264 1906 398 1965 αὐτὸ
433 1911 520 1966 ἐπὶ
538 1907 640 1980 τὴν
676 1910 952 1981 κορυφήν,
992 1906 1113 1966 οἷον
1141 1909 1296 1982 ἅμμα
1334 1914 1748 1981 ξυναγαγοῦσα,
1786 1910 1848 1965 τὸ
1880 1908 1940 1963 δὲ

262 1997 375 2046 τῶν
393 1992 592 2062 ρ”αφῶν
611 1989 969 2047 παντοδαπὸν
998 1990 1139 2057 εἶδος
1157 1996 1351 2062 γέγονε
1380 1990 1470 2047 διὰ
1500 1989 1602 2061 τὴν
1621 1997 1732 2046 τῶν
1750 1989 1939 2060 περιό-

264 2075 378 2127 δων
398 2072 637 2143 δύναμιν
660 2074 748 2128 καὶ
767 2080 861 2143 τῆς
897 2080 1122 2143 τροφῆς,
1157 2078 1373 2143 μαλλον
1406 2094 1507 2141 μεν
1542 2069 1797 2140 ἀλλήλοις
1832 2092 1938 2140 μα-

201 2165 234 2204 Β
264 2157 514 2222 χομένων
550 2154 765 2209 τούτων
801 2157 1045 2222 πλείους,
1082 2147 1247 2224 ἦττον
1276 2155 1334 2207 δὲ
1371 2152 1642 2216 ἐλάττους.
1675 2158 1838 2206 τοῦτο
1870 2149 1936 2223 δὴ

262 2236 377 2286 πᾶν
395 2230 455 2286 τὸ
477 2235 646 2303 δέρμα
671 2233 858 2288 κύκλω
888 2236 1194 2289 κατεκέντει
1225 2235 1356 2304 πυρὶ
1384 2229 1445 2287 τὸ
1473 2239 1651 2300 θειον,
1687 2234 1938 2300 τρωθέν-

260 2334 354 2378 τος
373 2312 431 2368 δε
460 2314 551 2368 καὶ
587 2320 682 2384 τῆς
718 2314 945 2385 ἰκμάδος
974 2318 1073 2380 ἔξω
1105 2311 1177 2368 δι’
1202 2312 1378 2369 αὐτοῦ
1407 2314 1714 2411 φερομένης
1742 2310 1802 2367 τό
1836 2315 1937 2382 μὲν

262 2390 439 2462 ὑγρὸν
469 2396 558 2450 καὶ
587 2393 803 2466 θερμὸν
833 2393 968 2451 ὅσον
998 2394 1282 2466 ειλικρινες
1311 2393 1525 2466 ἀπῄειν,
1563 2391 1624 2449 τὸ
1657 2393 1713 2449 δε
1738 2391 1936 2464 μικτὸν

261 2476 313 2539 ἐξ
333 2496 414 2529 ων
433 2476 522 2530 καὶ
542 2474 602 2530 τὸ
624 2478 843 2547 δέρμα’
812 2498 901 2547 ην,
935 2474 1233 2547 αἰρόμενον
1251 2477 1355 2546 μὲν
1384 2473 1491 2530 ὑπὸ
1523 2480 1618 2545 τῆς
1635 2479 1815 2544 φορᾶς
1834 2477 1934 2539 ἔξω
1961 2526 1962 2529 ,

259 2554 475 2626 μακρὸν
494 2558 741 2625 ἐτείνετο,
773 2557 1072 2629 λεπτότητα
1102 2565 1227 2628 ἴσην
1246 2561 1371 2628 ἔχον
1389 2563 1467 2611 τῶ
1485 2554 1931 2626 κατακεντήματι,

260 2637 351 2692 διὰ
387 2639 446 2692 δὲ
489 2641 807 2709 βραδυτῆτα
845 2636 1255 2709 ἀπωθούμενον
1289 2636 1398 2693 ὑπὸ
1437 2643 1540 2693 τοῦ
1576 2640 1933 2706 περιεστῶτος

261 2720 470 2784 ἔξωθεν
491 2717 801 2790 πνεύματος
827 2719 991 2777 πάλιν
1016 2721 1169 2785 ἐντὸς
1188 2717 1296 2774 ὑπὸ
1318 2718 1378 2774 τὸ
1412 2721 1583 2790 δέρμα
1612 2715 1932 2786 είλλόμενον

195 2815 226 2856 C
258 2803 659 2872 κατερριζοῦτο,
680 2802 770 2856 καὶ
787 2799 924 2856 κατὰ
942 2807 1112 2856 ταῦτα
1135 2799 1200 2872 δὴ
1221 2798 1286 2855 τά
1301 2801 1456 2871 πάθη
1476 2799 1536 2854 τό
1556 2803 1754 2869 τριχῶν
1772 2798 1932 2878 γένος
