1962 3236
62 2219 149 2263 455

106 2774 139 2812 B

178 198 282 252 140
792 199 1267 248 ΠΛΑΤΩΝΟΣ

179 333 321 402 τότε,
343 330 434 386 ὅτε
452 330 517 386 τοὶ
547 330 945 401 ἐπιτηδεύματα
977 328 1116 427 ἄλλῃ
1149 331 1317 429 φύσει
1346 330 1503 401 ἄλλα,
1533 338 1600 404 τῇ
1632 332 1691 387 δὲ
1719 332 1858 407 αὐτῇ

180 411 246 469 τὰ
285 409 424 467 αὐτὰ
461 410 807 481 ἀπεδίδομεν.
858 409 944 465 Οὐ
971 410 1078 480 γὰρ
1099 405 1228 480 οὖν,
1259 415 1381 482 ἔφη,
1420 414 1854 483 ἐπεσκεψάμεθα.

184 493 492 563 Τοιγάρτοι,
515 490 688 560 εἶπον,
709 495 917 556 ἔξεστιν
935 489 1083 562 ἡμῖν,
1107 490 1181 557 ῶς
1200 490 1441 563 ἕοικεν,’
1410 501 1697 566 ανερωτᾷν
1715 493 1859 566 ἡμᾶς

182 575 401 645 αὐτούς,
425 581 477 632 εἰ
493 574 525 646 ἡ
549 573 687 644 αὐτὴ
709 574 879 644 φύσις
899 580 1205 644 φαλακρῶν
1235 576 1326 630 καὶ
1358 583 1615 646 κομητῶν
1639 580 1728 634 καὶ
1756 577 1858 649 οὐχ

180 655 214 727 ἡ
245 659 484 727 ἐναντία,
524 656 613 712 καὶ
644 655 870 711 ἐπειδάν
899 653 1259 726 ὁμολογῶμεν
1289 658 1545 711 ἐναντίαν
1575 657 1729 723 εἶναι,
1760 658 1859 714 ἐὰν
1927 655 1943 681 ⁷

182 739 456 807 φαλακροὶ
477 742 870 807 σκυτοτομῶσι,
892 736 965 807 μὴ
987 740 1086 809 ἐᾷν
1106 738 1363 807 κομήτας,
1386 737 1484 792 ἐὰν
1503 741 1555 793 δ’
1588 733 1663 793 αὖ
1682 746 1857 810 κομῆ-

1189 814 1262 837 ’Ἃ

181 840 285 886 ται,
306 817 377 890 μὴ
401 817 532 882 τούς
549 819 779 887 ἐτέρους.
803 823 1033 873 Γελοῖον
1051 820 1182 887 μέντ
1225 841 1297 872 αν
1318 827 1417 888 εἴη,
1440 824 1560 890 ἔφη.
1594 823 1723 888 ’Λρα
1742 818 1853 875 κατ’

181 898 317 956 ἄλλο
336 922 404 968 τι,
427 897 628 954 εἶπον’
602 899 726 969 εγιό,
749 896 1031 968 γελοῖον,
1005 897 1042 968 η’
1062 898 1147 954 ὅτι
1169 899 1290 953 τότε
1311 897 1380 953 οὐ
1399 899 1615 964 πάντως
1634 901 1735 970 τὴν
1753 900 1858 956 αὐ-
1930 915 1935 945 1

180 981 283 1051 τὴν
303 981 392 1034 καὶ
411 980 516 1049 τὴν
534 980 726 1048 ἑτέραν
751 980 926 1047 φύσιν
946 981 1259 1048 ἐτιθέμεθα,
1282 977 1406 1035 ἀλλ’
1428 981 1603 1034 ἐκεῖνο
1633 979 1694 1035 τὸ
1717 979 1859 1046 εἶδος
1920 992 1931 1002 ”

182 1068 279 1131 τῆς
302 1059 647 1123 ἀλλοιώσεώς
666 1081 723 1114 τε
752 1062 842 1115 καὶ
863 1058 1176 1129 ὁμοιώσεως
1196 1060 1373 1131 μόνον
1403 1060 1776 1131 ἐφυλάττομεν
1794 1062 1855 1117 τὸ
1930 1055 1935 1102 f

181 1140 321 1212 πρὸς
340 1138 482 1194 αὐτὰ
502 1152 684 1194 τεῖνον
703 1139 768 1194 τὰ
789 1142 1219 1211 ἐπιτηδεύματα;
1239 1137 1359 1197 οἷον
1379 1139 1626 1209 ἠκτρικὸν
1646 1142 1747 1212 μὲν
1765 1145 1857 1198 καὶ

182 1219 432 1291 ἰατρικὴν
452 1218 553 1290 τὴν
582 1219 767 1291 ψυχὴν
795 1220 957 1286 ὄντας
987 1221 1088 1292 τὴν
1117 1220 1292 1292 αὐτὴν
1322 1222 1497 1292 φύσιν
1519 1227 1658 1293 ἔχειν
1676 1225 1859 1292 ἐλέγο-

352 1297 375 1318 ’Ν

180 1323 307 1374 μεν·
337 1324 371 1372 η
405 1300 509 1356 οὐκ
530 1308 659 1367 οἰ’;ει
679 1301 902 1372 ’Έγωγέ
938 1300 1205 1371 Ἰατρικὸν
1225 1302 1283 1358 δε
1302 1306 1391 1359 καὶ
1421 1303 1737 1359 τεκτονικὸν
1758 1303 1860 1359 αλ-
1927 1310 1943 1334 ‘⁴‘

180 1391 311 1454 λην;
341 1383 576 1447 Παντως
601 1403 724 1438 που.
1919 1374 1940 1405 ⁵

317 1468 373 1517 V.
415 1463 660 1534 Οὐκοῦν,
690 1459 763 1535 ἦν
801 1464 854 1519 δ’
892 1466 1015 1536 ἐγώ,
1038 1468 1128 1520 καὶ
1158 1466 1218 1520 τὸ
1255 1473 1368 1520 τῶν
1406 1464 1630 1535 ἀνδρῶν
1667 1468 1758 1522 καὶ
1794 1466 1855 1521 τὸ
1927 1502 1930 1503 ⁷

179 1554 290 1603 τῶν
335 1551 621 1615 γυναικῶν
662 1548 850 1615 γένος,
907 1547 1002 1602 ἐὰν
1050 1547 1150 1618 μὲν
1197 1546 1334 1615 πρὸς
1400 1550 1597 1619 τέχνην
1649 1547 1773 1603 τινα
1822 1544 1859 1618 ἢ
1927 1603 1938 1616 „

179 1628 314 1684 ἄλλο
361 1628 691 1697 ἐπιτήδευμα
740 1632 1006 1698 διαφέρον
1035 1635 1322 1700 φαίνηται,
1365 1635 1527 1684 τοῦτο
1575 1628 1640 1700 δὴ
1680 1629 1861 1700 φήσο-

179 1732 283 1781 μεν
322 1711 557 1783 ἑκατέρῳ
594 1714 710 1765 δεῖν
745 1708 1090 1778 ἀποδιδόναι,
1124 1709 1222 1766 ἐὰν
1254 1710 1304 1765 δ’
1340 1709 1490 1784 αὐτῷ
1518 1711 1696 1783 τούτῳ
1727 1718 1859 1781 φαί-

180 1813 339 1862 νηται
371 1793 671 1860 διαφέρειν,
710 1798 788 1864 τῷ
822 1789 882 1846 τὸ
921 1794 1023 1861 μὲν
1055 1798 1205 1862 θῆλυ
1240 1796 1459 1861 τίκτειν,
1493 1789 1553 1846 τὸ
1589 1791 1647 1847 δὲ
1684 1791 1856 1861 ἄρρεν
1926 1800 1929 1801 ’

181 1870 415 1942 ὀχεύειν,
439 1870 605 1926 οὐδέν
634 1877 690 1926 τί
714 1893 800 1927 πω
830 1874 1080 1943 φήσομεν
1101 1880 1315 1943 μᾶλλον
1344 1871 1749 1943 ἀποδεδεῖχθαι,
1784 1871 1860 1937 ὥς

179 1951 317 2023 πρὸς
338 1950 371 2008 ὂ
393 1951 542 2023 ἡμεῖς
560 1957 792 2023 λέγομεν
811 1957 1059 2024 διαφέρει
1078 1953 1223 2024 γυνὴ
1244 1953 1461 2025 ἀνδρός,
1484 1952 1606 2009 ἄλλ’
1642 1959 1719 2008 ἔτι
1737 1959 1858 2023 οἰη-

179 2034 396 2103 σόμεθα
426 2037 543 2088 δεῖν
572 2032 637 2088 τὰ
669 2033 809 2089 αὐτοὶ
841 2035 1180 2104 ἐπιτηδεύειν
1207 2036 1340 2099 τούς
1368 2055 1426 2088 τε
1446 2034 1698 2104 φύλακας
1725 2032 1855 2104 ἡμῖν

179 2118 269 2168 καὶ
289 2112 383 2177 τοὶς
401 2126 668 2182 γυναῖκας
687 2113 887 2170 αὐτῶν.
927 2118 1035 2169 Καὶ
1056 2114 1262 2184 ὀρθῶς,
1285 2119 1405 2185 ἔφη.
1458 2113 1689 2170 Οὐκοῦν
1718 2114 1852 2185 μετὰ

178 2201 341 2248 τοῦτο
362 2195 664 2265 κελεύομεν
682 2195 782 2250 τὸν
799 2194 865 2251 τὰ
893 2198 1114 2251 ἐναντία
1145 2199 1376 2266 λέγοντα
1406 2203 1571 2251 τοῦτο
1603 2195 1736 2250 αὐτὸ
1771 2201 1856 2251 δι-

172 2275 403 2330 δάσκειν
422 2273 581 2345 ἡμᾶς,
614 2275 752 2346 πρὸς
768 2282 890 2331 τίνα
909 2281 1107 2348 τέχνην
1125 2275 1161 2348 ἦ
1180 2283 1234 2332 τί
1249 2277 1582 2347 ἐπιτήδευμα
1599 2285 1712 2332 τῶν
1732 2280 1854 2346 περὶ

177 2357 390 2420 πόλεως
409 2358 758 2427 κατασκευὴν
777 2355 927 2428 οὐχὴ
948 2358 1086 2428 αὐτὴ
1107 2357 1243 2413 ἄλλα
1275 2359 1431 2426 ἑτέρα
1463 2359 1631 2428 φύσις
1658 2380 1853 2429 γυναι-

177 2437 273 2501 κός
291 2459 348 2492 τε
366 2440 457 2492 καὶ
478 2434 713 2508 ἀνδρόςς
749 2444 986 2495 Δίκαιον
1005 2446 1160 2509 γοῦν.
1207 2440 1357 2510 Τάχα
1376 2446 1569 2495 τοίνυν
1598 2440 1684 2510 ἄν,
1717 2439 1855 2511 ὅπερ

177 2516 250 2573 σύ
270 2517 458 2588 ὀλίγον
478 2520 750 2588 πρότερον
768 2525 963 2590 ἔλεγες,
998 2530 1140 2577 εἴποι
1161 2518 1232 2576 ἂν
1250 2523 1339 2575 καὶ
1358 2521 1539 2589 ἄλλος,
1571 2518 1656 2575 ὅτι
1675 2524 1733 2575 ἐν
1751 2521 1855 2590 μὲν

175 2606 253 2673 τῷ
271 2607 601 2671 παραχρῆμα
622 2604 825 2665 ἱκανῶς
845 2607 1018 2658 εἰπεῖν
1037 2600 1107 2657 οὐ
1127 2601 1340 2674 ῥᾴδιον,
1362 2604 1773 2672 ἐπισκεψαμένῳ
1793 2601 1854 2654 δὲ

176 2679 343 2736 οὐδὲν
359 2683 614 2751 χαλεπόν.
655 2689 822 2738 Εἴποι
851 2684 958 2754 γὰρ
988 2683 1075 2738 ἄν.
1113 2684 1314 2740 Βούλει
1340 2677 1446 2738 οὖν
1469 2683 1723 2751 δεώμεθα
1752 2686 1853 2735 τοῦ

173 2760 239 2816 τὰ
252 2769 476 2816 τοιαῦτα
497 2761 877 2833 ἀντιλέγοντος
890 2763 1271 2835 ἀκολουθῆσαι
1290 2762 1435 2834 ἡμῖν,
1457 2763 1555 2818 ἐάν
1565 2779 1681 2826 πῶς
1699 2758 1853 2832 ἡμεῖς

173 2845 364 2913 ἐκείνῳ
402 2845 790 2915 ἐνδειξώμεθα,
831 2845 917 2900 ὅτι
954 2845 1121 2901 οὐδέν
1157 2849 1306 2900 ἐστιν
1340 2843 1669 2914 ἐπιτήδευμα
1709 2847 1853 2898 ἴδιον
