1962 3236
610 199 1098 247 ΠΟΛΙΤΕΙΑΣ
1121 191 1168 244 ε’.
1609 195 1712 248 159

0 331 5 362 '³
30 336 206 397 οἰκίας
224 334 585 402 ἐμπιπρῶσιν,
601 329 674 396 ῶς
688 328 1049 402 ἀλιτηριώδης
1062 352 1118 385 τε
1138 335 1292 386 δοκεῖ
1304 328 1338 401 ἡ
1363 330 1551 396 στάσις
1571 330 1711 387 εἶναι

31 416 120 468 καὶ
142 410 422 483 οὐδέτεροι
442 411 629 469 αὐτῶν
646 413 1024 483 φιλοπόλιδες·
1062 412 1131 467 οὐ
1158 411 1265 482 γὰρ
1295 409 1367 468 ἄν
1396 433 1527 468 ποτε
1555 412 1710 467 ἐτόλ-

31 516 152 565 μων
171 493 272 564 τὴν
289 484 504 564 κόν
523 514 580 547 τε
598 495 686 547 καὶ
700 495 903 563 μητέρα
923 497 1150 562 κείρειν·
1170 491 1310 548 ἀλλὰ
1329 495 1553 564 μέτριον
1572 491 1713 548 εἶναι

2 570 3 574 “
31 574 162 640 τούς
180 574 429 642 καρποὺς
445 573 805 644 ἀφαιρεῖσθαι
824 585 936 638 τοῖς
967 581 1233 644 κρατοῦσι
1263 582 1376 630 τῶν
1403 579 1711 646 κρατουμέ-
1749 584 1784 625 Ε

32 679 165 728 νων,
193 660 279 712 καὶ
311 660 654 712 διανοεῖσθαι
691 653 766 720 ὥς
804 659 1324 727 διαλλαγησομένων
1362 660 1452 713 καὶ
1491 654 1595 713 οὐκ
1627 654 1711 712 ἀεὶ

3 766 5 774 ¹
31 739 475 808 πολεμησόντων.
512 737 670 792 Πολύ
691 736 814 805 γάρ,
837 741 959 807 ἔφη,
979 734 1345 807 ἡμερωτέρων
1373 736 1512 808 αὕτη
1534 735 1568 809 ἡ
1588 737 1712 792 διά-

30 839 159 873 νοια
181 821 407 890 ἐκείνης.
452 823 521 873 Τί
537 818 595 874 δὲ
616 818 686 889 δή
700 842 714 883 ;
747 823 916 888 ἔφην·
951 815 1024 888 ἣν
1053 818 1126 872 σύ
1154 819 1320 873 πόλιν
1348 822 1578 888 οἰκίζεις,
1609 818 1713 889 οὐχ

19 894 263 969 Ἑλληνὶς
282 904 458 965 ἔσται;
495 907 604 954 Δεῖ
618 897 672 968 γ’
696 896 889 968 αὐτήν,
909 902 1031 969 ἔφη.
1073 897 1302 954 Οὐκοῦν
1321 899 1411 953 καὶ
1430 896 1640 968 ἀγαθοί
1653 919 1712 953 τε

29 982 118 1035 καὶ
145 980 338 1050 ἥμεροι
359 984 599 1043 ἔσονταις
619 981 858 1050 Σφόδρα
877 1002 954 1050 γε.
989 977 1131 1036 Ἀλλ’
1152 978 1222 1035 οὗ
1241 983 1564 1051 φιλέλληνες
1583 977 1715 1034 οὐδὲ

31 1066 240 1116 οἰκείαν
260 1059 604 1132 τὴνἙλλάδα
622 1059 938 1132 ἡγήσονται,
969 1059 1101 1116 οὐδὲ
1128 1061 1572 1132 κοινωνήσουσιν
1600 1053 1713 1115 ῶν·-

29 1163 133 1208 περ
158 1146 216 1197 οἱ
246 1142 403 1198 ἄλλοι
436 1146 627 1212 ίερῶν;
666 1144 774 1197 Καὶ
812 1142 1031 1211 σφόδρα
1067 1163 1144 1212 γε.
1188 1139 1419 1197 Οὐκοῦν
1445 1139 1547 1212 τὴν
1574 1139 1714 1209 πρὸς

28 1223 160 1288 τούς
171 1224 439 1294 ’Έλληνας
451 1223 729 1294 διαφορὰν
749 1222 821 1288 ὡς
841 1228 1077 1288 οἰκείους
1087 1223 1283 1278 στάσιν
1302 1221 1603 1293 ἡγήσονται
1622 1223 1714 1277 καὶ
1739 1235 1824 1282 471
1879 1276 1886 1286 ,

30 1305 161 1362 οὐδὲ
178 1303 520 1376 όνομάσουσι
539 1305 807 1375 πόλεμον;
848 1304 935 1360 Οὐ
954 1305 1075 1374 γάρ.
1121 1306 1231 1359 Καὶ
1252 1301 1323 1368 ῶς
1343 1303 1712 1374 διαλλαγησό-

30 1408 182 1458 μενοι
206 1385 315 1454 ἄρα
335 1391 661 1454 διοίσονται;
682 1386 848 1441 Πάνυ
860 1386 961 1457 μὲν
980 1379 1101 1442 οὖν.
1123 1385 1390 1456 Εὐμενῶς
1411 1384 1477 1455 δὴ
1495 1401 1711 1455 σωφρο-

30 1475 267 1536 νιοὺσιν,
302 1465 407 1523 οὐκ
443 1469 531 1524 ἐπὶ
570 1472 792 1542 δουλεία
829 1469 1149 1535 κολάζοντες
1187 1465 1311 1522 οὐδ’
1346 1464 1435 1523 ἐπ’
1471 1465 1710 1539 ὀλέθρῳ,

2 1574 5 1583 ’
32 1551 406 1621 σωφρονισταὶ
436 1548 608 1618 ὄντες,
629 1549 697 1605 οὐ
718 1553 980 1622 πολέμιοι.
1022 1547 1232 1620 Οὕτως,
1266 1552 1386 1620 ἔφη.
1428 1546 1569 1604 Οὐδ’
1603 1547 1711 1618 ἄρα

30 1632 134 1703 τὴν
165 1629 396 1686 Ἐλλάδα
419 1628 676 1701 Ἕλληνες
705 1630 861 1697 ὄντες
881 1638 1159 1701 κεροῦσιν,
1192 1628 1322 1686 οὐδὲ
1350 1630 1589 1701 οἰκήσεις
1615 1633 1712 1700 έμ-

3 1739 5 1758 ÷
32 1713 363 1783 πρήσουσιν,
385 1710 515 1768 οὐδὲ
536 1712 981 1784 ὁμολογήσουσιν
998 1714 1060 1768 ἐν
1081 1711 1283 1784 ἑκάστῃ
1313 1713 1471 1768 πόλει
1499 1711 1711 1775 πάντας

31 1794 268 1866 ἐχθροὺς
287 1792 474 1858 αὐτοῖς
502 1791 660 1863 εἶναι,
695 1796 784 1850 καὶ
816 1794 1023 1865 ἄνδρας
1050 1795 1140 1849 καὶ
1167 1804 1436 1863 γυναῖκας
1463 1794 1556 1848 καὶ
1582 1803 1713 1848 παϊ-

34 1879 149 1945 δας,
172 1873 294 1931 ἀλλ’
321 1873 543 1945 ὀλίγους
562 1873 644 1931 ἀεὶ
665 1876 904 1945 ἐχθρούς
922 1873 1054 1939 τούς
1072 1879 1279 1939 αἰτίους
1297 1880 1392 1944 τῆς
1412 1877 1706 1945 διαφορᾶς·
1739 1885 1775 1928 Β

0 1983 6 2021 ρ
32 1958 122 2012 καὶ
142 1957 232 2011 διὰ
256 1962 428 2011 ταῦτα
446 1956 625 2011 πάντα
644 1954 772 2011 οὔτε
792 1954 895 2027 τὴν
911 1962 1019 2027 γῆν
1038 1955 1370 2026 ἐθελήσουσι
1387 1959 1590 2023 κείρειν
1606 1951 1713 2009 αὐ-

30 2044 160 2105 τῶν,
182 2034 257 2102 ὡς
276 2043 457 2107 φίλων
474 2043 587 2093 τῶν
606 2044 844 2107 πολλῶν,
865 2036 994 2092 οὔτε
1011 2041 1185 2101 οἰκίας
1205 2034 1549 2106 ἀνατρέπειν,
1571 2033 1711 2090 ἀλλά

3 2150 7 2169 .
31 2123 187 2191 μέχρι
208 2118 412 2174 τούτου
446 2119 769 2190 ποιήσονται
797 2118 899 2190 τὴν
929 2117 1225 2189 διαφοράν,
1259 2120 1415 2188 μέχρι
1444 2109 1515 2173 οὗ
1550 2113 1624 2172 ἂν
1659 2118 1716 2171 οἱ

35 2209 197 2257 attam
217 2198 649 2270 ἀναγκασθῶσιν
668 2199 777 2256 ὑπὸ
810 2207 924 2256 τῶν
944 2199 1207 2256 ἀναιτίων
1231 2199 1556 2271 ἀλγούντων
1575 2203 1711 2255 δοῦ-

3 2309 7 2322 ’
36 2305 130 2339 ναι
145 2285 316 2352 δίκην.
352 2281 483 2352 Ἐγώ
503 2286 623 2354 μέν,
652 2288 777 2355 ἔφη,
807 2281 1062 2355 ὁμολογῶ
1090 2282 1238 2339 οὕτω
1268 2286 1386 2339 δεῖν
1413 2280 1554 2353 πρὸς
1580 2279 1711 2347 τοὺς

0 2347 7 2429 Ι
34 2366 320 2427 ἐναντίους
347 2364 478 2428 τούς
513 2362 811 2435 ἡμετέρους
839 2370 1062 2429 πολίτας
1088 2366 1533 2435 προσφέρεσθαι·
1572 2362 1711 2433 πρὸς

36 2444 94 2500 δὲ
121 2441 252 2506 τούς
282 2444 600 2514 βαρβάρους
630 2443 702 2509 ὡς
738 2451 845 2500 νῦν
883 2448 940 2500 οἰ
968 2442 1226 2516 Ἕλληνες
1256 2445 1394 2514 πρὸς
1421 2443 1706 2515 ἀλλήλους.

41 2529 300 2594 Τιθῶμεν
319 2523 387 2594 δὴ
406 2526 496 2579 καὶ
515 2531 715 2580 τοῦτον
732 2523 832 2581 τὸν
851 2526 1028 2595 νόμον
1054 2537 1165 2590 τοῖς
1195 2525 1416 2595 φύλαξι,
1439 2524 1580 2595 ’μήτε
1604 2530 1710 2594 γῆν
1742 2543 1775 2587 0

35 2606 254 2675 τέμνειν
281 2603 414 2674 μήτε
445 2609 618 2669 οἰκίας
642 2606 1007 2675 ἐμπιπράναι;
1046 2612 1263 2676 Θῶμεν,
1289 2610 1412 2675 ἔφη,
1445 2605 1535 2659 καὶ
1566 2608 1707 2675 ἔχειν

35 2706 97 2758 γε
116 2693 295 2750 καλῶς
314 2686 485 2740 ταῦτα’
516 2707 571 2740 τε
595 2688 683 2741 καὶ
708 2685 773 2741 τὰ
803 2686 1071 2755 πρόσθεν.

173 2771 321 2823 xvn.
359 2767 516 2822 Ἀλλά
539 2769 643 2837 γάρ
663 2790 756 2838 μοι
772 2771 967 2834 δοκεῖς,
990 2761 1035 2822 ὦ
1053 2767 1366 2837 Σώκρατες,
1396 2767 1494 2824 ἐάν
1520 2772 1599 2832 τίς
1618 2784 1705 2823 σοι

36 2846 104 2904 τὰ
119 2855 343 2904 τοιαῦτα
365 2851 622 2921 ἐπιτρέπῃ
643 2852 837 2919 λέγειν,
858 2849 1122 2904 οὐδέποτε
1142 2849 1568 2920 μνησθήσεσθαι
1594 2846 1626 2904 ὅ
1645 2851 1705 2904 ἐν
