1962 3236
0 92 104 211 ’,ηε
697 125 834 172 ΚΡ]
846 124 1050 171 ΤῙΑΣ.
1602 118 1704 172 431

2 284 75 319 ’τε
95 263 218 333 περὶ
245 258 521 332 ἀλλήλους
540 263 718 314 ποιῶν
736 256 986 327 τροχούς,
1020 255 1122 311 δύο
1153 256 1254 325 μὲν
1278 259 1396 325 γῆς,
1427 255 1707 326 θαλάττης

3 347 77 400 ’δὲ
105 354 248 412 τρεῖς
276 337 396 397 οἷον
422 340 708 411 τορνεύων
740 341 800 395 ἐκ
831 340 998 408 μέσης
1025 341 1119 406 τῆς
1146 335 1340 407 νήσου,
1371 334 1549 405 πάντη
1581 343 1706 391 ἴσον

0 423 354 498 ράφεστῶτας,
396 420 535 477 ῶστε
572 420 783 492 ἄβατον
820 418 1144 488 ἀνθρώποις
1182 415 1345 473 εἶναι·
1393 423 1557 473 πλοῖα
1597 416 1703 486 γὰρ
1733 421 1766 460 Ε

0 509 107 568 ικαὶ
128 504 189 561 τό
211 512 370 560 πλεῖν
389 502 547 559 οὔπω
566 500 680 558 τότ’
702 494 789 571 ἦν.
814 498 979 565 αὐτὸς
1001 500 1059 555 δὲ
1079 499 1181 569 τήν
1205 520 1264 554 τε
1283 501 1343 554 ἐν
1363 500 1511 572 μέσῳ
1529 505 1706 570 νῆσον

0 583 105 678 *ola
130 585 197 657 δὴ
228 585 363 651 θεὸς
394 583 648 656 εὐμαρῶς
669 582 1050 653 διεκόσμησεν,
1073 580 1252 637 ὕδατα
1286 584 1386 651 μὲν
1412 578 1563 636 διττὰ
1593 577 1704 636 ὑπὸ

14 676 117 740 γῆς
152 667 270 723 ἅνω
305 678 511 738 πηγαῖα
546 670 792 736 κομίσας,
824 662 885 718 τὸ
922 663 1023 734 μὲν
1047 663 1285 733 θερμόν,
1313 661 1531 733 ψυχρὸν
1558 664 1617 719 δὲ
1645 666 1704 719 ἐκ

14 751 224 823 κρήνης
243 748 521 820 ἀπορρέον
541 749 749 817 ἕτερον,
772 745 988 816 τροφὴν
1009 748 1068 800 δὲ
1088 750 1357 801 παντοίαν
1386 746 1476 800 καὶ
1505 742 1706 815 ἱκανὴν

14 834 76 888 ἐκ
100 838 197 902 τῆς
214 837 315 902 γῆς
334 827 635 894 ἀναδιδούς
648 851 659 861 ·
699 831 914 884 παίδων
935 825 994 882 δὲ
1013 823 1265 896 ἀρρένων
1283 828 1445 882 πέντε
1464 829 1705 897 γενέσεις

14 913 286 984 διδύμους
332 910 745 983 γεννησάμενος
792 912 1084 980 ἐθρέψατο,
1123 909 1213 962 καὶ
1251 906 1352 978 τὴν
1390 913 1566 979 νῆσον
1603 907 1706 979 τὴν

7 992 328 1050 Ἀτλαντίδα
348 998 535 1048 πᾶσαν
554 993 686 1047 δέκα
706 992 842 1062 μέρη
863 993 1191 1060 κατανείμας
1212 995 1327 1043 τῶν
1346 987 1447 1060 μὲν
1467 995 1703 1061 πρεσβυ·

17 1076 199 1131 τάτων
217 1081 293 1149 τῷ
313 1076 562 1148 προτέρῳ
582 1076 864 1146 γενομένῳ
885 1071 988 1142 τήν
1008 1092 1065 1125 τε
1083 1069 1344 1144 μητρῴαν
1372 1078 1592 1142 οἴκησιν
1614 1074 1705 1128 καὶ

0 1156 117 1229 ιτὴν
134 1157 321 1232 κύκλῳ
343 1161 515 1227 λῆξιν,
536 1160 799 1226 πλείστην
816 1155 907 1210 καὶ
936 1153 1167 1224 ἀρίστην
1198 1147 1392 1225 οὖσαν,
1425 1152 1702 1227 ἀπένειμε,

0 1242 242 1323 βασιλέα
262 1259 319 1293 τε
338 1243 453 1293 τῶν
476 1236 664 1293 ἄλλων
684 1240 997 1306 κατέστησε,
1019 1234 1148 1299 τούς
1171 1235 1229 1291 δὲ
1257 1235 1463 1302 ἄλλους
1498 1235 1706 1308 ἄρχον-

0 1331 126 1390 Ῐτας,
150 1319 360 1392 ἑκάστῳ
374 1320 432 1375 δὲ
454 1317 628 1390 ἀρχὴν
646 1324 871 1374 πολλῶν
890 1315 1213 1386 ἀνθρώπων
1233 1321 1323 1373 καὶ
1345 1319 1557 1391 [τόπον]
1578 1326 1704 1375 πολ·

0 1408 112 1474 Ιλῆς
132 1401 313 1473 χώρας
339 1405 560 1458 ἔδωκεν.
599 1399 844 1471 ὀνόματα
865 1399 923 1456 δὲ
946 1405 1117 1455 πᾶσιν
1136 1402 1317 1469 ἔθετο,
1346 1406 1425 1474 τῷ
1443 1398 1545 1470 μὲν
1569 1420 1706 1471 πρε-

0 1485 270 1560 ισβυτάτῳ
291 1486 381 1540 καὶ
401 1490 622 1555 βασιλεῖ
634 1488 817 1551 τοῦτο,
839 1475 911 1536 οὗ
931 1479 998 1552 δὴ
1021 1483 1111 1537 καὶ
1131 1479 1332 1552 πᾶσαὴ
1355 1488 1524 1552 νῆσος
1551 1483 1615 1538 τό
1646 1505 1704 1539 τε

0 1572 251 1639 ιπέλαγος
270 1571 426 1638 ἔσχεν
457 1568 796 1637 ἐπωνυμίαν,
826 1562 1176 1619 Ἀτλαντικὸν
1207 1564 1424 1634 λεχθέν,
1458 1562 1542 1620 ὅτι
1571 1564 1705 1619 τοῦ-

0 1650 141 1723 ινομ’
172 1644 246 1721 ἦν
275 1656 354 1723 τῷ
371 1649 572 1723 πρῶτῳ
603 1648 996 1720 βασιλεύσαντι
1024 1645 1146 1702 τότε
1162 1646 1387 1712 ’Ἀτλας·
1421 1653 1500 1721 τῷ
1531 1646 1590 1703 δὲ
1620 1650 1705 1703 δι-

0 1733 172 1807 Ιδύμῳ
193 1730 314 1803 μετ’
337 1731 554 1788 ἐκεῖνόν
574 1753 631 1786 τε
652 1731 952 1802 γενομένῳ,
970 1732 1123 1799 λῆξιν
1144 1730 1202 1783 δὲ
1221 1727 1395 1799 ἄκρας
1413 1735 1507 1799 τῆς
1525 1729 1704 1801 νήσου

0 1814 152 1884 ιπρός
171 1812 512 1884 Ἡρακλείων
541 1818 760 1883 στηλῶν
790 1809 1023 1881 είληχότι
1053 1811 1135 1865 ἐπὶ
1166 1807 1226 1865 τὸ
1258 1815 1353 1881 τῆς
1381 1813 1705 1881 Γαδειρικῆς

0 1904 123 1954 ινῦν
142 1896 324 1967 χώρας
347 1893 471 1951 κατ’
503 1897 722 1951 ἐκεῖνον
741 1890 840 1947 τὸν
864 1891 1041 1947 τόπον
1067 1889 1490 1962 ὀνομαζομένης,
1512 1889 1705 1963 Ἑλλη-

0 1982 158 2039 ινιστὶ
178 1981 281 2051 μὲν
298 1976 582 2050 Εὔμηλον,
614 1975 675 2032 τὰ
706 1973 759 2031 δ’
792 1974 1085 2046 ἐπιχώριον
1111 1975 1404 2044 Γάδειρον,
1437 1973 1573 2044 ὅπερ
1604 1973 1706 2047 τὴν

0 2064 244 2134 [ἐπίκλην
266 2060 476 2132 ταύτην
495 2058 674 2130 ὄνομα
693 2057 977 2128 παράσχοι.
1016 2068 1135 2113 τοῖν
1159 2056 1218 2113 δὲ
1239 2058 1523 2125 δευτέροιν
1539 2079 1706 2128 γενο-

0 2147 208 2219 ιμένοιν
225 2140 326 2199 τὸν
345 2143 447 2213 μὲν
469 2139 739 2212 Ἁμφήρη,
770 2140 868 2195 τὸν
898 2137 958 2195 δὲ
988 2137 1276 2210 Εὐαίμονα
1305 2139 1555 2195 ἐκάλεσε·
1587 2146 1708 2210 τρί-

0 2249 128 2292 ττοις
157 2229 234 2297 δέ,
260 2228 496 2296 Μνησέα
525 2225 627 2294 μὲν
654 2233 731 2297 τῳ·
759 2226 1008 2295 προτέρῳ
1042 2226 1342 2297 γενομένῳ,
1373 2228 1449 2296 τῷ
1482 2222 1541 2278 δὲ
1570 2220 1705 2294 μετὰ

0 2314 219 2365 ’τοῦτον
264 2305 624 2376 Αὐτόχθονα·
675 2311 789 2361 τῶν
826 2305 885 2361 δὲ
922 2305 1201 2375 τετάρτων
1230 2303 1565 2360 Ἐλάσιππον
1603 2304 1706 2376 μὲν

0 2391 117 2448 ’τόν
137 2387 426 2459 πρότερον,
450 2387 722 2459 Μήστορα
741 2387 799 2443 δὲ
819 2385 919 2443 τὸν
939 2386 1200 2457 ὕστερον·
1240 2388 1326 2442 ἐπὶ
1346 2386 1404 2443 δὲ
1426 2398 1539 2451 τοῖς
1566 2389 1704 2456 πέμ-

0 2494 172 2537 ’πτοις
189 2477 267 2544 τῷ
292 2470 393 2541 μὲν
416 2474 736 2541 ἔμπροσθεν
763 2467 948 2539 Ἀζάης
969 2467 1148 2538 ὄνομα
1169 2469 1348 2538 ἐτέθη,
1369 2472 1447 2540 τῷ
1468 2465 1519 2522 δ’
1542 2463 1706 2522 ὑστέ-

18 2575 98 2627 ρῳ
138 2550 476 2622 Διαπρεπής.
527 2542 679 2606 οὗτοι
719 2548 783 2621 δὴ
832 2548 1032 2614 πάντες
1074 2546 1237 2604 αὐτοί
1267 2569 1323 2602 τε
1360 2548 1451 2602 καὶ
1486 2550 1705 2617 ἔκγονοι

0 2634 234 2692 [τούτων
264 2637 346 2689 ἐπὶ
377 2632 569 2703 γενεὰς
607 2630 810 2696 πολλὰς
841 2628 1029 2702 ᾤ’κουν
1058 2629 1318 2701 ἄρχοντες
1347 2628 1451 2699 μὲν
1483 2634 1706 2684 πολλῶν

0 2714 205 2772 Ιἄλλων
226 2714 363 2770 κατὰ
386 2713 443 2769 τὸ
467 2716 699 2783 πέλαγος
718 2713 923 2783 νήσων,
956 2717 1034 2769 ἔτι
1066 2715 1141 2781 δέ,
1171 2709 1355 2780 ὥσπερ
1388 2712 1478 2766 καὶ
1507 2708 1707 2779 πρότε-

0 2818 124 2867 ιρον
143 2797 371 2867 ἐρρήθη,
403 2797 555 2866 μέχρι
575 2816 630 2850 τε
654 2795 942 2865 Αἰγύπτου
963 2795 1051 2851 καὶ
1081 2796 1392 2863 Τυρρηνίας
1412 2797 1524 2846 τῶν
1555 2790 1707 2854 ἐντὸς

1739 1071 1820 1117 114
