<?xml version="1.0" encoding="UTF-8"?>
<!DOCTYPE html PUBLIC "-//W3C//DTD XHTML 1.0 Transitional//EN"
    "http://www.w3.org/TR/xhtml1/DTD/xhtml1-transitional.dtd">
<html xmlns="http://www.w3.org/1999/xhtml" xml:lang="en" lang="en">
 <head>
  <title>
</title>
<meta http-equiv="Content-Type" content="text/html;charset=utf-8" />
  <meta name='ocr-system' content='tesseract 3.04.00' />
  <meta name='ocr-capabilities' content='ocr_page ocr_carea ocr_par ocr_line ocrx_word'/>
</head>
<body>
  <div class='ocr_page' id='page_1' title='image "./dialogisecumdumt04platuoft_0421.png"; bbox 0 0 1962 3236; ppageno 0'>
   <div class='ocr_carea' id='block_1_1' title="bbox 23 124 1716 227">
    <p class='ocr_par' dir='ltr' id='par_1_1' title="bbox 0 124 1716 227">
     <span class='ocr_line' id='line_1_1' title="bbox 23 124 1716 227; baseline -0.003 -25.067"><span class='ocrx_word' id='word_1_1' title='bbox 23 125 94 227; x_wconf 51' lang='grc' dir='ltr'><strong><em>[ετ</em></strong></span> <span class='ocrx_word' id='word_1_2' title='bbox 728 124 1106 210; x_wconf 68' lang='grc' dir='ltr'><strong><em>ΤιΜΛἸοΣ.</em></strong></span> <span class='ocrx_word' id='word_1_3' title='bbox 1612 145 1716 198; x_wconf 81' lang='grc'><strong><em>385</em></strong></span> 
     </span>
    </p>
   </div>
   <div class='ocr_carea' id='block_1_2' title="bbox 15 277 1832 2787">
    <p class='ocr_par' dir='ltr' id='par_1_2' title="bbox 35 277 1832 2140">
     <span class='ocr_line' id='line_1_2' title="bbox 35 277 1714 357; baseline -0.006 -14"><span class='ocrx_word' id='word_1_4' title='bbox 35 287 71 343; x_wconf 78' lang='grc' dir='ltr'><em>ἃ</em></span> <span class='ocrx_word' id='word_1_5' title='bbox 91 285 146 343; x_wconf 86' lang='grc' dir='ltr'><strong><em>δ’</em></strong></span> <span class='ocrx_word' id='word_1_6' title='bbox 170 286 204 340; x_wconf 91' lang='grc' dir='ltr'><strong><em>ἀ</em></strong></span> <span class='ocrx_word' id='word_1_7' title='bbox 212 285 487 357; x_wconf 83' lang='grc' dir='ltr'><strong><em>ψυχότατα</em></strong></span> <span class='ocrx_word' id='word_1_8' title='bbox 506 283 678 353; x_wconf 81' lang='grc' dir='ltr'><strong><em>ἐντός,</em></strong></span> <span class='ocrx_word' id='word_1_9' title='bbox 696 287 971 346; x_wconf 82' lang='grc' dir='ltr'><strong><em>πλείσταις</em></strong></span> <span class='ocrx_word' id='word_1_10' title='bbox 990 282 1082 337; x_wconf 83' lang='grc' dir='ltr'><strong><em>καὶ</em></strong></span> <span class='ocrx_word' id='word_1_11' title='bbox 1110 279 1493 344; x_wconf 87' lang='grc' dir='ltr'><strong><em>πυκνοτάταις.</em></strong></span> <span class='ocrx_word' id='word_1_12' title='bbox 1535 280 1627 335; x_wconf 84' lang='grc' dir='ltr'><strong><em>καὶ</em></strong></span> <span class='ocrx_word' id='word_1_13' title='bbox 1646 277 1714 349; x_wconf 87' lang='grc' dir='ltr'><strong><em>δὴ</em></strong></span> 
     </span>
     <span class='ocr_line' id='line_1_3' title="bbox 40 359 1713 437; baseline -0.006 -12.994"><span class='ocrx_word' id='word_1_14' title='bbox 40 372 129 423; x_wconf 84' lang='grc' dir='ltr'><strong><em>καὶ</em></strong></span> <span class='ocrx_word' id='word_1_15' title='bbox 149 366 287 424; x_wconf 77' lang='grc' dir='ltr'><strong><em>κατὰ</em></strong></span> <span class='ocrx_word' id='word_1_16' title='bbox 311 366 407 431; x_wconf 77' lang='grc' dir='ltr'><strong><em>τὰς</em></strong></span> <span class='ocrx_word' id='word_1_17' title='bbox 426 365 702 437; x_wconf 75' lang='grc' dir='ltr'><strong><em>ξυμβολὰς</em></strong></span> <span class='ocrx_word' id='word_1_18' title='bbox 724 369 840 419; x_wconf 78' lang='grc' dir='ltr'><strong><em>τών</em></strong></span> <span class='ocrx_word' id='word_1_19' title='bbox 868 361 1064 431; x_wconf 79' lang='grc' dir='ltr'><strong><em>ὀστῶν,</em></strong></span> <span class='ocrx_word' id='word_1_20' title='bbox 1096 360 1208 434; x_wconf 79' lang='grc' dir='ltr'><strong><em>ὅπῃ</em></strong></span> <span class='ocrx_word' id='word_1_21' title='bbox 1235 359 1713 434; x_wconf 86' lang='grc' dir='ltr'><strong><em>μήτινα-ἀνάγκην</em></strong></span> 
     </span>
     <span class='ocr_line' id='line_1_4' title="bbox 38 441 1718 518; baseline -0.004 -16"><span class='ocrx_word' id='word_1_22' title='bbox 38 447 67 502; x_wconf 88' lang='grc' dir='ltr'><strong><em>ὁ</em></strong></span> <span class='ocrx_word' id='word_1_23' title='bbox 90 450 256 518; x_wconf 88' lang='grc' dir='ltr'><strong><em>λόγος</em></strong></span> <span class='ocrx_word' id='word_1_24' title='bbox 274 447 547 516; x_wconf 87' lang='grc' dir='ltr'><strong><em>ἀπέφαινε</em></strong></span> <span class='ocrx_word' id='word_1_25' title='bbox 568 449 684 500; x_wconf 86' lang='grc' dir='ltr'><strong><em>δεῖν</em></strong></span> <span class='ocrx_word' id='word_1_26' title='bbox 708 442 879 508; x_wconf 80' lang='grc' dir='ltr'><strong><em>αὐτὰς</em></strong></span> <span class='ocrx_word' id='word_1_27' title='bbox 899 443 1055 512; x_wconf 87' lang='grc' dir='ltr'><strong><em>εἶναι,</em></strong></span> <span class='ocrx_word' id='word_1_28' title='bbox 1088 449 1350 513; x_wconf 84' lang='grc' dir='ltr'><strong><em>βραχεῖαν</em></strong></span> <span class='ocrx_word' id='word_1_29' title='bbox 1370 441 1548 513; x_wconf 90' lang='grc' dir='ltr'><strong><em>σάρκα</em></strong></span> <span class='ocrx_word' id='word_1_30' title='bbox 1577 444 1718 511; x_wconf 83' lang='grc' dir='ltr'><strong><em>ἔφυ-</em></strong></span> 
     </span>
     <span class='ocr_line' id='line_1_5' title="bbox 36 517 1715 598; baseline -0.005 -15"><span class='ocrx_word' id='word_1_31' title='bbox 36 546 150 597; x_wconf 90' lang='grc' dir='ltr'><strong><em>σεν,</em></strong></span> <span class='ocrx_word' id='word_1_32' title='bbox 171 550 264 583; x_wconf 91' lang='grc' dir='ltr'><strong><em>ινα</em></strong></span> <span class='ocrx_word' id='word_1_33' title='bbox 283 527 416 598; x_wconf 88' lang='grc' dir='ltr'><strong><em>μήτε</em></strong></span> <span class='ocrx_word' id='word_1_34' title='bbox 437 523 694 597; x_wconf 84' lang='grc' dir='ltr'><strong><em>ἐμποδων</em></strong></span> <span class='ocrx_word' id='word_1_35' title='bbox 712 536 827 588; x_wconf 84' lang='grc' dir='ltr'><strong><em>ταῖς</em></strong></span> <span class='ocrx_word' id='word_1_36' title='bbox 845 536 1147 594; x_wconf 85' lang='grc' dir='ltr'><strong><em>καμπαῖσιν</em></strong></span> <span class='ocrx_word' id='word_1_37' title='bbox 1167 517 1331 579; x_wconf 81' lang='grc' dir='ltr'><strong><em>οὖσαι</em></strong></span> <span class='ocrx_word' id='word_1_38' title='bbox 1361 522 1620 594; x_wconf 78' lang='grc' dir='ltr'><strong><em>δύσφορα</em></strong></span> <span class='ocrx_word' id='word_1_39' title='bbox 1648 520 1715 576; x_wconf 81' lang='grc' dir='ltr'><strong><em>τὰ</em></strong></span> 
     </span>
     <span class='ocr_line' id='line_1_6' title="bbox 36 600 1715 679; baseline -0.003 -15"><span class='ocrx_word' id='word_1_40' title='bbox 36 610 261 679; x_wconf 88' lang='grc' dir='ltr'><strong><em>σώματα</em></strong></span> <span class='ocrx_word' id='word_1_41' title='bbox 299 605 718 677; x_wconf 79' lang='grc' dir='ltr'><strong><em>ἀπεργάζοιντο,</em></strong></span> <span class='ocrx_word' id='word_1_42' title='bbox 756 604 850 659; x_wconf 83' lang='grc' dir='ltr'><strong><em>ἅτε</em></strong></span> <span class='ocrx_word' id='word_1_43' title='bbox 890 610 1189 676; x_wconf 85' lang='grc' dir='ltr'><strong><em>δυσκίνητα</em></strong></span> <span class='ocrx_word' id='word_1_44' title='bbox 1224 603 1552 675; x_wconf 89' lang='grc' dir='ltr'><strong><em>γιγνόμενα,</em></strong></span> <span class='ocrx_word' id='word_1_45' title='bbox 1589 600 1715 674; x_wconf 84' lang='grc' dir='ltr'><strong><em>μήτ’</em></strong></span> 
     </span>
     <span class='ocr_line' id='line_1_7' title="bbox 38 684 1721 757; baseline -0.003 -12"><span class='ocrx_word' id='word_1_46' title='bbox 38 712 112 744; x_wconf 92' lang='grc' dir='ltr'><strong><em>αυ</em></strong></span> <span class='ocrx_word' id='word_1_47' title='bbox 91 684 327 745; x_wconf 89' lang='grc' dir='ltr'><strong><em>πολλαὶ</em></strong></span> <span class='ocrx_word' id='word_1_48' title='bbox 346 690 436 744; x_wconf 84' lang='grc' dir='ltr'><strong><em>καὶ</em></strong></span> <span class='ocrx_word' id='word_1_49' title='bbox 467 688 671 742; x_wconf 86' lang='grc' dir='ltr'><strong><em>πυκναὶ</em></strong></span> <span class='ocrx_word' id='word_1_50' title='bbox 700 686 922 756; x_wconf 87' lang='grc' dir='ltr'><strong><em>σφόδρα</em></strong></span> <span class='ocrx_word' id='word_1_51' title='bbox 954 709 1012 742; x_wconf 90' lang='grc' dir='ltr'><strong><em>τε</em></strong></span> <span class='ocrx_word' id='word_1_52' title='bbox 1043 690 1103 742; x_wconf 84' lang='grc' dir='ltr'><strong><em>ἐν</em></strong></span> <span class='ocrx_word' id='word_1_53' title='bbox 1134 685 1391 756; x_wconf 82' lang='grc' dir='ltr'><strong><em>ἀλλήλαις</em></strong></span> <span class='ocrx_word' id='word_1_54' title='bbox 1421 689 1721 757; x_wconf 82' lang='grc' dir='ltr'><strong><em>έμπεπιλη-</em></strong></span> 
     </span>
     <span class='ocr_line' id='line_1_8' title="bbox 38 767 1720 865; baseline -0.004 -38"><span class='ocrx_word' id='word_1_55' title='bbox 38 774 215 842; x_wconf 89' lang='grc' dir='ltr'><strong><em>μέναι,</em></strong></span> <span class='ocrx_word' id='word_1_56' title='bbox 246 769 335 826; x_wconf 81' lang='grc' dir='ltr'><strong><em>διά</em></strong></span> <span class='ocrx_word' id='word_1_57' title='bbox 356 769 680 840; x_wconf 80' lang='grc' dir='ltr'><strong><em>στερεότητα</em></strong></span> <span class='ocrx_word' id='word_1_58' title='bbox 700 767 1072 838; x_wconf 80' lang='grc' dir='ltr'><strong><em>ἀναισθησίαν</em></strong></span> <span class='ocrx_word' id='word_1_59' title='bbox 1091 771 1435 865; x_wconf 79' lang='grc' dir='ltr'><strong><em>ἐμποιοῦσαι,</em></strong></span> <span class='ocrx_word' id='word_1_60' title='bbox 1469 770 1720 837; x_wconf 85' lang='grc' dir='ltr'><strong><em>δυσμνη-</em></strong></span> 
     </span>
     <span class='ocr_line' id='line_1_9' title="bbox 36 847 1716 923; baseline -0.003 -16"><span class='ocrx_word' id='word_1_61' title='bbox 36 851 404 923; x_wconf 90' lang='grc' dir='ltr'><strong><em>μονευτότερα</em></strong></span> <span class='ocrx_word' id='word_1_62' title='bbox 422 853 512 906; x_wconf 87' lang='grc' dir='ltr'><strong><em>καὶ</em></strong></span> <span class='ocrx_word' id='word_1_63' title='bbox 532 854 824 920; x_wconf 86' lang='grc' dir='ltr'><strong><em>κωφότερα</em></strong></span> <span class='ocrx_word' id='word_1_64' title='bbox 844 849 909 904; x_wconf 83' lang='grc' dir='ltr'><strong><em>τὰ</em></strong></span> <span class='ocrx_word' id='word_1_65' title='bbox 930 851 1053 918; x_wconf 85' lang='grc' dir='ltr'><strong><em>περὶ</em></strong></span> <span class='ocrx_word' id='word_1_66' title='bbox 1071 847 1176 919; x_wconf 81' lang='grc' dir='ltr'><strong><em>τὴν</em></strong></span> <span class='ocrx_word' id='word_1_67' title='bbox 1210 850 1464 904; x_wconf 82' lang='grc' dir='ltr'><strong><em>διάνοιαν</em></strong></span> <span class='ocrx_word' id='word_1_68' title='bbox 1490 858 1716 903; x_wconf 82' lang='grc' dir='ltr'><strong><em>ποιοῖεν.</em></strong></span> 
     </span>
     <span class='ocr_line' id='line_1_10' title="bbox 37 926 1832 1003; baseline -0.003 -15"><span class='ocrx_word' id='word_1_69' title='bbox 37 932 119 988; x_wconf 82' lang='grc' dir='ltr'><strong><em>διὸ</em></strong></span> <span class='ocrx_word' id='word_1_70' title='bbox 148 931 212 1002; x_wconf 83' lang='grc' dir='ltr'><strong><em>δὴ</em></strong></span> <span class='ocrx_word' id='word_1_71' title='bbox 239 933 303 987; x_wconf 91' lang='grc' dir='ltr'><strong><em>τό</em></strong></span> <span class='ocrx_word' id='word_1_72' title='bbox 323 954 378 987; x_wconf 88' lang='grc' dir='ltr'><strong><em>τε</em></strong></span> <span class='ocrx_word' id='word_1_73' title='bbox 398 938 510 987; x_wconf 77' lang='grc' dir='ltr'><strong><em>τῶν</em></strong></span> <span class='ocrx_word' id='word_1_74' title='bbox 531 937 724 1003; x_wconf 77' lang='grc' dir='ltr'><strong><em>μηρῶν</em></strong></span> <span class='ocrx_word' id='word_1_75' title='bbox 749 934 836 986; x_wconf 79' lang='grc' dir='ltr'><strong><em>καὶ</em></strong></span> <span class='ocrx_word' id='word_1_76' title='bbox 857 952 1089 1002; x_wconf 87' lang='grc' dir='ltr'><strong><em>κνημων</em></strong></span> <span class='ocrx_word' id='word_1_77' title='bbox 1106 932 1196 986; x_wconf 85' lang='grc' dir='ltr'><strong><em>καὶ</em></strong></span> <span class='ocrx_word' id='word_1_78' title='bbox 1225 929 1285 985; x_wconf 86' lang='grc' dir='ltr'><strong><em>τὸ</em></strong></span> <span class='ocrx_word' id='word_1_79' title='bbox 1309 932 1435 1000; x_wconf 81' lang='grc' dir='ltr'><strong><em>περὶ</em></strong></span> <span class='ocrx_word' id='word_1_80' title='bbox 1471 929 1575 1000; x_wconf 88' lang='grc' dir='ltr'><strong><em>τὴν</em></strong></span> <span class='ocrx_word' id='word_1_81' title='bbox 1601 933 1713 983; x_wconf 79' lang='grc' dir='ltr'><strong><em>τών</em></strong></span> <span class='ocrx_word' id='word_1_82' title='bbox 1746 926 1832 977; x_wconf 25' lang='grc' dir='ltr'><strong><em>75Ῑ</em></strong></span> 
     </span>
     <span class='ocr_line' id='line_1_11' title="bbox 39 1008 1721 1085; baseline -0.003 -16"><span class='ocrx_word' id='word_1_83' title='bbox 39 1017 227 1083; x_wconf 77' lang='grc' dir='ltr'><strong><em>ἰσχίων</em></strong></span> <span class='ocrx_word' id='word_1_84' title='bbox 246 1015 421 1085; x_wconf 84' lang='grc' dir='ltr'><strong><em>φύσιν</em></strong></span> <span class='ocrx_word' id='word_1_85' title='bbox 437 1013 503 1068; x_wconf 86' lang='grc' dir='ltr'><strong><em>τά</em></strong></span> <span class='ocrx_word' id='word_1_86' title='bbox 523 1035 578 1068; x_wconf 88' lang='grc' dir='ltr'><strong><em>τε</em></strong></span> <span class='ocrx_word' id='word_1_87' title='bbox 608 1017 731 1082; x_wconf 83' lang='grc' dir='ltr'><strong><em>περὶ</em></strong></span> <span class='ocrx_word' id='word_1_88' title='bbox 764 1012 830 1067; x_wconf 80' lang='grc' dir='ltr'><strong><em>τὰ</em></strong></span> <span class='ocrx_word' id='word_1_89' title='bbox 859 1018 972 1068; x_wconf 76' lang='grc' dir='ltr'><strong><em>τῶν</em></strong></span> <span class='ocrx_word' id='word_1_90' title='bbox 1009 1011 1323 1083; x_wconf 87' lang='grc' dir='ltr'><strong><em>βραχιόνων</em></strong></span> <span class='ocrx_word' id='word_1_91' title='bbox 1359 1008 1493 1067; x_wconf 81' lang='grc' dir='ltr'><strong><em>ὀστᾶ</em></strong></span> <span class='ocrx_word' id='word_1_92' title='bbox 1529 1011 1619 1064; x_wconf 85' lang='grc' dir='ltr'><strong><em>καὶ</em></strong></span> <span class='ocrx_word' id='word_1_93' title='bbox 1653 1031 1721 1064; x_wconf 89' lang='grc' dir='ltr'><strong><em>τα</em></strong></span> 
     </span>
     <span class='ocr_line' id='line_1_12' title="bbox 43 1088 1723 1166; baseline -0.003 -16"><span class='ocrx_word' id='word_1_94' title='bbox 43 1102 156 1151; x_wconf 79' lang='grc' dir='ltr'><strong><em>τῶν</em></strong></span> <span class='ocrx_word' id='word_1_95' title='bbox 174 1096 406 1166; x_wconf 80' lang='grc' dir='ltr'><strong><em>πήχεων,</em></strong></span> <span class='ocrx_word' id='word_1_96' title='bbox 426 1094 557 1150; x_wconf 87' lang='grc' dir='ltr'><strong><em>καὶ</em></strong></span> <span class='ocrx_word' id='word_1_97' title='bbox 538 1094 642 1150; x_wconf 89' lang='grc' dir='ltr'><strong><em>όσα</em></strong></span> <span class='ocrx_word' id='word_1_98' title='bbox 662 1094 800 1149; x_wconf 78' lang='grc' dir='ltr'><strong><em>ἄλλα</em></strong></span> <span class='ocrx_word' id='word_1_99' title='bbox 830 1092 988 1164; x_wconf 75' lang='grc' dir='ltr'><strong><em>ἡμῶν</em></strong></span> <span class='ocrx_word' id='word_1_100' title='bbox 1017 1091 1295 1163; x_wconf 75' lang='grc' dir='ltr'><strong><em>ἄναρθρα,</em></strong></span> <span class='ocrx_word' id='word_1_101' title='bbox 1339 1090 1442 1147; x_wconf 83' lang='grc' dir='ltr'><strong><em>ὅσα</em></strong></span> <span class='ocrx_word' id='word_1_102' title='bbox 1475 1112 1534 1146; x_wconf 91' lang='grc' dir='ltr'><strong><em>τε</em></strong></span> <span class='ocrx_word' id='word_1_103' title='bbox 1567 1088 1723 1154; x_wconf 84' lang='grc' dir='ltr'><strong><em>ἐντὸς</em></strong></span> 
     </span>
     <span class='ocr_line' id='line_1_13' title="bbox 41 1172 1720 1246; baseline -0.003 -14"><span class='ocrx_word' id='word_1_104' title='bbox 41 1177 176 1232; x_wconf 80' lang='grc' dir='ltr'><strong><em>ὀστᾶ</em></strong></span> <span class='ocrx_word' id='word_1_105' title='bbox 197 1175 267 1232; x_wconf 86' lang='grc' dir='ltr'><strong><em>δι’</em></strong></span> <span class='ocrx_word' id='word_1_106' title='bbox 294 1176 583 1245; x_wconf 82' lang='grc' dir='ltr'><strong><em>ὀλιγότητα</em></strong></span> <span class='ocrx_word' id='word_1_107' title='bbox 603 1181 781 1246; x_wconf 85' lang='grc' dir='ltr'><strong><em>ψυχῆς</em></strong></span> <span class='ocrx_word' id='word_1_108' title='bbox 806 1178 867 1230; x_wconf 90' lang='grc' dir='ltr'><strong><em>έν</em></strong></span> <span class='ocrx_word' id='word_1_109' title='bbox 886 1181 1072 1245; x_wconf 79' lang='grc' dir='ltr'><strong><em>μυελῷ</em></strong></span> <span class='ocrx_word' id='word_1_110' title='bbox 1092 1174 1226 1230; x_wconf 87' lang='grc' dir='ltr'><strong><em>κενά</em></strong></span> <span class='ocrx_word' id='word_1_111' title='bbox 1246 1178 1358 1229; x_wconf 82' lang='grc' dir='ltr'><strong><em>ἐστι</em></strong></span> <span class='ocrx_word' id='word_1_112' title='bbox 1377 1172 1720 1244; x_wconf 85' lang='grc' dir='ltr'><strong><em>φρονήσεως,</em></strong></span> 
     </span>
     <span class='ocr_line' id='line_1_14' title="bbox 35 1253 1721 1327; baseline -0.003 -13"><span class='ocrx_word' id='word_1_113' title='bbox 35 1265 208 1315; x_wconf 86' lang='grc' dir='ltr'><strong><em>ταῦτα</em></strong></span> <span class='ocrx_word' id='word_1_114' title='bbox 247 1257 427 1313; x_wconf 88' lang='grc' dir='ltr'><strong><em>πάντα</em></strong></span> <span class='ocrx_word' id='word_1_115' title='bbox 464 1257 926 1327; x_wconf 80' lang='grc' dir='ltr'><strong><em>συμπεπληρωται</em></strong></span> <span class='ocrx_word' id='word_1_116' title='bbox 956 1261 1176 1323; x_wconf 83' lang='grc' dir='ltr'><strong><em>σαρξίν·</em></strong></span> <span class='ocrx_word' id='word_1_117' title='bbox 1203 1253 1325 1310; x_wconf 83' lang='grc' dir='ltr'><strong><em>-ὅσα</em></strong></span> <span class='ocrx_word' id='word_1_118' title='bbox 1357 1254 1410 1309; x_wconf 85' lang='grc' dir='ltr'><strong><em>δ’</em></strong></span> <span class='ocrx_word' id='word_1_119' title='bbox 1450 1261 1721 1326; x_wconf 82' lang='grc' dir='ltr'><strong><em>ἔμφρονα,</em></strong></span> 
     </span>
     <span class='ocr_line' id='line_1_15' title="bbox 37 1331 1719 1410; baseline -0.003 -16"><span class='ocrx_word' id='word_1_120' title='bbox 37 1331 220 1410; x_wconf 85' lang='grc' dir='ltr'><strong><em>ἦττον,</em></strong></span> <span class='ocrx_word' id='word_1_121' title='bbox 243 1343 293 1394; x_wconf 79' lang='grc' dir='ltr'><strong><em>εἰ</em></strong></span> <span class='ocrx_word' id='word_1_122' title='bbox 307 1339 381 1409; x_wconf 85' lang='grc' dir='ltr'><strong><em>μή</em></strong></span> <span class='ocrx_word' id='word_1_123' title='bbox 401 1338 511 1393; x_wconf 85' lang='grc' dir='ltr'><strong><em>πού</em></strong></span> <span class='ocrx_word' id='word_1_124' title='bbox 529 1360 650 1392; x_wconf 91' lang='grc' dir='ltr'><strong><em>τινα</em></strong></span> <span class='ocrx_word' id='word_1_125' title='bbox 669 1335 845 1407; x_wconf 79' lang='grc' dir='ltr'><strong><em>αὐτὴν</em></strong></span> <span class='ocrx_word' id='word_1_126' title='bbox 863 1335 997 1391; x_wconf 82' lang='grc' dir='ltr'><strong><em>καθ’</em></strong></span> <span class='ocrx_word' id='word_1_127' title='bbox 1021 1334 1198 1407; x_wconf 86' lang='grc' dir='ltr'><strong><em>αὑτὴν</em></strong></span> <span class='ocrx_word' id='word_1_128' title='bbox 1217 1335 1535 1405; x_wconf 81' lang='grc' dir='ltr'><strong><em>αἰσθήσεων</em></strong></span> <span class='ocrx_word' id='word_1_129' title='bbox 1555 1337 1719 1390; x_wconf 81' lang='grc' dir='ltr'><strong><em>ἕνεκα</em></strong></span> 
     </span>
     <span class='ocr_line' id='line_1_16' title="bbox 40 1413 1722 1491; baseline -0.003 -15"><span class='ocrx_word' id='word_1_130' title='bbox 40 1421 220 1491; x_wconf 81' lang='grc' dir='ltr'><strong><em>σάρκα</em></strong></span> <span class='ocrx_word' id='word_1_131' title='bbox 254 1418 401 1475; x_wconf 79' lang='grc' dir='ltr'><strong><em>οὕτω</em></strong></span> <span class='ocrx_word' id='word_1_132' title='bbox 422 1423 769 1490; x_wconf 80' lang='grc' dir='ltr'><strong><em>ξυνέστησεν,</em></strong></span> <span class='ocrx_word' id='word_1_133' title='bbox 810 1415 928 1474; x_wconf 83' lang='grc' dir='ltr'><strong><em>οἷον</em></strong></span> <span class='ocrx_word' id='word_1_134' title='bbox 962 1418 1020 1474; x_wconf 79' lang='grc' dir='ltr'><strong><em>τὸ</em></strong></span> <span class='ocrx_word' id='word_1_135' title='bbox 1058 1425 1152 1488; x_wconf 86' lang='grc' dir='ltr'><strong><em>τῆς</em></strong></span> <span class='ocrx_word' id='word_1_136' title='bbox 1183 1417 1427 1487; x_wconf 83' lang='grc' dir='ltr'><strong><em>γλώττης</em></strong></span> <span class='ocrx_word' id='word_1_137' title='bbox 1457 1415 1613 1482; x_wconf 83' lang='grc' dir='ltr'><strong><em>εἶδος.</em></strong></span> <span class='ocrx_word' id='word_1_138' title='bbox 1654 1413 1722 1470; x_wconf 76' lang='grc' dir='ltr'><strong><em>τὰ</em></strong></span> 
     </span>
     <span class='ocr_line' id='line_1_17' title="bbox 42 1496 1723 1571; baseline -0.002 -15"><span class='ocrx_word' id='word_1_139' title='bbox 42 1502 100 1557; x_wconf 77' lang='grc' dir='ltr'><strong><em>δὲ</em></strong></span> <span class='ocrx_word' id='word_1_140' title='bbox 121 1508 345 1556; x_wconf 77' lang='grc' dir='ltr'><strong><em>πλεῖστα</em></strong></span> <span class='ocrx_word' id='word_1_141' title='bbox 366 1503 583 1564; x_wconf 81' lang='grc' dir='ltr'><strong><em>ἐκείνως</em></strong></span> <span class='ocrx_word' id='word_1_142' title='bbox 596 1521 608 1532; x_wconf 91' lang='grc'>·</span> <span class='ocrx_word' id='word_1_143' title='bbox 639 1496 798 1571; x_wconf 83' lang='grc' dir='ltr'><strong><em>ἡγὰρ</em></strong></span> <span class='ocrx_word' id='word_1_144' title='bbox 822 1502 875 1564; x_wconf 81' lang='grc' dir='ltr'><strong><em>ἐξ</em></strong></span> <span class='ocrx_word' id='word_1_145' title='bbox 896 1497 1141 1568; x_wconf 77' lang='grc' dir='ltr'><strong><em>ἀνάγκης</em></strong></span> <span class='ocrx_word' id='word_1_146' title='bbox 1160 1501 1458 1569; x_wconf 84' lang='grc' dir='ltr'><strong><em>γιγνομένη</em></strong></span> <span class='ocrx_word' id='word_1_147' title='bbox 1479 1500 1570 1554; x_wconf 83' lang='grc' dir='ltr'><strong><em>καὶ</em></strong></span> <span class='ocrx_word' id='word_1_148' title='bbox 1590 1500 1723 1564; x_wconf 82' lang='grc' dir='ltr'><strong><em>ξυν-</em></strong></span> 
     </span>
     <span class='ocr_line' id='line_1_18' title="bbox 38 1577 1782 1653; baseline -0.002 -16"><span class='ocrx_word' id='word_1_149' title='bbox 38 1586 348 1653; x_wconf 87' lang='grc' dir='ltr'><strong><em>τρεφομένη</em></strong></span> <span class='ocrx_word' id='word_1_150' title='bbox 372 1582 540 1651; x_wconf 82' lang='grc' dir='ltr'><strong><em>φύσις</em></strong></span> <span class='ocrx_word' id='word_1_151' title='bbox 559 1578 775 1651; x_wconf 82' lang='grc' dir='ltr'><strong><em>οὐδαμῇ</em></strong></span> <span class='ocrx_word' id='word_1_152' title='bbox 794 1582 1147 1650; x_wconf 85' lang='grc' dir='ltr'><strong><em>προσδέχεται</em></strong></span> <span class='ocrx_word' id='word_1_153' title='bbox 1166 1580 1382 1635; x_wconf 84' lang='grc' dir='ltr'><strong><em>πυκνὸν</em></strong></span> <span class='ocrx_word' id='word_1_154' title='bbox 1402 1577 1607 1635; x_wconf 88' lang='grc' dir='ltr'><strong><em>ὀστοῦν</em></strong></span> <span class='ocrx_word' id='word_1_155' title='bbox 1626 1580 1719 1634; x_wconf 82' lang='grc' dir='ltr'><strong><em>καὶ</em></strong></span> <span class='ocrx_word' id='word_1_156' title='bbox 1751 1582 1782 1622; x_wconf 88' lang='grc' dir='ltr'>Β</span> 
     </span>
     <span class='ocr_line' id='line_1_19' title="bbox 42 1660 1718 1734; baseline -0.002 -15"><span class='ocrx_word' id='word_1_157' title='bbox 42 1663 218 1734; x_wconf 88' lang='grc' dir='ltr'><strong><em>σάρκα</em></strong></span> <span class='ocrx_word' id='word_1_158' title='bbox 238 1661 449 1733; x_wconf 80' lang='grc' dir='ltr'><strong><em>πολλὴν</em></strong></span> <span class='ocrx_word' id='word_1_159' title='bbox 468 1661 580 1732; x_wconf 80' lang='grc' dir='ltr'><strong><em>ἅμα</em></strong></span> <span class='ocrx_word' id='word_1_160' title='bbox 598 1684 655 1716; x_wconf 88' lang='grc' dir='ltr'><strong><em>τε</em></strong></span> <span class='ocrx_word' id='word_1_161' title='bbox 681 1660 867 1726; x_wconf 76' lang='grc' dir='ltr'><strong><em>αὐτοῖς</em></strong></span> <span class='ocrx_word' id='word_1_162' title='bbox 884 1660 1155 1732; x_wconf 85' lang='grc' dir='ltr'><strong><em>ὀξυήκοον</em></strong></span> <span class='ocrx_word' id='word_1_163' title='bbox 1175 1668 1454 1731; x_wconf 80' lang='grc' dir='ltr'><strong><em>αἴσθησιν.</em></strong></span> <span class='ocrx_word' id='word_1_164' title='bbox 1484 1661 1718 1731; x_wconf 87' lang='grc' dir='ltr'><strong><em>μάλιστα</em></strong></span> 
     </span>
     <span class='ocr_line' id='line_1_20' title="bbox 38 1740 1716 1816; baseline -0.003 -16"><span class='ocrx_word' id='word_1_165' title='bbox 38 1747 147 1816; x_wconf 78' lang='grc' dir='ltr'><strong><em>γὰρ</em></strong></span> <span class='ocrx_word' id='word_1_166' title='bbox 168 1741 240 1800; x_wconf 77' lang='grc' dir='ltr'><strong><em>ἀν</em></strong></span> <span class='ocrx_word' id='word_1_167' title='bbox 260 1742 398 1800; x_wconf 75' lang='grc' dir='ltr'><strong><em>αὐτὰ</em></strong></span> <span class='ocrx_word' id='word_1_168' title='bbox 418 1743 643 1799; x_wconf 86' lang='grc' dir='ltr'><strong><em>πάντων</em></strong></span> <span class='ocrx_word' id='word_1_169' title='bbox 662 1748 818 1813; x_wconf 82' lang='grc' dir='ltr'><strong><em>ἔσχεν</em></strong></span> <span class='ocrx_word' id='word_1_170' title='bbox 839 1740 871 1813; x_wconf 81' lang='grc' dir='ltr'>ἡ</span> <span class='ocrx_word' id='word_1_171' title='bbox 898 1744 1020 1811; x_wconf 85' lang='grc' dir='ltr'><strong><em>περὶ</em></strong></span> <span class='ocrx_word' id='word_1_172' title='bbox 1039 1741 1141 1813; x_wconf 88' lang='grc' dir='ltr'><strong><em>τὴν</em></strong></span> <span class='ocrx_word' id='word_1_173' title='bbox 1167 1741 1418 1812; x_wconf 80' lang='grc' dir='ltr'><strong><em>κεφαλὴν</em></strong></span> <span class='ocrx_word' id='word_1_174' title='bbox 1444 1741 1716 1809; x_wconf 84' lang='grc' dir='ltr'><strong><em>ξύστασις,</em></strong></span> 
     </span>
     <span class='ocr_line' id='line_1_21' title="bbox 41 1819 1720 1896; baseline -0.003 -14"><span class='ocrx_word' id='word_1_175' title='bbox 41 1834 195 1895; x_wconf 77' lang='grc' dir='ltr'><strong><em>εἰπερ</em></strong></span> <span class='ocrx_word' id='word_1_176' title='bbox 215 1825 328 1896; x_wconf 79' lang='grc' dir='ltr'><strong><em>ἅμα</em></strong></span> <span class='ocrx_word' id='word_1_177' title='bbox 345 1829 667 1895; x_wconf 82' lang='grc' dir='ltr'><strong><em>ξυμπίπτειν</em></strong></span> <span class='ocrx_word' id='word_1_178' title='bbox 686 1821 1050 1895; x_wconf 85' lang='grc' dir='ltr'><strong><em>ἠθελησάτην,</em></strong></span> <span class='ocrx_word' id='word_1_179' title='bbox 1072 1825 1163 1878; x_wconf 82' lang='grc' dir='ltr'><strong><em>καὶ</em></strong></span> <span class='ocrx_word' id='word_1_180' title='bbox 1182 1820 1242 1895; x_wconf 78' lang='grc' dir='ltr'><strong><em>τό</em></strong></span> <span class='ocrx_word' id='word_1_181' title='bbox 1261 1829 1375 1878; x_wconf 81' lang='grc' dir='ltr'><strong><em>τών</em></strong></span> <span class='ocrx_word' id='word_1_182' title='bbox 1396 1819 1720 1893; x_wconf 81' lang='grc' dir='ltr'><strong><em>ἀνθρώπων</em></strong></span> 
     </span>
     <span class='ocr_line' id='line_1_22' title="bbox 39 1902 1721 1978; baseline -0.003 -15"><span class='ocrx_word' id='word_1_183' title='bbox 39 1910 199 1978; x_wconf 87' lang='grc' dir='ltr'><strong><em>γένος</em></strong></span> <span class='ocrx_word' id='word_1_184' title='bbox 218 1907 475 1976; x_wconf 76' lang='grc' dir='ltr'><strong><em>σαρκώδη</em></strong></span> <span class='ocrx_word' id='word_1_185' title='bbox 505 1909 629 1975; x_wconf 80' lang='grc' dir='ltr'><strong><em>ἔχον</em></strong></span> <span class='ocrx_word' id='word_1_186' title='bbox 648 1902 737 1974; x_wconf 77' lang='grc' dir='ltr'><strong><em>ἐφ’</em></strong></span> <span class='ocrx_word' id='word_1_187' title='bbox 761 1906 937 1975; x_wconf 77' lang='grc' dir='ltr'><strong><em>ἑαυτῷ</em></strong></span> <span class='ocrx_word' id='word_1_188' title='bbox 964 1907 1054 1959; x_wconf 85' lang='grc' dir='ltr'><strong><em>καὶ</em></strong></span> <span class='ocrx_word' id='word_1_189' title='bbox 1076 1903 1328 1975; x_wconf 76' lang='grc' dir='ltr'><strong><em>νευρώδη</em></strong></span> <span class='ocrx_word' id='word_1_190' title='bbox 1357 1904 1633 1976; x_wconf 82' lang='grc' dir='ltr'><strong><em>κρατεράν</em></strong></span> <span class='ocrx_word' id='word_1_191' title='bbox 1660 1924 1721 1958; x_wconf 88' lang='grc' dir='ltr'><strong><em>τε</em></strong></span> 
     </span>
     <span class='ocr_line' id='line_1_23' title="bbox 40 1982 1722 2059; baseline -0.002 -14"><span class='ocrx_word' id='word_1_192' title='bbox 40 1988 291 2059; x_wconf 82' lang='grc' dir='ltr'><strong><em>κεφαλὴν</em></strong></span> <span class='ocrx_word' id='word_1_193' title='bbox 309 1994 435 2059; x_wconf 84' lang='grc' dir='ltr'><strong><em>βίον</em></strong></span> <span class='ocrx_word' id='word_1_194' title='bbox 458 1984 530 2042; x_wconf 79' lang='grc' dir='ltr'><strong><em>ἀν</em></strong></span> <span class='ocrx_word' id='word_1_195' title='bbox 555 1990 790 2042; x_wconf 82' lang='grc' dir='ltr'><strong><em>διπλοῦν</em></strong></span> <span class='ocrx_word' id='word_1_196' title='bbox 810 1988 901 2042; x_wconf 83' lang='grc' dir='ltr'><strong><em>καὶ</em></strong></span> <span class='ocrx_word' id='word_1_197' title='bbox 921 1993 1278 2042; x_wconf 86' lang='grc' dir='ltr'><strong><em>πολλαπλοῦν</em></strong></span> <span class='ocrx_word' id='word_1_198' title='bbox 1296 1988 1387 2042; x_wconf 87' lang='grc' dir='ltr'><strong><em>καὶ</em></strong></span> <span class='ocrx_word' id='word_1_199' title='bbox 1415 1982 1722 2055; x_wconf 83' lang='grc' dir='ltr'><strong><em>ὑγιεινότε-</em></strong></span> 
     </span>
     <span class='ocr_line' id='line_1_24' title="bbox 39 2067 1724 2140; baseline -0.003 -14"><span class='ocrx_word' id='word_1_200' title='bbox 39 2091 143 2140; x_wconf 87' lang='grc' dir='ltr'><strong><em>ρον</em></strong></span> <span class='ocrx_word' id='word_1_201' title='bbox 170 2072 260 2125; x_wconf 84' lang='grc' dir='ltr'><strong><em>καὶ</em></strong></span> <span class='ocrx_word' id='word_1_202' title='bbox 290 2067 632 2139; x_wconf 79' lang='grc' dir='ltr'><strong><em>ἀλυπότερον</em></strong></span> <span class='ocrx_word' id='word_1_203' title='bbox 662 2075 765 2123; x_wconf 82' lang='grc' dir='ltr'><strong><em>τοῦ</em></strong></span> <span class='ocrx_word' id='word_1_204' title='bbox 804 2073 912 2123; x_wconf 86' lang='grc' dir='ltr'><strong><em>νῦν</em></strong></span> <span class='ocrx_word' id='word_1_205' title='bbox 939 2067 1328 2138; x_wconf 82' lang='grc' dir='ltr'><strong><em>κατεκτήσατο·</em></strong></span> <span class='ocrx_word' id='word_1_206' title='bbox 1369 2073 1478 2122; x_wconf 84' lang='grc' dir='ltr'><strong><em>νῦν</em></strong></span> <span class='ocrx_word' id='word_1_207' title='bbox 1517 2068 1576 2122; x_wconf 80' lang='grc' dir='ltr'><strong><em>δὲ</em></strong></span> <span class='ocrx_word' id='word_1_208' title='bbox 1611 2076 1724 2131; x_wconf 76' lang='grc' dir='ltr'><strong><em>τοῖς</em></strong></span> 
     </span>
    </p>

    <p class='ocr_par' dir='ltr' id='par_1_3' title="bbox 15 2146 1784 2787">
     <span class='ocr_line' id='line_1_25' title="bbox 15 2146 1720 2226; baseline -0.002 -20"><span class='ocrx_word' id='word_1_209' title='bbox 15 2174 17 2177; x_wconf 73' lang='grc'><strong>’</strong></span> <span class='ocrx_word' id='word_1_210' title='bbox 40 2153 165 2220; x_wconf 80' lang='grc' dir='ltr'><strong><em>περὶ</em></strong></span> <span class='ocrx_word' id='word_1_211' title='bbox 183 2148 286 2221; x_wconf 84' lang='grc' dir='ltr'><strong><em>τὴν</em></strong></span> <span class='ocrx_word' id='word_1_212' title='bbox 304 2147 571 2221; x_wconf 81' lang='grc' dir='ltr'><strong><em>ἡμετέραν</em></strong></span> <span class='ocrx_word' id='word_1_213' title='bbox 590 2154 809 2219; x_wconf 77' lang='grc' dir='ltr'><strong><em>γένεσιν</em></strong></span> <span class='ocrx_word' id='word_1_214' title='bbox 839 2153 1191 2219; x_wconf 83' lang='grc' dir='ltr'><strong><em>δημιουργοῖς</em></strong></span> <span class='ocrx_word' id='word_1_215' title='bbox 1222 2146 1720 2226; x_wconf 81' lang='grc' dir='ltr'><strong><em>ἀναλογιζομένοις,</em></strong></span> 
     </span>
     <span class='ocr_line' id='line_1_26' title="bbox 42 2223 1784 2300; baseline -0.001 -14"><span class='ocrx_word' id='word_1_216' title='bbox 42 2230 279 2299; x_wconf 89' lang='grc' dir='ltr'><strong><em>πότερον</em></strong></span> <span class='ocrx_word' id='word_1_217' title='bbox 323 2228 833 2299; x_wconf 85' lang='grc' dir='ltr'><strong><em>πολυχρονιώτερον</em></strong></span> <span class='ocrx_word' id='word_1_218' title='bbox 876 2240 1059 2300; x_wconf 77' lang='grc' dir='ltr'><strong><em>χεῖρον</em></strong></span> <span class='ocrx_word' id='word_1_219' title='bbox 1098 2223 1134 2299; x_wconf 79' lang='grc' dir='ltr'><strong><em>ἦ</em></strong></span> <span class='ocrx_word' id='word_1_220' title='bbox 1178 2223 1724 2299; x_wconf 83' lang='grc' dir='ltr'><strong><em>βραχυχρονιώτερον</em></strong></span> <span class='ocrx_word' id='word_1_221' title='bbox 1755 2243 1784 2285; x_wconf 87' lang='lat' dir='ltr'>C</span> 
     </span>
     <span class='ocr_line' id='line_1_27' title="bbox 44 2309 1721 2382; baseline -0.002 -16"><span class='ocrx_word' id='word_1_222' title='bbox 44 2316 261 2382; x_wconf 82' lang='grc' dir='ltr'><strong><em>βέλτιον</em></strong></span> <span class='ocrx_word' id='word_1_223' title='bbox 279 2309 679 2379; x_wconf 85' lang='grc' dir='ltr'><strong><em>ἀπεργάσαιντο</em></strong></span> <span class='ocrx_word' id='word_1_224' title='bbox 699 2313 874 2381; x_wconf 86' lang='grc' dir='ltr'><strong><em>γένος,</em></strong></span> <span class='ocrx_word' id='word_1_225' title='bbox 898 2312 1156 2376; x_wconf 83' lang='grc' dir='ltr'><strong><em>συνέδοξε</em></strong></span> <span class='ocrx_word' id='word_1_226' title='bbox 1175 2315 1275 2365; x_wconf 85' lang='grc' dir='ltr'><strong><em>τοῦ</em></strong></span> <span class='ocrx_word' id='word_1_227' title='bbox 1304 2314 1557 2375; x_wconf 88' lang='grc' dir='ltr'><strong><em>πλείονος</em></strong></span> <span class='ocrx_word' id='word_1_228' title='bbox 1575 2314 1721 2380; x_wconf 86' lang='grc' dir='ltr'><strong><em>βίου,</em></strong></span> 
     </span>
     <span class='ocr_line' id='line_1_28' title="bbox 43 2390 1723 2462; baseline 0 -17"><span class='ocrx_word' id='word_1_229' title='bbox 43 2393 393 2462; x_wconf 80' lang='grc' dir='ltr'><strong><em>φαυλοτέρων</em></strong></span> <span class='ocrx_word' id='word_1_230' title='bbox 413 2393 500 2458; x_wconf 86' lang='grc' dir='ltr'><strong><em>δέ,</em></strong></span> <span class='ocrx_word' id='word_1_231' title='bbox 523 2390 622 2446; x_wconf 84' lang='grc' dir='ltr'><strong><em>τὸν</em></strong></span> <span class='ocrx_word' id='word_1_232' title='bbox 642 2390 902 2447; x_wconf 82' lang='grc' dir='ltr'><strong><em>ἐλάττονα</em></strong></span> <span class='ocrx_word' id='word_1_233' title='bbox 924 2390 1189 2462; x_wconf 88' lang='grc' dir='ltr'><strong><em>ἀμείνονα</em></strong></span> <span class='ocrx_word' id='word_1_234' title='bbox 1219 2391 1354 2447; x_wconf 77' lang='grc' dir='ltr'><strong><em>ὄντα</em></strong></span> <span class='ocrx_word' id='word_1_235' title='bbox 1385 2392 1547 2446; x_wconf 88' lang='grc' dir='ltr'><strong><em>παντὶ</em></strong></span> <span class='ocrx_word' id='word_1_236' title='bbox 1577 2390 1723 2446; x_wconf 87' lang='grc' dir='ltr'><strong><em>πάν-</em></strong></span> 
     </span>
     <span class='ocr_line' id='line_1_29' title="bbox 44 2470 1724 2566; baseline -0.001 -38"><span class='ocrx_word' id='word_1_237' title='bbox 44 2495 148 2537; x_wconf 88' lang='grc' dir='ltr'><strong><em>τως</em></strong></span> <span class='ocrx_word' id='word_1_238' title='bbox 169 2476 436 2541; x_wconf 78' lang='grc' dir='ltr'><strong><em>αἱρετέον·</em></strong></span> <span class='ocrx_word' id='word_1_239' title='bbox 459 2470 598 2527; x_wconf 77' lang='grc' dir='ltr'><strong><em>ὅθεν</em></strong></span> <span class='ocrx_word' id='word_1_240' title='bbox 618 2472 686 2542; x_wconf 77' lang='grc' dir='ltr'><strong><em>δὴ</em></strong></span> <span class='ocrx_word' id='word_1_241' title='bbox 706 2494 860 2547; x_wconf 88' lang='grc' dir='ltr'><strong><em>μανω</em></strong></span> <span class='ocrx_word' id='word_1_242' title='bbox 881 2475 983 2566; x_wconf 77' lang='grc' dir='ltr'><strong><em>μὲν</em></strong></span> <span class='ocrx_word' id='word_1_243' title='bbox 1008 2471 1171 2546; x_wconf 76' lang='grc' dir='ltr'><strong><em>ὀστῷ,</em></strong></span> <span class='ocrx_word' id='word_1_244' title='bbox 1205 2474 1360 2542; x_wconf 81' lang='grc' dir='ltr'><strong><em>σαρξὶ</em></strong></span> <span class='ocrx_word' id='word_1_245' title='bbox 1381 2474 1439 2526; x_wconf 80' lang='grc' dir='ltr'><strong><em>δὲ</em></strong></span> <span class='ocrx_word' id='word_1_246' title='bbox 1471 2472 1562 2526; x_wconf 80' lang='grc' dir='ltr'><strong><em>καὶ</em></strong></span> <span class='ocrx_word' id='word_1_247' title='bbox 1590 2470 1724 2526; x_wconf 82' lang='grc' dir='ltr'><strong><em>νεύ-</em></strong></span> 
     </span>
     <span class='ocr_line' id='line_1_30' title="bbox 46 2549 1720 2624; baseline -0.002 -15"><span class='ocrx_word' id='word_1_248' title='bbox 46 2576 162 2623; x_wconf 87' lang='grc' dir='ltr'><strong><em>ροις</em></strong></span> <span class='ocrx_word' id='word_1_249' title='bbox 183 2553 496 2624; x_wconf 81' lang='grc' dir='ltr'><strong><em>κεφαλήν,”</em></strong></span> <span class='ocrx_word' id='word_1_250' title='bbox 461 2575 552 2608; x_wconf 87' lang='grc' dir='ltr'><strong><em>ατε</em></strong></span> <span class='ocrx_word' id='word_1_251' title='bbox 569 2553 696 2608; x_wconf 72' lang='grc' dir='ltr'><strong><em>οὐδὲ</em></strong></span> <span class='ocrx_word' id='word_1_252' title='bbox 717 2552 934 2624; x_wconf 81' lang='grc' dir='ltr'><strong><em>καμπὰς</em></strong></span> <span class='ocrx_word' id='word_1_253' title='bbox 948 2557 1201 2623; x_wconf 82' lang='grc' dir='ltr'><strong><em>ἔχουσαν,</em></strong></span> <span class='ocrx_word' id='word_1_254' title='bbox 1218 2574 1285 2607; x_wconf 87' lang='grc' dir='ltr'><strong><em>ου</em></strong></span> <span class='ocrx_word' id='word_1_255' title='bbox 1270 2549 1720 2622; x_wconf 83' lang='grc' dir='ltr'><strong><em>’ξυνεστέγασαν.</em></strong></span> 
     </span>
     <span class='ocr_line' id='line_1_31' title="bbox 47 2627 1723 2704; baseline -0.002 -13"><span class='ocrx_word' id='word_1_256' title='bbox 47 2635 185 2691; x_wconf 77' lang='grc' dir='ltr'><strong><em>κατὰ</em></strong></span> <span class='ocrx_word' id='word_1_257' title='bbox 206 2634 386 2689; x_wconf 86' lang='grc' dir='ltr'><strong><em>πάντα</em></strong></span> <span class='ocrx_word' id='word_1_258' title='bbox 408 2627 511 2688; x_wconf 84' lang='grc' dir='ltr'><strong><em>οὖν</em></strong></span> <span class='ocrx_word' id='word_1_259' title='bbox 540 2640 710 2689; x_wconf 85' lang='grc' dir='ltr'><strong><em>ταῦτα</em></strong></span> <span class='ocrx_word' id='word_1_260' title='bbox 734 2633 1162 2704; x_wconf 82' lang='grc' dir='ltr'><strong><em>εύαισθητοτέρα</em></strong></span> <span class='ocrx_word' id='word_1_261' title='bbox 1191 2633 1292 2703; x_wconf 81' lang='grc' dir='ltr'><strong><em>μὲν</em></strong></span> <span class='ocrx_word' id='word_1_262' title='bbox 1315 2634 1403 2687; x_wconf 79' lang='grc' dir='ltr'><strong><em>καὶ</em></strong></span> <span class='ocrx_word' id='word_1_263' title='bbox 1435 2653 1723 2703; x_wconf 85' lang='grc' dir='ltr'><strong><em>φρονιμω-</em></strong></span> 
     </span>
     <span class='ocr_line' id='line_1_32' title="bbox 45 2712 1725 2787; baseline -0.001 -16"><span class='ocrx_word' id='word_1_264' title='bbox 45 2718 192 2787; x_wconf 85' lang='grc' dir='ltr'><strong><em>τέρα,</em></strong></span> <span class='ocrx_word' id='word_1_265' title='bbox 215 2715 359 2771; x_wconf 79' lang='grc' dir='ltr'><strong><em>πολὺ</em></strong></span> <span class='ocrx_word' id='word_1_266' title='bbox 377 2718 433 2770; x_wconf 71' lang='grc' dir='ltr'><strong><em>δὲ</em></strong></span> <span class='ocrx_word' id='word_1_267' title='bbox 454 2714 821 2783; x_wconf 81' lang='grc' dir='ltr'><strong><em>ἀσθενεστέρα</em></strong></span> <span class='ocrx_word' id='word_1_268' title='bbox 844 2715 1047 2778; x_wconf 79' lang='grc' dir='ltr'><strong><em>παντὸς</em></strong></span> <span class='ocrx_word' id='word_1_269' title='bbox 1066 2712 1269 2786; x_wconf 82' lang='grc' dir='ltr'><strong><em>ἀνδρος</em></strong></span> <span class='ocrx_word' id='word_1_270' title='bbox 1298 2716 1606 2785; x_wconf 80' lang='grc' dir='ltr'><strong><em>προσετέθη</em></strong></span> <span class='ocrx_word' id='word_1_271' title='bbox 1628 2735 1725 2771; x_wconf 87' lang='grc' dir='ltr'><strong><em>κε-</em></strong></span> 
     </span>
    </p>
   </div>
   <div class='ocr_carea' id='block_1_3' title="bbox 47 2792 1725 2920">
    <p class='ocr_par' dir='ltr' id='par_1_4' title="bbox 47 2792 1725 2920">
     <span class='ocr_line' id='line_1_33' title="bbox 47 2792 1725 2868; baseline -0.001 -16"><span class='ocrx_word' id='word_1_272' title='bbox 47 2796 195 2868; x_wconf 83' lang='grc' dir='ltr'><strong><em>φαλὴ</em></strong></span> <span class='ocrx_word' id='word_1_273' title='bbox 217 2796 452 2866; x_wconf 83' lang='grc' dir='ltr'><strong><em>σώματι·</em></strong></span> <span class='ocrx_word' id='word_1_274' title='bbox 492 2796 555 2851; x_wconf 69' lang='grc' dir='ltr'><strong><em>τά</em></strong></span> <span class='ocrx_word' id='word_1_275' title='bbox 579 2801 634 2852; x_wconf 79' lang='grc' dir='ltr'><strong><em>δὲ</em></strong></span> <span class='ocrx_word' id='word_1_276' title='bbox 654 2804 825 2865; x_wconf 82' lang='grc' dir='ltr'><strong><em>νεῦρα</em></strong></span> <span class='ocrx_word' id='word_1_277' title='bbox 859 2796 946 2852; x_wconf 79' lang='grc' dir='ltr'><strong><em>διὰ</em></strong></span> <span class='ocrx_word' id='word_1_278' title='bbox 978 2801 1149 2851; x_wconf 82' lang='grc' dir='ltr'><strong><em>ταῦτα</em></strong></span> <span class='ocrx_word' id='word_1_279' title='bbox 1186 2797 1274 2851; x_wconf 81' lang='grc' dir='ltr'><strong><em>καὶ</em></strong></span> <span class='ocrx_word' id='word_1_280' title='bbox 1313 2792 1488 2860; x_wconf 80' lang='grc' dir='ltr'><strong><em>οὕτως</em></strong></span> <span class='ocrx_word' id='word_1_281' title='bbox 1523 2793 1552 2851; x_wconf 87' lang='grc' dir='ltr'>ὁ</span> <span class='ocrx_word' id='word_1_282' title='bbox 1591 2795 1725 2860; x_wconf 81' lang='grc' dir='ltr'><strong><em>θεὸς</em></strong></span> 
     </span>
     <span class='ocr_line' id='line_1_34' title="bbox 190 2876 1446 2920; baseline 0.001 -1"><span class='ocrx_word' id='word_1_283' title='bbox 190 2877 337 2920; x_wconf 63' lang='grc' dir='ltr'><strong><em>ΡιΛτυ</em></strong></span> <span class='ocrx_word' id='word_1_284' title='bbox 382 2876 457 2919; x_wconf 50' lang='lat' dir='ltr'><strong><em>{NK</em></strong></span> <span class='ocrx_word' id='word_1_285' title='bbox 1390 2878 1446 2920; x_wconf 77' lang='lat'><strong><em>25</em></strong></span> 
     </span>
    </p>
   </div>
  </div>
 </body>
</html>
