1962 3236
44 0 107 86 f

637 119 1126 168 ΠΟΛΙΤΕΙΑΣ
1161 110 1216 177 ς’.
1677 117 1782 171 179

85 254 264 325 φύσιν
283 256 344 307 ἐν
366 251 770 323 ἀλλοτριωτέρᾳ
796 243 974 306 οὖσαν
995 256 1177 323 τροφῇ
1196 250 1392 306 κάκιον
1416 249 1785 308 ἀπαλλάττειν

86 342 183 406 τῆς
201 337 434 405 φαύλης.
461 334 622 405 ”Εχει.
660 333 909 412 Οὐκοῦν,
943 328 1013 404 ἦν
1032 333 1086 389 δ’
1113 334 1239 405 ἐγώ,
1263 327 1307 389 ὦ
1331 331 1665 406 Ἀδείμαντε,
1687 339 1778 391 καὶ
1808 346 1843 387 Ε

87 415 382 486 τάς·ψυχάς
402 415 552 470 οὕτω
570 422 766 486 φῶμεν
782 413 879 479 τάς
895 414 1274 485 εὐφυεστάτας
1301 421 1474 487 κακῆς
1492 419 1781 487 παιδαγω-

87 503 209 567 γιάς
231 498 505 568 τυχούσας
534 496 915 566 διαφερόντως
946 495 1122 562 κακὰς
1151 505 1474 568 γίγνεσθαι;
1514 494 1550 569 ἢ
1581 505 1685 554 οἴει
1713 520 1781 554 τα

86 580 294 650 μεγάλα
316 578 626 650 ἀδικήματα
647 580 738 633 καὶ
758 577 861 648 τὴν
881 577 1131 648 ἄκρατον
1148 585 1424 652 πονηρίαν
1449 582 1511 636 ἐκ
1542 579 1780 652 φαύλης,

87 658 210 715 ἀλλ’
244 658 348 716 οῦκ
385 662 444 715 ἐκ
485 666 742 730 νεανικῆς
774 661 998 730 φύσεως
1023 669 1207 733 τροφῇ
1244 665 1566 733 διολομένης
1594 669 1783 733 γίγνεα

66 749 242 809 σθαι,
271 738 487 811 ἀσθενῆ
506 740 565 796 δὲ
598 740 775 811 φύσιν
803 741 1064 812 μεγάλων
1093 742 1222 797 οὔτε
1251 743 1489 813 ἀγαθῶν
1518 742 1649 799 οὔτε
1678 765 1779 799 xa-

87 831 204 879 κῶν
224 827 406 878 αἰτίαν
425 823 557 879 ποτὲ
578 828 835 890 ἔσεσθαι;
873 822 1014 894 Οὔκ,
1036 822 1198 895 ἀλλά,
1220 818 1257 895 ἦ
1278 823 1331 880 δ’
1354 823 1432 895 ὅς,
1455 824 1647 890 οὕτως.
1674 822 1780 880 Ἢν

86 913 279 963 τοίνυν
300 912 504 976 ἔθεμεν
524 912 624 961 τοῦ
645 905 962 976 φιλοσόφου
991 906 1186 978 φύσιν,
1217 902 1290 961 ὄὶν
1315 909 1434 978 μέν,
1467 905 1635 977 οἶμαι,
1666 927 1775 977 μα-
1810 913 1899 959 492

87 988 307 1059 θήσεως
326 988 716 1059 προσηκούσης
730 988 884 1060 τύχῃ,
907 993 983 1053 εἰς
1002 992 1189 1044 πᾶσαν
1207 986 1411 1060 ἀρετὴν
1436 986 1654 1060 ἀνάγκη
1674 985 1781 1043 αὐ-

86 1071 396 1140 ξανομένην
418 1068 796 1139 ἀφικνεῖσθαι,
830 1070 930 1124 ἐὰν
962 1070 1021 1126 δὲ
1045 1067 1118 1140 μὴ
1153 1072 1213 1125 ἐν
1248 1068 1610 1142 προσηκούσῃ
1639 1087 1776 1125 σπα-

84 1152 241 1223 ρετσά
276 1173 332 1206 τε
362 1153 452 1205 καὶ
482 1158 830 1220 φυτευθεῖσα
861 1156 1142 1222 τρέφηται,
1182 1157 1259 1217 εἰς
1296 1151 1477 1207 πάντα
1514 1149 1780 1208 τάναντία

84 1227 175 1302 αὖ,
196 1230 295 1287 ε’ἀν
318 1232 394 1303 μή
414 1254 493 1296 τις
513 1229 653 1302 αὐτῇ
673 1230 960 1302 βοηθήσας
978 1240 1134 1287 θεῶν
1162 1232 1313 1305 τύχῃ.
1350 1228 1389 1303 ἢ
1416 1233 1508 1288 καὶ
1538 1231 1612 1288 σύ
1640 1230 1779 1305 ἡγεῖ,

90 1314 276 1384 ὥσπερ
297 1317 353 1370 οἱ
369 1318 581 1383 πολλοί,
610 1315 1116 1384 διαφθειρομένους
1135 1312 1291 1378 τινας
1319 1311 1461 1368 εἶναι
1480 1311 1591 1369 ὑπὸ
1614 1330 1781 1385 σοφι-

84 1402 233 1452 στῶν
251 1398 431 1464 νέους,
453 1398 889 1465 διαφθείροντας
909 1398 972 1450 δέ
986 1417 1139 1459 τινας
1159 1394 1426 1465 σοφιστάς
1446 1396 1778 1465 ἰδιωτικούς,

87 1476 118 1534 ὅ
139 1500 188 1533 τι
209 1478 299 1532 καὶ
325 1475 481 1542 ἄξιον
499 1477 690 1546 λόγου,
713 1474 833 1532 ἀλλ’
865 1475 969 1532 ούκ
990 1475 1195 1541 αὐτοὺς
1214 1476 1346 1542 τοὺς
1375 1483 1550 1533 ταῦτα
1579 1481 1778 1549 λέγον-

84 1581 184 1624 τας
200 1565 490 1630 μεγίστους
518 1558 622 1629 μὲν
652 1557 792 1614 εἶναι
830 1559 1115 1629 σοφιστάς,
1156 1557 1442 1615 παιδεύειν
1479 1561 1540 1616 δὲ
1575 1561 1776 1616 τελειό-
1803 1574 1835 1614 Β

86 1664 221 1697 τατα
253 1642 343 1697 καὶ
371 1639 783 1711 ἀπεργάζεσθαι
812 1644 965 1706 οἵους
995 1635 1297 1712 βούλονται
1326 1640 1468 1697 εἶναι
1498 1643 1588 1698 καὶ
1612 1643 1776 1707 νέους

87 1726 178 1779 καὶ
197 1725 606 1795 πρεσβυτέρους
634 1725 725 1779 καὶ
745 1722 953 1791 ἄνδρας
984 1726 1074 1779 καὶ
1094 1734 1391 1793 γυναῖκας;
1428 1724 1578 1780 Πότε
1609 1725 1678 1795 δή
1689 1748 1702 1789 ;
1739 1717 1778 1796 ἦ

85 1804 138 1861 δ’
160 1803 235 1869 ὃς.
261 1802 448 1874 ”Οταν,
486 1803 661 1875 εἷπον,
694 1804 1163 1876 ξυγκαθεζόμενοι
1194 1803 1435 1876 ἀθρόοι*
1458 1809 1548 1861 οἱ*
1579 1807 1778 1863 πολλοὶ

0 1879 3 1957 f
86 1893 164 1951 εἰς
183 1884 526 1957 ἐκκλησίαςῆ
547 1891 622 1951 εἰς
641 1885 964 1957 δικαστήρια
990 1884 1026 1957 ἢ
1053 1889 1263 1956 θέατρα
1293 1883 1331 1958 ἦ
1362 1887 1708 1958 στρατόπεδα
1740 1886 1778 1959 ἥ

83 1990 206 2025 τινα
226 1967 402 2024 ἄλλον
421 1967 619 2024 κοινὸν
638 1969 895 2040 πλήθους
916 1969 1188 2039 ξύλλογον
1207 1968 1310 2034 ξῦν
1327 1975 1516 2044 πολλῷ
1536 1967 1773 2044 θορύβῳ

82 2050 149 2106 τὰ
188 2052 288 2120 μὲν
326 2052 537 2121 ψέγωσι
574 2058 688 2106 τῶν
722 2054 1038 2122 λεγομένων
1074 2047 1111 2121 ἦ
1152 2053 1574 2122 πραττομένων,
1611 2049 1680 2107 τά
1718 2053 1779 2108 δὲ

83 2135 400 2202 ἐπαινῶσιν,
431 2130 893 2205 ὑπερβαλλόντως
930 2133 1180 2203 ἑκάτερα,
1219 2133 1311 2188 καὶ
1348 2134 1651 2205 ἐκβοῶντες
1686 2135 1779 2191 καὶ

85 2218 430 2283 κροτοῦντες,
450 2214 589 2285 πρὸς
608 2213 660 2270 δ’
684 2213 871 2280 αὐτοῖς
895 2218 955 2270 αἴ
979 2237 1035 2269 τε
1065 2217 1258 2285 πέτραι
1277 2215 1369 2270 καὶ
1399 2211 1427 2269 ὁ
1454 2215 1623 2281 τόπος
1642 2218 1703 2272 έν
1731 2208 1779 2290 ᾦ
1803 2227 1834 2270 G

86 2291 158 2350 ἄν
199 2287 335 2350 ὦσιν
371 2296 699 2366 ἐπηχοῦντες
734 2297 1027 2352 διπλάσιον
1062 2296 1319 2367 θόρυβον
1359 2299 1637 2368 παρέχωσι
1672 2305 1775 2356 τοῦ

86 2376 269 2445 ψόγου
288 2378 377 2430 καὶ
397 2377 652 2432 ἐπαίνου·
695 2380 756 2433 ἐν
776 2378 842 2450 δὴ
863 2385 943 2453 τῷ
961 2378 1192 2453 τοιούτῳ
1214 2377 1313 2434 τὸν
1340 2381 1488 2451 νέον,
1517 2377 1578 2435 τὸ
1612 2380 1776 2452 λεγό-

85 2478 276 2529 μενον,
315 2462 436 2513 τίνα
466 2465 568 2515 οἴει
603 2463 838 2530 καρδίαν
869 2469 1065 2532 ἰσχειν;
1100 2456 1135 2531 ἦ
1172 2465 1339 2515 ποίαν
1365 2455 1439 2515 ἀν
1468 2458 1620 2535 αὐτῷ
1645 2481 1776 2517 παι-

87 2542 243 2595 δείαν
279 2540 564 2610 ἰδιωτικὴν
603 2538 892 2611 ἀνθέξειν,
930 2540 1001 2613 ἣν
1038 2540 1105 2596 οὐ
1144 2549 1627 2597 κατακλυσθεῖσαν
1663 2540 1772 2599 ὑπὸ

84 2626 186 2676 τοῦ
231 2622 488 2676 τοιούτου
527 2622 709 2692 ψόγου
747 2622 783 2694 ἢ
821 2626 1052 2679 ἐπαίνου
1095 2623 1420 2694 οἰχήσεσθαι
1456 2626 1776 2696 φερομένην

88 2701 224 2758 κατὰ
254 2705 412 2773 ῥοῦν,
434 2696 468 2775 ᾖ
495 2700 568 2759 ἄν
594 2698 759 2770 οὗτος
779 2707 940 2777 φέρῃ,
962 2707 1052 2762 καὶ
1073 2706 1277 2775 φήσειν
1303 2726 1360 2762 τε
1379 2702 1446 2760 τά
1469 2702 1610 2761 αὐτὰ
1640 2707 1776 2762 τού-

84 2806 197 2851 τοις
214 2783 354 2842 καλὰ
378 2789 468 2841 καὶ
491 2786 685 2857 αἰσχρὰ
709 2786 864 2857 εἶναι,
887 2791 975 2843 καὶ
998 2786 1377 2858 ἐπιτηδεύσειν
1397 2786 1538 2859 ἅπερ
1568 2782 1641 2843 ἄν
1669 2782 1770 2845 οὖ-
1804 2807 1838 2848 D

1423 2870 1476 2913 12
1493 2867 1515 2894 ⁸¹
