1962 3236
20 142 79 185 ει
693 94 1704 179 T1MA102.369

17 266 175 337 χάνει
194 264 254 320 δε
270 270 443 320 ταῦτα
462 262 616 332 ὄντα,
645 261 711 316 τὰ
732 261 836 331 μεν
862 264 1090 315 ἔλαττον
1107 262 1302 329 ἔχοντα
1319 256 1522 321 ὓδατος
1551 253 1586 327 ἢ
1605 264 1706 328 γῆς

19 346 87 401 τό
108 368 166 402 τε
184 346 309 414 περὶ
328 345 430 415 τὴν
451 342 626 399 ὕαλον
645 339 861 413 γένος”
824 360 976 395 απαν
1006 337 1111 395 ὅσα
1140 360 1199 394 τε
1229 343 1409 395 λίθων
1427 336 1562 409 χυτοὶ
1587 340 1704 440 εἴδη

21 436 280 493 καλεῖται,
310 425 377 480 τὰ
398 424 459 480 δὲ
473 428 644 480 πλέόν
661 422 863 485 ὕδατος
879 415 954 476 αὖ
973 419 1153 476 πάντα
1186 417 1292 476 ὅσα
1323 422 1585 492 κηροειδῆ
1612 419 1703 474 καὶ
1736 428 1767 471 O

22 506 324 579 θυμιατικὰ
344 505 568 577 σώματα
589 501 983 573 ξυμπηγνυται.

161 590 332 643 XXVI.
371 589 480 641 Καὶ
498 583 564 640 τὰ
582 584 684 654 μὲν
706 580 773 652 δὴ
795 581 1039 652 σχήματα
1066 587 1379 648 κοινωνίαις
1399 604 1457 638 τε
1486 582 1577 638 καὶ
1607 602 1706 652 με-

20 677 314 740 ταλλαγαῖς
338 672 414 732 εἰς
428 663 637 736 ἄλληλα
668 665 1057 733 πεποικιλμένα
1077 666 1194 734 εἴδη
1216 662 1412 734 σχεδὸν
1441 665 1708 719 ἐπιδέδει-

21 774 171 808 κται·
207 750 274 806 τὰ
296 749 354 805 δὲ
374 748 676 820 παθήματα
696 744 882 801 αὐτῶν
902 744 976 800 δι’
1010 743 1074 810 ἃς
1093 750 1265 810 αἰτίας
1290 750 1486 817 γέγονε
1514 766 1709 818 πειρα-

20 838 149 888 τέον
166 835 495 902 ἐμφανίζειν.
546 836 772 898 πρῶτον
792 827 894 899 μὲν
913 822 1020 883 οὖν
1038 826 1311 899 ὑπάρχειν
1330 837 1598 900 αἴσθησιν
1626 832 1712 884 δεῖ

21 926 134 979 τοῖς
152 914 465 981 λεγομένοις
483 908 584 974 ἀεί,
606 910 810 979 σαρκὸς
830 909 888 965 δὲ
901 911 990 964 καὶ
1009 916 1124 964 τῶν
1134 910 1258 980 περὶ
1276 910 1455 979 σάρκα
1469 912 1707 980 γένεσιν,

23 1001 202 1065 ψυχῆς
220 1015 277 1048 τε
307 991 445 1047 ὅσον
462 992 696 1062 θνητόν,
718 990 875 1046 οὔπω
901 991 1331 1062 διεληλύθαμεν·
1370 990 1630 1062 τυγχάνει
1650 991 1711 1047 δὲ

25 1074 154 1131 οὔτε
173 1082 343 1130 ταῦτα
362 1076 526 1143 χωρὶς
554 1079 667 1128 τῶν
696 1073 820 1140 περὶ
850 1072 915 1127 τὰ
944 1073 1248 1144 παθήματα
1276 1071 1381 1128 ὅσα
1410 1077 1710 1143 αἰσθητικά

25 1153 150 1212 οὔτ’
172 1158 352 1211 ἐκεῖνα
373 1154 510 1208 ἄνευ
530 1154 744 1209 τούτων
777 1152 986 1208 δυνατὰ
1018 1158 1222 1219 ἱκανῶς
1249 1160 1533 1226 λεχθῆναι,
1561 1150 1623 1210 τό
1645 1152 1711 1209 ’δὲ
1740 1165 1776 1206 D
1861 1210 1867 1221 ,

25 1236 139 1308 ἅμα
158 1233 355 1306 σχεδὸν
371 1233 441 1290 οὐ
463 1234 709 1290 δυνατόν
726 1255 737 1265 ·
768 1232 1078 1291 ὑποθετέον
1100 1234 1165 1306 δὴ
1190 1235 1463 1306 πρότερον
1480 1235 1711 1305 θάτερα,

29 1340 93 1372 τα
119 1315 173 1372 δ’
207 1315 551 1372 ὑποτεθέντα
582 1315 850 1385 ἐπάνιμεν
879 1309 1063 1380 αὖθις.
1101 1319 1195 1371 ἵνα
1224 1310 1332 1371 οὖν
1362 1317 1481 1386 εξῆς
1509 1314 1576 1372 τὰ
1605 1336 1714 1371 πα-

26 1401 251 1468 θήματα
270 1401 487 1468 λέγηται
512 1408 624 1461 τοῖς
641 1398 877 1467 γένεσιν,
907 1402 1044 1452 ἔστω
1063 1397 1306 1467 πρότερα
1333 1395 1466 1469 ἡμῖν
1493 1395 1559 1452 τὰ
1589 1397 1715 1464 περὶ

29 1486 188 1548 σωμα
208 1480 298 1533 καὶ
319 1479 502 1548 ψυχὴν
521 1477 672 1532 ὄντα.
714 1484 937 1545 πρῶτον
956 1500 1058 1549 μεν
1078 1473 1184 1534 οὖν
1201 1472 1239 1550 ᾗ
1258 1485 1371 1547 πῦρ
1388 1475 1605 1549 θερμὸν
1624 1482 1715 1533 λέ·-

29 1581 217 1630 γομεν,
239 1563 445 1630 ἴδωμεν
465 1551 571 1614 ωδε
593 1565 947 1627 σκοποῦντες,
978 1558 1080 1631 τὴν
1112 1561 1390 1628 διάκρισιν
1420 1560 1512 1614 καὶ
1541 1558 1717 1654 τομὴν

31 1640 206 1696 αὐτοῦ
225 1640 427 1708 περὶτὰ
459 1658 614 1710 σωμα
644 1637 801 1710 ἡμων
831 1643 1166 1711 γιγνομένην
1197 1643 1575 1711 ἐννοηθέντες.
1626 1636 1712 1695 οτι
1745 1655 1777 1695 Ε

30 1725 133 1793 μὲν
159 1721 266 1791 γάρ
297 1719 396 1787 ὀξύ
425 1742 475 1775 τι
508 1719 569 1776 τό
601 1721 802 1786 πάθος,
835 1721 1034 1786 πάντες
1072 1721 1268 1792 σχεδὸν
1299 1720 1714 1792 αἰσθανόμεθα·

33 1803 136 1874 τήν
157 1803 214 1858 δὲ
235 1802 534 1872 λεπτότητα
550 1809 664 1857 τῶν
681 1808 941 1871 πλευρῶν
966 1803 1058 1858 καὶ
1087 1808 1310 1872 γωνιῶν
1338 1801 1573 1873 ὀξύτητα
1604 1809 1718 1857 τῶν

32 1906 90 1940 τε
110 1890 323 1955 μορίων
351 1882 687 1955 σμικρότητα
715 1888 806 1940 καὶ
837 1891 931 1955 τῆς
962 1890 1140 1954 φορᾶς
1167 1883 1228 1939 τὸ
1262 1884 1441 1955 τάχος,
1474 1878 1556 1948 οἷς
1584 1888 1718 1938 πᾶσι

33 1965 285 2036 σφοδρὸν
305 1963 374 2021 ὂν
393 1967 484 2020 καὶ
503 1966 675 2035 τομὸν
695 1964 859 2031 ὀξέως
878 1964 939 2021 τό
960 1963 1275 2036 προστυχὸν
1295 1965 1378 2021 αἐὶ
1401 1966 1603 2037 τέμνει,
1621 1971 1719 2021 λο-

30 2050 251 2119 γιστέον
268 2044 838 2117 ἀναμιμνῃσκομένοις
867 2047 968 2118 τὴν
998 2053 1099 2102 τοῦ
1128 2047 1400 2118 σχήματος
1426 2045 1602 2102 αὐτοῦ
1627 2050 1722 2116 γέ-
1752 2054 1812 2100 62

33 2144 206 2197 νεσιν,
227 2124 313 2181 ὅτι
331 2127 564 2198 μάλιστα
583 2130 762 2199 ἐκείνη
779 2128 870 2183 καὶ
889 2126 991 2183 οὐκ
1010 2127 1146 2198 ἄλλη
1169 2127 1338 2197 φύσις
1358 2131 1720 2199 διακρίνουσα

33 2207 193 2282 ἡμῶν
221 2208 359 2263 κατὰ
385 2209 590 2279 σμικρά
620 2232 676 2265 τε
706 2209 772 2265 τὰ
806 2210 1032 2280 σώματα
1064 2213 1462 2280 κερματίζουσα
1490 2214 1656 2265 τοῦτο
1689 2201 1722 2263 3

35 2298 145 2346 νῦν
156 2288 373 2359 θερμὸν
385 2293 615 2360 λέγομεν
634 2291 857 2356 εἰκότως
875 2290 936 2347 τὸ
958 2292 1192 2363 πάθημα
1211 2293 1300 2347 καὶ
1318 2289 1565 2362 τοῦνομα
1586 2310 1720 2361 παρ·

37 2377 174 2442 έσχε.
221 2368 283 2426 τὸ
322 2368 374 2425 δ’
424 2373 679 2428 ἐναντίον
724 2373 940 2428 τούτων
978 2374 1291 2443 κατάδηλον
1328 2371 1499 2443 μέν,’
1479 2371 1628 2443 όμως
1662 2371 1722 2427 δὲ

0 2492 2 2518 e
38 2451 211 2524 μηδὲν
241 2450 446 2516 ἐπιδεὲς
473 2456 610 2507 ἔστω
641 2452 932 2523 λόγου.τά
962 2452 1068 2523 γὰρ
1097 2454 1162 2524 δὴ
1184 2459 1298 2508 τῶν
1328 2454 1452 2550 περὶ
1470 2450 1532 2508 τὸ
1565 2459 1723 2524 σῶμα

0 2559 2 2566 r
39 2531 234 2604 ὑγρῶν
269 2537 773 2603 μεγαλομερέστερα
821 2533 1080 2601 εἰσιόντα,
1118 2534 1183 2588 τὰ
1221 2533 1554 2605 σμικρότερα
1589 2537 1725 2600 ἔξω·

41 2620 277 2678 θοῦντα,
301 2620 377 2679 εἰς
399 2614 494 2679 τὰς
506 2617 733 2671 ἐκείνων
746 2614 816 2671 οὐ
834 2616 1118 2686 δυνάμενα
1141 2616 1303 2684 ἕδρας
1322 2617 1567 2685 ἐνδῦναι,
1589 2618 1722 2681 ξυν-

43 2702 305 2753 ωθοῦντα
338 2693 494 2765 ἡμῶν
516 2697 575 2751 τὸ
600 2695 828 2766 νοτερὸν
847 2700 900 2762 ἐξ
931 2694 1231 2766 ἀνωμάλου
1261 2698 1629 2766 κεκινημένου
1657 2718 1714 2752 τε
1742 2713 1778 2756 Β

44 2782 304 2853 α’κίνητον
323 2777 738 2902 διι’νόμαλότητα
776 2782 865 2834 καὶ
902 2778 1003 2848 τὴν
1041 2780 1282 2844 ξύνωσιν
1312 2775 1724 2903 άπεξγαζόμενα

185 2860 337 2905 Pano
438 2891 446 2900 .
1440 2861 1468 2904 4
