<?xml version="1.0" encoding="UTF-8"?>
<!DOCTYPE html PUBLIC "-//W3C//DTD XHTML 1.0 Transitional//EN"
    "http://www.w3.org/TR/xhtml1/DTD/xhtml1-transitional.dtd">
<html xmlns="http://www.w3.org/1999/xhtml" xml:lang="en" lang="en">
 <head>
  <title>
</title>
<meta http-equiv="Content-Type" content="text/html;charset=utf-8" />
  <meta name='ocr-system' content='tesseract 3.04.00' />
  <meta name='ocr-capabilities' content='ocr_page ocr_carea ocr_par ocr_line ocrx_word'/>
</head>
<body>
  <div class='ocr_page' id='page_1' title='image "./dialogisecumdumt04platuoft_0390.png"; bbox 0 0 1962 3236; ppageno 0'>
   <div class='ocr_carea' id='block_1_1' title="bbox 220 150 1903 211">
    <p class='ocr_par' dir='ltr' id='par_1_1' title="bbox 220 150 1903 211">
     <span class='ocr_line' id='line_1_1' title="bbox 220 150 1903 211; baseline 0.005 -9"><span class='ocrx_word' id='word_1_1' title='bbox 220 150 327 204; x_wconf 85' lang='lat'><em>354</em></span> <span class='ocrx_word' id='word_1_2' title='bbox 838 155 1312 204; x_wconf 74' lang='grc' dir='ltr'><em>ΠΛΑΤΩΝΟΣ</em></span> <span class='ocrx_word' id='word_1_3' title='bbox 1842 166 1903 211; x_wconf 85' lang='grc'><em>36</em></span> 
     </span>
    </p>
   </div>
   <div class='ocr_carea' id='block_1_2' title="bbox 135 286 1937 2882">
    <p class='ocr_par' dir='ltr' id='par_1_2' title="bbox 135 286 1937 847">
     <span class='ocr_line' id='line_1_2' title="bbox 135 286 1902 361; baseline 0.004 -20"><span class='ocrx_word' id='word_1_4' title='bbox 135 297 196 342; x_wconf 81' lang='lat'><em>49</em></span> <span class='ocrx_word' id='word_1_5' title='bbox 229 288 369 343; x_wconf 83' lang='grc' dir='ltr'><em>κατὰ</em></span> <span class='ocrx_word' id='word_1_6' title='bbox 387 286 558 344; x_wconf 80' lang='grc' dir='ltr'><em>ταύτὰ</em></span> <span class='ocrx_word' id='word_1_7' title='bbox 578 287 659 357; x_wconf 89' lang='grc' dir='ltr'><em>ὄν,</em></span> <span class='ocrx_word' id='word_1_8' title='bbox 680 292 891 358; x_wconf 88' lang='grc' dir='ltr'><em>μίμημα</em></span> <span class='ocrx_word' id='word_1_9' title='bbox 912 287 971 340; x_wconf 76' lang='grc' dir='ltr'><em>δὲ</em></span> <span class='ocrx_word' id='word_1_10' title='bbox 989 290 1425 358; x_wconf 77' lang='grc' dir='ltr'><em>παραδείγματος</em></span> <span class='ocrx_word' id='word_1_11' title='bbox 1443 289 1722 361; x_wconf 83' lang='grc' dir='ltr'><em>δεύτερον,</em></span> <span class='ocrx_word' id='word_1_12' title='bbox 1741 295 1902 361; x_wconf 84' lang='grc' dir='ltr'><em>γένε-</em></span> 
     </span>
     <span class='ocr_line' id='line_1_3' title="bbox 220 366 1901 473; baseline 0.003 -51"><span class='ocrx_word' id='word_1_13' title='bbox 220 383 310 422; x_wconf 89' lang='grc' dir='ltr'><em>σιν</em></span> <span class='ocrx_word' id='word_1_14' title='bbox 339 373 464 439; x_wconf 85' lang='grc' dir='ltr'><em>ἔχον</em></span> <span class='ocrx_word' id='word_1_15' title='bbox 491 371 581 424; x_wconf 82' lang='grc' dir='ltr'><em>καὶ</em></span> <span class='ocrx_word' id='word_1_16' title='bbox 612 366 839 437; x_wconf 86' lang='grc' dir='ltr'><em>ὁρατόν·</em></span> <span class='ocrx_word' id='word_1_17' title='bbox 871 371 1058 438; x_wconf 90' lang='grc' dir='ltr'><em>τρίτον</em></span> <span class='ocrx_word' id='word_1_18' title='bbox 1087 368 1147 422; x_wconf 80' lang='grc' dir='ltr'><em>δὲ</em></span> <span class='ocrx_word' id='word_1_19' title='bbox 1175 367 1297 423; x_wconf 90' lang='grc' dir='ltr'><em>τότε</em></span> <span class='ocrx_word' id='word_1_20' title='bbox 1335 371 1437 439; x_wconf 80' lang='grc' dir='ltr'><em>μὲν</em></span> <span class='ocrx_word' id='word_1_21' title='bbox 1465 367 1534 424; x_wconf 81' lang='grc' dir='ltr'><em>οὐ</em></span> <span class='ocrx_word' id='word_1_22' title='bbox 1562 369 1901 473; x_wconf 81' lang='grc' dir='ltr'><em>διειλόμεθα,</em></span> 
     </span>
     <span class='ocr_line' id='line_1_4' title="bbox 219 448 1900 521; baseline 0.002 -16"><span class='ocrx_word' id='word_1_23' title='bbox 219 456 541 521; x_wconf 89' lang='grc' dir='ltr'><em>νομίσαντες</em></span> <span class='ocrx_word' id='word_1_24' title='bbox 559 471 626 504; x_wconf 90' lang='grc' dir='ltr'><em>τα</em></span> <span class='ocrx_word' id='word_1_25' title='bbox 665 448 767 504; x_wconf 91' lang='grc' dir='ltr'><em>δύο</em></span> <span class='ocrx_word' id='word_1_26' title='bbox 804 450 945 514; x_wconf 80' lang='grc' dir='ltr'><em>ἕξειν</em></span> <span class='ocrx_word' id='word_1_27' title='bbox 981 452 1200 517; x_wconf 75' lang='grc' dir='ltr'><em>ικανοδς,</em></span> <span class='ocrx_word' id='word_1_28' title='bbox 1231 455 1340 505; x_wconf 90' lang='grc' dir='ltr'><em>νῦν</em></span> <span class='ocrx_word' id='word_1_29' title='bbox 1371 453 1431 505; x_wconf 91' lang='grc' dir='ltr'><em>δε</em></span> <span class='ocrx_word' id='word_1_30' title='bbox 1460 449 1489 505; x_wconf 91' lang='grc' dir='ltr'>ὁ</span> <span class='ocrx_word' id='word_1_31' title='bbox 1527 451 1690 521; x_wconf 89' lang='grc' dir='ltr'><em>λόγος</em></span> <span class='ocrx_word' id='word_1_32' title='bbox 1722 457 1900 509; x_wconf 83' lang='grc' dir='ltr'><em>ἔοικεν</em></span> 
     </span>
     <span class='ocr_line' id='line_1_5' title="bbox 220 529 1937 604; baseline 0.002 -18"><span class='ocrx_word' id='word_1_33' title='bbox 220 530 630 600; x_wconf 81' lang='grc' dir='ltr'><em>εἰσαναγκάζειν</em></span> <span class='ocrx_word' id='word_1_34' title='bbox 659 530 900 600; x_wconf 88' lang='grc' dir='ltr'><em>χαλεπὸν</em></span> <span class='ocrx_word' id='word_1_35' title='bbox 925 531 1017 585; x_wconf 84' lang='grc' dir='ltr'><em>καὶ</em></span> <span class='ocrx_word' id='word_1_36' title='bbox 1048 529 1299 601; x_wconf 79' lang='grc' dir='ltr'><em>ἀμυδρὸν</em></span> <span class='ocrx_word' id='word_1_37' title='bbox 1328 529 1469 597; x_wconf 86' lang='grc' dir='ltr'><em>εἶδος</em></span> <span class='ocrx_word' id='word_1_38' title='bbox 1498 534 1784 604; x_wconf 81' lang='grc' dir='ltr'><em>ἐπιχειρεῖν</em></span> <span class='ocrx_word' id='word_1_39' title='bbox 1803 535 1901 590; x_wconf 90' lang='grc' dir='ltr'><em>λό-</em></span> <span class='ocrx_word' id='word_1_40' title='bbox 1924 538 1937 547; x_wconf 73' lang='grc'><em>’</em></span> 
     </span>
     <span class='ocr_line' id='line_1_6' title="bbox 217 609 1899 684; baseline 0.002 -17"><span class='ocrx_word' id='word_1_41' title='bbox 217 634 333 682; x_wconf 87' lang='grc' dir='ltr'><em>γοις</em></span> <span class='ocrx_word' id='word_1_42' title='bbox 351 615 662 683; x_wconf 83' lang='grc' dir='ltr'><em>ἐμφανίσαι.</em></span> <span class='ocrx_word' id='word_1_43' title='bbox 710 609 814 666; x_wconf 81' lang='grc' dir='ltr'><em>τίν’</em></span> <span class='ocrx_word' id='word_1_44' title='bbox 841 612 945 666; x_wconf 84' lang='grc' dir='ltr'><em>οὐν</em></span> <span class='ocrx_word' id='word_1_45' title='bbox 973 615 1096 681; x_wconf 84' lang='grc' dir='ltr'><em>ἔχον</em></span> <span class='ocrx_word' id='word_1_46' title='bbox 1125 611 1366 682; x_wconf 88' lang='grc' dir='ltr'><em>δύναμιν</em></span> <span class='ocrx_word' id='word_1_47' title='bbox 1395 611 1533 668; x_wconf 77' lang='grc' dir='ltr'><em>κατὰ</em></span> <span class='ocrx_word' id='word_1_48' title='bbox 1561 613 1735 684; x_wconf 84' lang='grc' dir='ltr'><em>φύσιν</em></span> <span class='ocrx_word' id='word_1_49' title='bbox 1763 614 1899 670; x_wconf 87' lang='grc' dir='ltr'><em>αὐτὸ</em></span> 
     </span>
     <span class='ocr_line' id='line_1_7' title="bbox 217 691 1900 765; baseline 0.002 -18"><span class='ocrx_word' id='word_1_50' title='bbox 217 691 596 763; x_wconf 77' lang='grc' dir='ltr'><em>ὑποληπτέον,</em></span> <span class='ocrx_word' id='word_1_51' title='bbox 615 692 837 748; x_wconf 89' lang='grc' dir='ltr'><em>τοιανδε</em></span> <span class='ocrx_word' id='word_1_52' title='bbox 856 691 1108 762; x_wconf 83' lang='grc' dir='ltr'><em>μάλιστα,</em></span> <span class='ocrx_word' id='word_1_53' title='bbox 1123 691 1300 763; x_wconf 81' lang='grc' dir='ltr'><em>πάσης</em></span> <span class='ocrx_word' id='word_1_54' title='bbox 1322 691 1461 749; x_wconf 81' lang='grc' dir='ltr'><em>εἶναι</em></span> <span class='ocrx_word' id='word_1_55' title='bbox 1474 697 1740 765; x_wconf 86' lang='grc' dir='ltr'><em>γενέσεως</em></span> <span class='ocrx_word' id='word_1_56' title='bbox 1757 693 1900 750; x_wconf 84' lang='grc' dir='ltr'><em>ὑπο-</em></span> 
     </span>
     <span class='ocr_line' id='line_1_8' title="bbox 222 769 1906 847; baseline 0.003 -20"><span class='ocrx_word' id='word_1_57' title='bbox 222 772 390 844; x_wconf 80' lang='grc' dir='ltr'><em>δοχὴν</em></span> <span class='ocrx_word' id='word_1_58' title='bbox 424 771 600 844; x_wconf 81' lang='grc' dir='ltr'><em>αὐτὴν</em></span> <span class='ocrx_word' id='word_1_59' title='bbox 620 770 739 829; x_wconf 87' lang='grc' dir='ltr'><em>οἷον</em></span> <span class='ocrx_word' id='word_1_60' title='bbox 758 773 1011 844; x_wconf 85' lang='grc' dir='ltr'><em>τιθήνην.</em></span> <span class='ocrx_word' id='word_1_61' title='bbox 1053 781 1262 844; x_wconf 79' lang='grc' dir='ltr'><em>εἴρηται</em></span> <span class='ocrx_word' id='word_1_62' title='bbox 1293 777 1394 844; x_wconf 82' lang='grc' dir='ltr'><em>μὲν</em></span> <span class='ocrx_word' id='word_1_63' title='bbox 1432 769 1536 831; x_wconf 79' lang='grc' dir='ltr'><em>οῦν</em></span> <span class='ocrx_word' id='word_1_64' title='bbox 1569 774 1792 847; x_wconf 75' lang='grc' dir='ltr'><em>ἀληθές,</em></span> <span class='ocrx_word' id='word_1_65' title='bbox 1819 781 1906 832; x_wconf 82' lang='grc' dir='ltr'><em>δεῖ</em></span> 
     </span>
    </p>

    <p class='ocr_par' dir='ltr' id='par_1_3' title="bbox 159 852 1900 1498">
     <span class='ocr_line' id='line_1_9' title="bbox 159 852 1898 926; baseline 0 -14"><span class='ocrx_word' id='word_1_66' title='bbox 159 871 191 912; x_wconf 89' lang='grc' dir='ltr'><strong>Β</strong></span> <span class='ocrx_word' id='word_1_67' title='bbox 222 854 280 910; x_wconf 75' lang='grc' dir='ltr'><em>δὲ</em></span> <span class='ocrx_word' id='word_1_68' title='bbox 299 858 694 926; x_wconf 78' lang='grc' dir='ltr'><em>ἐναργέστερον</em></span> <span class='ocrx_word' id='word_1_69' title='bbox 713 859 884 911; x_wconf 84' lang='grc' dir='ltr'><em>εἰπεῖν</em></span> <span class='ocrx_word' id='word_1_70' title='bbox 907 855 1030 924; x_wconf 83' lang='grc' dir='ltr'><em>περὶ</em></span> <span class='ocrx_word' id='word_1_71' title='bbox 1054 852 1254 911; x_wconf 80' lang='grc' dir='ltr'><em>αὐτοῦ·</em></span> <span class='ocrx_word' id='word_1_72' title='bbox 1300 856 1541 926; x_wconf 85' lang='grc' dir='ltr'><em>χαλεπὸν</em></span> <span class='ocrx_word' id='word_1_73' title='bbox 1561 860 1620 914; x_wconf 79' lang='grc' dir='ltr'><em>δὲ</em></span> <span class='ocrx_word' id='word_1_74' title='bbox 1639 859 1815 923; x_wconf 79' lang='grc' dir='ltr'><em>ἄλλως</em></span> <span class='ocrx_word' id='word_1_75' title='bbox 1841 879 1898 912; x_wconf 90' lang='grc' dir='ltr'><em>τε</em></span> 
     </span>
     <span class='ocr_line' id='line_1_10' title="bbox 219 936 1900 1009; baseline 0.001 -17"><span class='ocrx_word' id='word_1_76' title='bbox 219 939 309 992; x_wconf 86' lang='grc' dir='ltr'><em>καὶ</em></span> <span class='ocrx_word' id='word_1_77' title='bbox 331 937 471 992; x_wconf 82' lang='grc' dir='ltr'><em>διότι</em></span> <span class='ocrx_word' id='word_1_78' title='bbox 491 944 956 1008; x_wconf 86' lang='grc' dir='ltr'><em>προαπορηθῆναι</em></span> <span class='ocrx_word' id='word_1_79' title='bbox 971 939 1094 1005; x_wconf 88' lang='grc' dir='ltr'><em>περὶ</em></span> <span class='ocrx_word' id='word_1_80' title='bbox 1113 936 1289 1006; x_wconf 82' lang='grc' dir='ltr'><em>πυρὸς</em></span> <span class='ocrx_word' id='word_1_81' title='bbox 1309 940 1400 992; x_wconf 85' lang='grc' dir='ltr'><em>καὶ</em></span> <span class='ocrx_word' id='word_1_82' title='bbox 1429 945 1541 994; x_wconf 73' lang='grc' dir='ltr'><em>τῶν</em></span> <span class='ocrx_word' id='word_1_83' title='bbox 1559 937 1692 1009; x_wconf 83' lang='grc' dir='ltr'><em>μετὰ</em></span> <span class='ocrx_word' id='word_1_84' title='bbox 1723 937 1900 1009; x_wconf 82' lang='grc' dir='ltr'><em>πυρὸς</em></span> 
     </span>
     <span class='ocr_line' id='line_1_11' title="bbox 218 1016 1898 1089; baseline 0.001 -16"><span class='ocrx_word' id='word_1_85' title='bbox 218 1016 524 1088; x_wconf 77' lang='grc' dir='ltr'><em>ἀναγκαῖον</em></span> <span class='ocrx_word' id='word_1_86' title='bbox 561 1019 764 1074; x_wconf 91' lang='grc' dir='ltr'><em>τούτου</em></span> <span class='ocrx_word' id='word_1_87' title='bbox 796 1018 982 1089; x_wconf 82' lang='grc' dir='ltr'><em>χάριν·</em></span> <span class='ocrx_word' id='word_1_88' title='bbox 1036 1017 1252 1073; x_wconf 86' lang='grc' dir='ltr'><em>τούτων</em></span> <span class='ocrx_word' id='word_1_89' title='bbox 1287 1016 1394 1089; x_wconf 72' lang='grc' dir='ltr'><em>γὰρ</em></span> <span class='ocrx_word' id='word_1_90' title='bbox 1433 1023 1605 1074; x_wconf 79' lang='grc' dir='ltr'><em>εἰπεῖν</em></span> <span class='ocrx_word' id='word_1_91' title='bbox 1647 1020 1898 1089; x_wconf 80' lang='grc' dir='ltr'><em>ἕκαστον,</em></span> 
     </span>
     <span class='ocr_line' id='line_1_12' title="bbox 220 1096 1898 1171; baseline 0.001 -17"><span class='ocrx_word' id='word_1_92' title='bbox 220 1097 416 1156; x_wconf 84' lang='grc' dir='ltr'><em>ὁποῖον</em></span> <span class='ocrx_word' id='word_1_93' title='bbox 436 1098 609 1164; x_wconf 84' lang='grc' dir='ltr'><em>ὅντως</em></span> <span class='ocrx_word' id='word_1_94' title='bbox 628 1099 782 1171; x_wconf 76' lang='grc' dir='ltr'><em>ὕδωρ</em></span> <span class='ocrx_word' id='word_1_95' title='bbox 802 1099 903 1170; x_wconf 78' lang='grc' dir='ltr'><em>χρὴ</em></span> <span class='ocrx_word' id='word_1_96' title='bbox 925 1102 1104 1168; x_wconf 85' lang='grc' dir='ltr'><em>λέγειν</em></span> <span class='ocrx_word' id='word_1_97' title='bbox 1132 1107 1344 1170; x_wconf 80' lang='grc' dir='ltr'><em>μᾶλλον</em></span> <span class='ocrx_word' id='word_1_98' title='bbox 1371 1096 1408 1171; x_wconf 75' lang='grc' dir='ltr'><em>ἢ</em></span> <span class='ocrx_word' id='word_1_99' title='bbox 1439 1108 1551 1170; x_wconf 89' lang='grc' dir='ltr'><em>πῦρ</em></span> <span class='ocrx_word' id='word_1_100' title='bbox 1582 1104 1673 1158; x_wconf 85' lang='grc' dir='ltr'><em>καὶ</em></span> <span class='ocrx_word' id='word_1_101' title='bbox 1703 1100 1898 1157; x_wconf 78' lang='grc' dir='ltr'><em>ὁποῖον</em></span> 
     </span>
     <span class='ocr_line' id='line_1_13' title="bbox 221 1178 1896 1253; baseline 0.001 -17"><span class='ocrx_word' id='word_1_102' title='bbox 221 1180 410 1237; x_wconf 85' lang='grc' dir='ltr'><em>ὁτιοῦν</em></span> <span class='ocrx_word' id='word_1_103' title='bbox 420 1188 635 1253; x_wconf 83' lang='grc' dir='ltr'><em>μᾶλλον</em></span> <span class='ocrx_word' id='word_1_104' title='bbox 651 1178 687 1253; x_wconf 79' lang='grc' dir='ltr'><strong><em>ἢ</em></strong></span> <span class='ocrx_word' id='word_1_105' title='bbox 706 1184 796 1238; x_wconf 85' lang='grc' dir='ltr'><em>καὶ</em></span> <span class='ocrx_word' id='word_1_106' title='bbox 817 1182 1034 1236; x_wconf 79' lang='grc' dir='ltr'><em>ἅπαντα</em></span> <span class='ocrx_word' id='word_1_107' title='bbox 1052 1181 1188 1237; x_wconf 87' lang='grc' dir='ltr'><em>καθ’</em></span> <span class='ocrx_word' id='word_1_108' title='bbox 1213 1182 1447 1238; x_wconf 83' lang='grc' dir='ltr'><em>ἕκαστόν</em></span> <span class='ocrx_word' id='word_1_109' title='bbox 1466 1205 1540 1253; x_wconf 88' lang='grc' dir='ltr'><em>τε,</em></span> <span class='ocrx_word' id='word_1_110' title='bbox 1562 1183 1737 1248; x_wconf 78' lang='grc' dir='ltr'><em>οὕτως</em></span> <span class='ocrx_word' id='word_1_111' title='bbox 1757 1183 1896 1238; x_wconf 72' lang='grc' dir='ltr'><em>ὥστε</em></span> 
     </span>
     <span class='ocr_line' id='line_1_14' title="bbox 219 1263 1899 1337; baseline 0.001 -19"><span class='ocrx_word' id='word_1_112' title='bbox 219 1266 324 1319; x_wconf 89' lang='grc' dir='ltr'><em>τινὶ</em></span> <span class='ocrx_word' id='word_1_113' title='bbox 355 1271 529 1333; x_wconf 75' lang='grc' dir='ltr'><em>πιστῷ</em></span> <span class='ocrx_word' id='word_1_114' title='bbox 556 1265 646 1320; x_wconf 82' lang='grc' dir='ltr'><em>καὶ</em></span> <span class='ocrx_word' id='word_1_115' title='bbox 681 1268 885 1336; x_wconf 77' lang='grc' dir='ltr'><em>βεβαίῳ</em></span> <span class='ocrx_word' id='word_1_116' title='bbox 926 1263 1238 1334; x_wconf 87' lang='grc' dir='ltr'><em>χρήσασθαι</em></span> <span class='ocrx_word' id='word_1_117' title='bbox 1275 1264 1440 1337; x_wconf 78' lang='grc' dir='ltr'><em>λόγῳ,</em></span> <span class='ocrx_word' id='word_1_118' title='bbox 1475 1264 1732 1335; x_wconf 88' lang='grc' dir='ltr'><em>χαλεπόν.</em></span> <span class='ocrx_word' id='word_1_119' title='bbox 1783 1271 1899 1328; x_wconf 77' lang='grc' dir='ltr'><em>πῶς</em></span> 
     </span>
     <span class='ocr_line' id='line_1_15' title="bbox 222 1339 1897 1416; baseline 0.001 -15"><span class='ocrx_word' id='word_1_120' title='bbox 222 1339 326 1401; x_wconf 82' lang='grc' dir='ltr'><em>οῦν</em></span> <span class='ocrx_word' id='word_1_121' title='bbox 347 1345 413 1416; x_wconf 82' lang='grc' dir='ltr'><em>δὴ</em></span> <span class='ocrx_word' id='word_1_122' title='bbox 433 1343 587 1400; x_wconf 86' lang='grc' dir='ltr'><em>τοῦτ’</em></span> <span class='ocrx_word' id='word_1_123' title='bbox 612 1343 746 1399; x_wconf 80' lang='grc' dir='ltr'><em>αὐτὸ</em></span> <span class='ocrx_word' id='word_1_124' title='bbox 767 1346 858 1400; x_wconf 84' lang='grc' dir='ltr'><em>καὶ</em></span> <span class='ocrx_word' id='word_1_125' title='bbox 877 1352 954 1416; x_wconf 84' lang='grc' dir='ltr'><em>πῇ</em></span> <span class='ocrx_word' id='word_1_126' title='bbox 973 1348 1064 1400; x_wconf 84' lang='grc' dir='ltr'><em>καὶ</em></span> <span class='ocrx_word' id='word_1_127' title='bbox 1083 1350 1138 1400; x_wconf 94' lang='grc' dir='ltr'><em>τί</em></span> <span class='ocrx_word' id='word_1_128' title='bbox 1151 1347 1276 1416; x_wconf 85' lang='grc' dir='ltr'><em>περὶ</em></span> <span class='ocrx_word' id='word_1_129' title='bbox 1305 1345 1491 1401; x_wconf 80' lang='grc' dir='ltr'><em>αὐτῶν</em></span> <span class='ocrx_word' id='word_1_130' title='bbox 1523 1347 1744 1411; x_wconf 83' lang='grc' dir='ltr'><em>εἰκότως</em></span> <span class='ocrx_word' id='word_1_131' title='bbox 1775 1350 1897 1402; x_wconf 92' lang='grc' dir='ltr'><em>δια-</em></span> 
     </span>
     <span class='ocr_line' id='line_1_16' title="bbox 221 1423 1896 1498; baseline 0 -16"><span class='ocrx_word' id='word_1_132' title='bbox 221 1429 559 1498; x_wconf 88' lang='grc' dir='ltr'><em>πορηθέντες</em></span> <span class='ocrx_word' id='word_1_133' title='bbox 595 1423 667 1482; x_wconf 72' lang='grc' dir='ltr'><em>ἂν</em></span> <span class='ocrx_word' id='word_1_134' title='bbox 704 1429 984 1498; x_wconf 83' lang='grc' dir='ltr'><em>λέγοιμεν;</em></span> <span class='ocrx_word' id='word_1_135' title='bbox 1014 1433 1235 1497; x_wconf 80' lang='grc' dir='ltr'><em>πρῶτον</em></span> <span class='ocrx_word' id='word_1_136' title='bbox 1269 1429 1387 1497; x_wconf 87' lang='grc' dir='ltr'><em>μέν,</em></span> <span class='ocrx_word' id='word_1_137' title='bbox 1425 1426 1455 1482; x_wconf 83' lang='grc' dir='ltr'>ὃ</span> <span class='ocrx_word' id='word_1_138' title='bbox 1494 1426 1559 1498; x_wconf 85' lang='grc' dir='ltr'><em>δὴ</em></span> <span class='ocrx_word' id='word_1_139' title='bbox 1599 1435 1708 1482; x_wconf 86' lang='grc' dir='ltr'><em>νῦν</em></span> <span class='ocrx_word' id='word_1_140' title='bbox 1745 1427 1896 1498; x_wconf 80' lang='grc' dir='ltr'><em>ὕδωρ</em></span> 
     </span>
    </p>

    <p class='ocr_par' dir='ltr' id='par_1_4' title="bbox 161 1505 1898 2149">
     <span class='ocr_line' id='line_1_17' title="bbox 161 1505 1898 1580; baseline 0 -17"><span class='ocrx_word' id='word_1_141' title='bbox 161 1522 191 1563; x_wconf 88' lang='lat' dir='ltr'>C</span> <span class='ocrx_word' id='word_1_142' title='bbox 225 1530 609 1580; x_wconf 86' lang='grc' dir='ltr'><em>ωνομακαμεν,</em></span> <span class='ocrx_word' id='word_1_143' title='bbox 642 1508 1002 1579; x_wconf 78' lang='grc' dir='ltr'><em>πηγνύμενον</em></span> <span class='ocrx_word' id='word_1_144' title='bbox 1029 1505 1100 1572; x_wconf 78' lang='grc' dir='ltr'><em>ὡς</em></span> <span class='ocrx_word' id='word_1_145' title='bbox 1137 1511 1415 1579; x_wconf 88' lang='grc' dir='ltr'><em>δοκοῦμεν</em></span> <span class='ocrx_word' id='word_1_146' title='bbox 1443 1514 1640 1573; x_wconf 80' lang='grc' dir='ltr'><em>λίθους</em></span> <span class='ocrx_word' id='word_1_147' title='bbox 1669 1511 1759 1565; x_wconf 85' lang='grc' dir='ltr'><em>καὶ</em></span> <span class='ocrx_word' id='word_1_148' title='bbox 1793 1516 1898 1579; x_wconf 82' lang='grc' dir='ltr'><em>γῆν</em></span> 
     </span>
     <span class='ocr_line' id='line_1_18' title="bbox 217 1587 1895 1661; baseline -0.001 -16"><span class='ocrx_word' id='word_1_149' title='bbox 217 1590 553 1660; x_wconf 90' lang='grc' dir='ltr'><em>γιγνόμενον</em></span> <span class='ocrx_word' id='word_1_150' title='bbox 572 1587 806 1660; x_wconf 86' lang='grc' dir='ltr'><em>ὁρωμεν,</em></span> <span class='ocrx_word' id='word_1_151' title='bbox 826 1588 1133 1659; x_wconf 88' lang='grc' dir='ltr'><em>τηκόμενον</em></span> <span class='ocrx_word' id='word_1_152' title='bbox 1157 1588 1215 1645; x_wconf 91' lang='grc' dir='ltr'><em>δε</em></span> <span class='ocrx_word' id='word_1_153' title='bbox 1246 1591 1336 1645; x_wconf 87' lang='grc' dir='ltr'><em>καὶ</em></span> <span class='ocrx_word' id='word_1_154' title='bbox 1367 1590 1789 1661; x_wconf 83' lang='grc' dir='ltr'><em>διακρινόμενον</em></span> <span class='ocrx_word' id='word_1_155' title='bbox 1824 1593 1895 1644; x_wconf 86' lang='grc' dir='ltr'><em>αὐ</em></span> 
     </span>
     <span class='ocr_line' id='line_1_19' title="bbox 217 1667 1895 1741; baseline -0.001 -15"><span class='ocrx_word' id='word_1_156' title='bbox 217 1670 424 1727; x_wconf 82' lang='grc' dir='ltr'><em>ταύτὸν</em></span> <span class='ocrx_word' id='word_1_157' title='bbox 436 1677 600 1727; x_wconf 86' lang='grc' dir='ltr'><em>τοῦτο</em></span> <span class='ocrx_word' id='word_1_158' title='bbox 622 1677 840 1740; x_wconf 81' lang='grc' dir='ltr'><em>πνεῦμα</em></span> <span class='ocrx_word' id='word_1_159' title='bbox 859 1667 1001 1725; x_wconf 83' lang='grc' dir='ltr'><em>καὶ’</em></span> <span class='ocrx_word' id='word_1_160' title='bbox 969 1672 1120 1741; x_wconf 89' lang='grc' dir='ltr'><em>αέρα,</em></span> <span class='ocrx_word' id='word_1_161' title='bbox 1145 1675 1527 1740; x_wconf 80' lang='grc' dir='ltr'><em>ξυγκαυθέντα</em></span> <span class='ocrx_word' id='word_1_162' title='bbox 1548 1673 1607 1727; x_wconf 77' lang='grc' dir='ltr'><em>δὲ</em></span> <span class='ocrx_word' id='word_1_163' title='bbox 1618 1669 1752 1740; x_wconf 83' lang='grc' dir='ltr'><em>αέρα</em></span> <span class='ocrx_word' id='word_1_164' title='bbox 1765 1677 1895 1741; x_wconf 91' lang='grc' dir='ltr'><em>πῦρ,</em></span> 
     </span>
     <span class='ocr_line' id='line_1_20' title="bbox 219 1750 1898 1823; baseline -0.001 -16"><span class='ocrx_word' id='word_1_165' title='bbox 219 1750 497 1807; x_wconf 80' lang='grc' dir='ltr'><em>ἀνάπαλιν</em></span> <span class='ocrx_word' id='word_1_166' title='bbox 517 1751 576 1807; x_wconf 77' lang='grc' dir='ltr'><em>δὲ</em></span> <span class='ocrx_word' id='word_1_167' title='bbox 595 1757 708 1822; x_wconf 89' lang='grc' dir='ltr'><em>πῦρ</em></span> <span class='ocrx_word' id='word_1_168' title='bbox 730 1751 1035 1823; x_wconf 75' lang='grc' dir='ltr'><em>συγκριθὲν</em></span> <span class='ocrx_word' id='word_1_169' title='bbox 1055 1752 1146 1806; x_wconf 84' lang='grc' dir='ltr'><em>καὶ</em></span> <span class='ocrx_word' id='word_1_170' title='bbox 1164 1755 1544 1823; x_wconf 78' lang='grc' dir='ltr'><em>κατασβεσθὲν</em></span> <span class='ocrx_word' id='word_1_171' title='bbox 1572 1757 1646 1816; x_wconf 82' lang='grc' dir='ltr'><em>εἰς</em></span> <span class='ocrx_word' id='word_1_172' title='bbox 1670 1755 1822 1807; x_wconf 84' lang='grc' dir='ltr'><em>ἰδέαν</em></span> <span class='ocrx_word' id='word_1_173' title='bbox 1839 1772 1898 1806; x_wconf 90' lang='grc' dir='ltr'><em>τε</em></span> 
     </span>
     <span class='ocr_line' id='line_1_21' title="bbox 221 1828 1898 1903; baseline 0 -15"><span class='ocrx_word' id='word_1_174' title='bbox 221 1832 387 1889; x_wconf 83' lang='grc' dir='ltr'><em>ἀπιὸν</em></span> <span class='ocrx_word' id='word_1_175' title='bbox 416 1828 585 1898; x_wconf 77' lang='grc' dir='ltr'><em>αὖθις</em></span> <span class='ocrx_word' id='word_1_176' title='bbox 614 1833 788 1903; x_wconf 80' lang='grc' dir='ltr'><em>ἀέρος,</em></span> <span class='ocrx_word' id='word_1_177' title='bbox 820 1837 910 1889; x_wconf 86' lang='grc' dir='ltr'><em>καὶ</em></span> <span class='ocrx_word' id='word_1_178' title='bbox 930 1832 1095 1888; x_wconf 79' lang='grc' dir='ltr'><em>πάλιν</em></span> <span class='ocrx_word' id='word_1_179' title='bbox 1113 1831 1246 1903; x_wconf 76' lang='grc' dir='ltr'><em>ἀέρα</em></span> <span class='ocrx_word' id='word_1_180' title='bbox 1266 1832 1523 1899; x_wconf 85' lang='grc' dir='ltr'><em>ξυνιόντα</em></span> <span class='ocrx_word' id='word_1_181' title='bbox 1543 1836 1634 1889; x_wconf 89' lang='grc' dir='ltr'><em>καὶ</em></span> <span class='ocrx_word' id='word_1_182' title='bbox 1645 1834 1898 1889; x_wconf 89' lang='grc' dir='ltr'><em>πυκνού-</em></span> 
     </span>
     <span class='ocr_line' id='line_1_22' title="bbox 219 1911 1896 1986; baseline -0.001 -16"><span class='ocrx_word' id='word_1_183' title='bbox 219 1936 390 1986; x_wconf 91' lang='grc' dir='ltr'><em>μενον</em></span> <span class='ocrx_word' id='word_1_184' title='bbox 408 1918 579 1985; x_wconf 84' lang='grc' dir='ltr'><em>νέφος</em></span> <span class='ocrx_word' id='word_1_185' title='bbox 599 1915 690 1970; x_wconf 86' lang='grc' dir='ltr'><em>καὶ</em></span> <span class='ocrx_word' id='word_1_186' title='bbox 708 1911 953 1985; x_wconf 87' lang='grc' dir='ltr'><em>ὁμίχλην,</em></span> <span class='ocrx_word' id='word_1_187' title='bbox 985 1917 1044 1968; x_wconf 84' lang='grc' dir='ltr'><em>ἐκ</em></span> <span class='ocrx_word' id='word_1_188' title='bbox 1080 1916 1138 1968; x_wconf 77' lang='grc' dir='ltr'><em>δὲ</em></span> <span class='ocrx_word' id='word_1_189' title='bbox 1164 1915 1380 1969; x_wconf 86' lang='grc' dir='ltr'><em>τούτων</em></span> <span class='ocrx_word' id='word_1_190' title='bbox 1411 1919 1488 1970; x_wconf 82' lang='grc' dir='ltr'><em>ἔτι</em></span> <span class='ocrx_word' id='word_1_191' title='bbox 1517 1921 1728 1986; x_wconf 74' lang='grc' dir='ltr'><em>μᾶλλον</em></span> <span class='ocrx_word' id='word_1_192' title='bbox 1760 1919 1896 1984; x_wconf 82' lang='grc' dir='ltr'><em>ξυμ-</em></span> 
     </span>
     <span class='ocr_line' id='line_1_23' title="bbox 220 1989 1896 2067; baseline -0.001 -16"><span class='ocrx_word' id='word_1_193' title='bbox 220 1998 569 2067; x_wconf 83' lang='grc' dir='ltr'><em>πιλουμένων</em></span> <span class='ocrx_word' id='word_1_194' title='bbox 590 1997 719 2066; x_wconf 80' lang='grc' dir='ltr'><em>ῥέον</em></span> <span class='ocrx_word' id='word_1_195' title='bbox 744 1993 918 2065; x_wconf 76' lang='grc' dir='ltr'><em>ὕδωρ,</em></span> <span class='ocrx_word' id='word_1_196' title='bbox 942 1998 995 2059; x_wconf 83' lang='grc' dir='ltr'><em>ἐξ</em></span> <span class='ocrx_word' id='word_1_197' title='bbox 1018 1993 1219 2059; x_wconf 80' lang='grc' dir='ltr'><em>ὕδατος</em></span> <span class='ocrx_word' id='word_1_198' title='bbox 1238 1997 1297 2050; x_wconf 78' lang='grc' dir='ltr'><em>δὲ</em></span> <span class='ocrx_word' id='word_1_199' title='bbox 1313 2003 1420 2066; x_wconf 85' lang='grc' dir='ltr'><em>γῆν</em></span> <span class='ocrx_word' id='word_1_200' title='bbox 1452 1999 1542 2050; x_wconf 86' lang='grc' dir='ltr'><em>καὶ</em></span> <span class='ocrx_word' id='word_1_201' title='bbox 1569 2002 1764 2058; x_wconf 86' lang='grc' dir='ltr'><em>λίθους</em></span> <span class='ocrx_word' id='word_1_202' title='bbox 1792 1989 1896 2050; x_wconf 76' lang='grc' dir='ltr'><em>αὖ·</em></span> 
     </span>
     <span class='ocr_line' id='line_1_24' title="bbox 219 2073 1895 2149; baseline -0.001 -17"><span class='ocrx_word' id='word_1_203' title='bbox 219 2087 329 2149; x_wconf 88' lang='grc' dir='ltr'><em>θις,</em></span> <span class='ocrx_word' id='word_1_204' title='bbox 350 2077 560 2134; x_wconf 78' lang='grc' dir='ltr'><em>κύκλον</em></span> <span class='ocrx_word' id='word_1_205' title='bbox 579 2099 637 2133; x_wconf 91' lang='grc' dir='ltr'><em>τε</em></span> <span class='ocrx_word' id='word_1_206' title='bbox 660 2075 806 2132; x_wconf 79' lang='grc' dir='ltr'><em>οὕτω</em></span> <span class='ocrx_word' id='word_1_207' title='bbox 829 2077 1147 2132; x_wconf 88' lang='grc' dir='ltr'><em>διαδιδόντα</em></span> <span class='ocrx_word' id='word_1_208' title='bbox 1165 2081 1240 2140; x_wconf 85' lang='grc' dir='ltr'><em>εἰς</em></span> <span class='ocrx_word' id='word_1_209' title='bbox 1267 2075 1494 2146; x_wconf 76' lang='grc' dir='ltr'><em>ἄλληλα,</em></span> <span class='ocrx_word' id='word_1_210' title='bbox 1528 2073 1598 2140; x_wconf 78' lang='grc' dir='ltr'><em>ὡς</em></span> <span class='ocrx_word' id='word_1_211' title='bbox 1624 2081 1895 2145; x_wconf 85' lang='grc' dir='ltr'><em>φαίνεται,</em></span> 
     </span>
    </p>

    <p class='ocr_par' dir='ltr' id='par_1_5' title="bbox 156 2154 1898 2717">
     <span class='ocr_line' id='line_1_25' title="bbox 156 2154 1897 2228; baseline -0.001 -13"><span class='ocrx_word' id='word_1_212' title='bbox 156 2175 189 2216; x_wconf 92' lang='lat' dir='ltr'>D</span> <span class='ocrx_word' id='word_1_213' title='bbox 221 2157 323 2228; x_wconf 81' lang='grc' dir='ltr'><em>τὴν</em></span> <span class='ocrx_word' id='word_1_214' title='bbox 340 2160 584 2228; x_wconf 87' lang='grc' dir='ltr'><em>γένεσιν·</em></span> <span class='ocrx_word' id='word_1_215' title='bbox 623 2156 769 2212; x_wconf 81' lang='grc' dir='ltr'><em>οὕτω</em></span> <span class='ocrx_word' id='word_1_216' title='bbox 791 2158 857 2227; x_wconf 86' lang='grc' dir='ltr'><em>δὴ</em></span> <span class='ocrx_word' id='word_1_217' title='bbox 886 2156 1098 2211; x_wconf 86' lang='grc' dir='ltr'><em>τούτων</em></span> <span class='ocrx_word' id='word_1_218' title='bbox 1117 2155 1381 2211; x_wconf 76' lang='grc' dir='ltr'><em>οὐδέποτε</em></span> <span class='ocrx_word' id='word_1_219' title='bbox 1407 2162 1521 2211; x_wconf 80' lang='grc' dir='ltr'><em>τῶν</em></span> <span class='ocrx_word' id='word_1_220' title='bbox 1554 2154 1739 2211; x_wconf 76' lang='grc' dir='ltr'><em>αὐτῶν</em></span> <span class='ocrx_word' id='word_1_221' title='bbox 1767 2158 1897 2213; x_wconf 77' lang='grc' dir='ltr'><em>ἑκά-</em></span> 
     </span>
     <span class='ocr_line' id='line_1_26' title="bbox 221 2234 1897 2308; baseline 0 -14"><span class='ocrx_word' id='word_1_222' title='bbox 221 2259 367 2295; x_wconf 86' lang='grc' dir='ltr'><em>στων</em></span> <span class='ocrx_word' id='word_1_223' title='bbox 387 2242 829 2308; x_wconf 82' lang='grc' dir='ltr'><em>φανταζομένων,</em></span> <span class='ocrx_word' id='word_1_224' title='bbox 851 2250 1011 2292; x_wconf 81' lang='grc' dir='ltr'><em>ποῖον</em></span> <span class='ocrx_word' id='word_1_225' title='bbox 1031 2235 1217 2291; x_wconf 76' lang='grc' dir='ltr'><em>αὐτῶν</em></span> <span class='ocrx_word' id='word_1_226' title='bbox 1231 2235 1301 2301; x_wconf 78' lang='grc' dir='ltr'><em>ὡς</em></span> <span class='ocrx_word' id='word_1_227' title='bbox 1322 2234 1390 2292; x_wconf 77' lang='grc' dir='ltr'><em>ὃν</em></span> <span class='ocrx_word' id='word_1_228' title='bbox 1410 2235 1601 2292; x_wconf 89' lang='grc' dir='ltr'><em>ὁτιοῦν</em></span> <span class='ocrx_word' id='word_1_229' title='bbox 1620 2245 1783 2293; x_wconf 86' lang='grc' dir='ltr'><em>τοῦτο</em></span> <span class='ocrx_word' id='word_1_230' title='bbox 1806 2242 1897 2294; x_wconf 84' lang='grc' dir='ltr'><em>καὶ</em></span> 
     </span>
     <span class='ocr_line' id='line_1_27' title="bbox 221 2317 1897 2389; baseline 0 -14"><span class='ocrx_word' id='word_1_231' title='bbox 221 2319 325 2375; x_wconf 79' lang='grc' dir='ltr'><em>οὐκ</em></span> <span class='ocrx_word' id='word_1_232' title='bbox 364 2319 498 2374; x_wconf 78' lang='grc' dir='ltr'><em>ἄλλο</em></span> <span class='ocrx_word' id='word_1_233' title='bbox 537 2324 745 2389; x_wconf 85' lang='grc' dir='ltr'><em>παγίως</em></span> <span class='ocrx_word' id='word_1_234' title='bbox 792 2319 1254 2388; x_wconf 82' lang='grc' dir='ltr'><em>διισχυριζόμενος</em></span> <span class='ocrx_word' id='word_1_235' title='bbox 1301 2317 1405 2373; x_wconf 84' lang='grc' dir='ltr'><em>οὐκ</em></span> <span class='ocrx_word' id='word_1_236' title='bbox 1445 2324 1783 2389; x_wconf 78' lang='grc' dir='ltr'><em>αἰσχυνεῖταί</em></span> <span class='ocrx_word' id='word_1_237' title='bbox 1818 2342 1897 2384; x_wconf 92' lang='grc' dir='ltr'><em>τις</em></span> 
     </span>
     <span class='ocr_line' id='line_1_28' title="bbox 221 2397 1895 2473; baseline -0.002 -16"><span class='ocrx_word' id='word_1_238' title='bbox 221 2403 448 2469; x_wconf 79' lang='grc' dir='ltr'><em>ἑαυτόν;</em></span> <span class='ocrx_word' id='word_1_239' title='bbox 484 2400 586 2458; x_wconf 79' lang='grc' dir='ltr'><em>οὐκ</em></span> <span class='ocrx_word' id='word_1_240' title='bbox 623 2407 785 2471; x_wconf 82' lang='grc' dir='ltr'><em>ἔστιν,</em></span> <span class='ocrx_word' id='word_1_241' title='bbox 819 2397 939 2456; x_wconf 75' lang='grc' dir='ltr'><em>ἀλλ’</em></span> <span class='ocrx_word' id='word_1_242' title='bbox 981 2398 1362 2470; x_wconf 80' lang='grc' dir='ltr'><em>ἀσφαλέστατα</em></span> <span class='ocrx_word' id='word_1_243' title='bbox 1393 2407 1588 2473; x_wconf 75' lang='grc' dir='ltr'><em>μακρῷ</em></span> <span class='ocrx_word' id='word_1_244' title='bbox 1616 2402 1740 2471; x_wconf 80' lang='grc' dir='ltr'><em>περὶ</em></span> <span class='ocrx_word' id='word_1_245' title='bbox 1766 2401 1895 2455; x_wconf 79' lang='grc' dir='ltr'><em>τού-</em></span> 
     </span>
     <span class='ocr_line' id='line_1_29' title="bbox 221 2474 1898 2554; baseline -0.001 -16"><span class='ocrx_word' id='word_1_246' title='bbox 221 2505 332 2539; x_wconf 87' lang='grc' dir='ltr'><em>των</em></span> <span class='ocrx_word' id='word_1_247' title='bbox 344 2485 668 2554; x_wconf 88' lang='grc' dir='ltr'><em>τιθεμένους</em></span> <span class='ocrx_word' id='word_1_248' title='bbox 689 2474 794 2536; x_wconf 83' lang='grc' dir='ltr'><em>ώδε</em></span> <span class='ocrx_word' id='word_1_249' title='bbox 815 2484 1017 2551; x_wconf 86' lang='grc' dir='ltr'><em>λέγειν</em></span> <span class='ocrx_word' id='word_1_250' title='bbox 1041 2479 1124 2536; x_wconf 86' lang='grc' dir='ltr'><em>αεὶ</em></span> <span class='ocrx_word' id='word_1_251' title='bbox 1144 2479 1175 2537; x_wconf 83' lang='grc' dir='ltr'><em>ὂ</em></span> <span class='ocrx_word' id='word_1_252' title='bbox 1196 2487 1530 2553; x_wconf 76' lang='grc' dir='ltr'><em>καθορῶμεν</em></span> <span class='ocrx_word' id='word_1_253' title='bbox 1550 2482 1742 2537; x_wconf 81' lang='grc' dir='ltr'><em>ἄλλοτε</em></span> <span class='ocrx_word' id='word_1_254' title='bbox 1761 2483 1898 2552; x_wconf 77' lang='grc' dir='ltr'><em>ἄλλῃ</em></span> 
     </span>
     <span class='ocr_line' id='line_1_30' title="bbox 222 2560 1896 2643; baseline -0.002 -24"><span class='ocrx_word' id='word_1_255' title='bbox 222 2565 571 2643; x_wconf 85' lang='grc' dir='ltr'><em>γιγνόμενον,</em></span> <span class='ocrx_word' id='word_1_256' title='bbox 596 2562 668 2629; x_wconf 79' lang='grc' dir='ltr'><em>ὡς</em></span> <span class='ocrx_word' id='word_1_257' title='bbox 687 2569 818 2633; x_wconf 85' lang='grc' dir='ltr'><em>πῦρ,</em></span> <span class='ocrx_word' id='word_1_258' title='bbox 842 2563 914 2634; x_wconf 79' lang='grc' dir='ltr'><em>μὴ</em></span> <span class='ocrx_word' id='word_1_259' title='bbox 936 2569 1101 2618; x_wconf 86' lang='grc' dir='ltr'><em>τοῦτο</em></span> <span class='ocrx_word' id='word_1_260' title='bbox 1121 2560 1259 2618; x_wconf 88' lang='grc' dir='ltr'><em>αλλα</em></span> <span class='ocrx_word' id='word_1_261' title='bbox 1278 2561 1339 2618; x_wconf 84' lang='grc' dir='ltr'><em>τὸ</em></span> <span class='ocrx_word' id='word_1_262' title='bbox 1369 2569 1622 2617; x_wconf 85' lang='grc' dir='ltr'><em>τοιοῦτον</em></span> <span class='ocrx_word' id='word_1_263' title='bbox 1643 2561 1896 2617; x_wconf 82' lang='grc' dir='ltr'><em>ἑκαστοτε</em></span> 
     </span>
     <span class='ocr_line' id='line_1_31' title="bbox 223 2642 1897 2717; baseline -0.004 -16"><span class='ocrx_word' id='word_1_264' title='bbox 223 2645 658 2717; x_wconf 85' lang='grc' dir='ltr'><em>προσαγορεύειν</em></span> <span class='ocrx_word' id='word_1_265' title='bbox 677 2652 809 2714; x_wconf 90' lang='grc' dir='ltr'><em>πῦρ,</em></span> <span class='ocrx_word' id='word_1_266' title='bbox 842 2643 978 2715; x_wconf 87' lang='grc' dir='ltr'><em>μηδε</em></span> <span class='ocrx_word' id='word_1_267' title='bbox 1009 2644 1162 2714; x_wconf 77' lang='grc' dir='ltr'><em>ὕδωρ</em></span> <span class='ocrx_word' id='word_1_268' title='bbox 1191 2651 1354 2699; x_wconf 88' lang='grc' dir='ltr'><em>τοῦτο</em></span> <span class='ocrx_word' id='word_1_269' title='bbox 1387 2642 1523 2699; x_wconf 79' lang='grc' dir='ltr'><em>ἀλλὰ</em></span> <span class='ocrx_word' id='word_1_270' title='bbox 1553 2642 1614 2697; x_wconf 84' lang='grc' dir='ltr'><em>τὸ</em></span> <span class='ocrx_word' id='word_1_271' title='bbox 1644 2648 1897 2696; x_wconf 88' lang='grc' dir='ltr'><em>τοιοῦτον</em></span> 
     </span>
    </p>

    <p class='ocr_par' dir='ltr' id='par_1_6' title="bbox 159 2722 1897 2882">
     <span class='ocr_line' id='line_1_32' title="bbox 159 2722 1897 2798; baseline -0.004 -15"><span class='ocrx_word' id='word_1_272' title='bbox 159 2750 195 2790; x_wconf 83' lang='grc' dir='ltr'>Ε</span> <span class='ocrx_word' id='word_1_273' title='bbox 224 2727 325 2796; x_wconf 83' lang='grc' dir='ltr'><em>ἀεί,</em></span> <span class='ocrx_word' id='word_1_274' title='bbox 345 2727 481 2798; x_wconf 86' lang='grc' dir='ltr'><em>μηδε</em></span> <span class='ocrx_word' id='word_1_275' title='bbox 509 2727 644 2783; x_wconf 76' lang='grc' dir='ltr'><em>ἄλλο</em></span> <span class='ocrx_word' id='word_1_276' title='bbox 665 2727 794 2783; x_wconf 88' lang='grc' dir='ltr'><em>ποτε</em></span> <span class='ocrx_word' id='word_1_277' title='bbox 821 2729 990 2797; x_wconf 81' lang='grc' dir='ltr'><em>μηδὲν</em></span> <span class='ocrx_word' id='word_1_278' title='bbox 1019 2724 1092 2791; x_wconf 68' lang='grc' dir='ltr'><em>ὥς</em></span> <span class='ocrx_word' id='word_1_279' title='bbox 1119 2748 1244 2781; x_wconf 87' lang='grc' dir='ltr'><em>τινα</em></span> <span class='ocrx_word' id='word_1_280' title='bbox 1278 2731 1402 2796; x_wconf 86' lang='grc' dir='ltr'><em>ε’χον</em></span> <span class='ocrx_word' id='word_1_281' title='bbox 1434 2722 1773 2796; x_wconf 76' lang='grc' dir='ltr'><em>βεβαιότητα,</em></span> <span class='ocrx_word' id='word_1_282' title='bbox 1794 2722 1897 2777; x_wconf 82' lang='grc' dir='ltr'><em>ὅσα</em></span> 
     </span>
     <span class='ocr_line' id='line_1_33' title="bbox 224 2803 1893 2882; baseline -0.002 -20"><span class='ocrx_word' id='word_1_283' title='bbox 224 2809 537 2873; x_wconf 88' lang='grc' dir='ltr'><em>δεικνύντες</em></span> <span class='ocrx_word' id='word_1_284' title='bbox 568 2815 646 2882; x_wconf 72' lang='grc' dir='ltr'><em>τῷ</em></span> <span class='ocrx_word' id='word_1_285' title='bbox 679 2808 878 2880; x_wconf 80' lang='grc' dir='ltr'><em>ῥήματι</em></span> <span class='ocrx_word' id='word_1_286' title='bbox 905 2815 982 2882; x_wconf 76' lang='grc' dir='ltr'><em>τῷ</em></span> <span class='ocrx_word' id='word_1_287' title='bbox 1010 2809 1136 2862; x_wconf 89' lang='grc' dir='ltr'><em>τόδε</em></span> <span class='ocrx_word' id='word_1_288' title='bbox 1168 2810 1258 2863; x_wconf 85' lang='grc' dir='ltr'><em>καὶ</em></span> <span class='ocrx_word' id='word_1_289' title='bbox 1286 2813 1449 2862; x_wconf 89' lang='grc' dir='ltr'><em>τοῦτο</em></span> <span class='ocrx_word' id='word_1_290' title='bbox 1482 2803 1893 2874; x_wconf 75' lang='grc' dir='ltr'><em>προσχρώμενοι</em></span> 
     </span>
    </p>
   </div>
  </div>
 </body>
</html>
