1962 3236
550 170 1036 220 ΠΟΛΙΤΕΙΛΣ
1065 163 1126 233 β’.
1608 171 1678 223 43

0 304 186 376 νάμεις
202 308 427 376 ἔχοντας
444 301 847 375 εὐδαιμονίζειν
861 302 955 360 καὶ
972 308 1141 375 τιμᾷν
1155 299 1395 375 εὐχερῶς
1415 305 1676 361 ἐθέλουσι

0 391 230 460 δημοσίᾳ
254 408 312 443 τε
329 388 421 444 καὶ
441 390 581 460 ἰδίᾳ,
611 382 746 450 τούς
769 385 829 443 δὲ
857 381 1136 456 ἀτιμάζειν
1154 387 1246 441 καὶ
1269 382 1585 459 ὑπερορᾷν,
1621 390 1678 442 οἳ

0 466 63 524 ἓν
91 489 169 541 πῃ
203 466 464 534 ἀσθενεῖς
489 488 548 524 τε
576 468 668 523 καὶ
688 470 919 539 πένητες
936 461 1101 540 ὦσιν,
1147 465 1551 540 ὁμολογοῦντες
1568 466 1675 524 αὐ-
1706 479 1737 521 Β

0 548 123 616 τούς
153 548 414 621 ἀμείνους
440 547 582 605 εἰναι
613 554 730 604 τῶν
760 549 977 646 ἑτέρων.
1017 549 1234 607 τούτων
1268 550 1330 607 δὲ
1357 550 1588 607 πάντων
1620 553 1678 606 οἰ

0 631 136 728 nol„
139 635 296 687 θεῶν
316 650 377 684 τε
403 629 562 699 λόγοι
590 630 682 684 καὶ
709 627 906 701 ἀρετῆς
928 630 1383 702 θαυμασιώτατοι
1399 633 1671 702 λέγονται,

0 708 64 777 ὥς
100 710 208 780 ἄρα
242 711 335 767 καὶ
369 711 495 766 θεοὶ
526 716 752 775 πολλοῖς
779 710 883 781 μὲν
909 709 1144 782 ἀγαθοῖς
1176 717 1471 784 δυστυχίας
1493 733 1552 768 τε
1581 712 1673 767 καὶ

0 798 117 850 Βίον
142 789 323 848 κακὸν
345 795 599 863 ἔνειμαν,
634 803 750 857 τοῖς
783 790 838 847 δ’
869 794 1139 859 ἐναντίοις
1167 796 1427 851 ἐναντίαν
1451 805 1668 866 μοῖραν.

0 871 224 946 ἦγύρται
251 875 311 931 δὲ
339 876 435 930 καὶ
461 874 683 946 μάντεις
710 875 798 931 ἐπὶ
827 880 1113 931 πλουσίων
1140 875 1326 944 θύρας
1353 876 1532 940 ἰόντες
1551 881 1673 931 πεί-

0 964 199 1013 θουσιν
227 953 301 1021 ὥς
327 960 440 1012 ἔστι
470 953 620 1025 παρὰ
651 960 808 1026 σφίσι
828 955 1065 1027 δύναμις
1085 959 1144 1012 ἐκ
1163 962 1319 1012 θεῶν
1338 956 1669 1028 ποριζομένη

0 1043 215 1103 θυσίαις
234 1059 290 1093 τε
310 1040 401 1093 καὶ
433 1040 694 1111 ἐπῳδαῖς,
732 1045 839 1093 εἴτε
857 1060 907 1093 τι
928 1036 1168 1108 ἀδίκημά
1188 1060 1290 1094 του
1310 1039 1543 1109 γέγονεν
1563 1034 1671 1093 αὖ·
1699 1054 1731 1096 G

0 1125 90 1175 τοῦ
123 1115 160 1191 ἦ
183 1118 507 1189 προγόνων,
544 1117 803 1174 ἀκεῖσθαι
833 1116 964 1190 μεθ’
997 1117 1223 1191 ἡδονῶν
1247 1141 1306 1175 τε
1335 1122 1427 1176 καὶ
1446 1120 1669 1190 ἑορτῶν,

0 1200 88 1256 ἐάν
109 1203 174 1256 τέ
188 1221 311 1255 τινα
336 1197 548 1269 ἐχθρὸν
567 1206 814 1276 πημῆναι
832 1202 1025 1271 ἐθέλῃ,
1064 1198 1199 1271 μετὰ
1221 1207 1471 1272 σμικρῶν
1490 1204 1672 1256 δαπα-

0 1286 109 1337 νῶν
133 1277 336 1351 ὁμοίως
363 1283 582 1336 δίκαιον
610 1276 784 1353 ἀδίκῳ
804 1279 1070 1351 βλάψειν,
1114 1283 1426 1352 ἐπαγωγαῖς
1445 1283 1554 1337 τισὶ
1580 1282 1673 1337 καὶ

0 1364 350 1433 καταδέσμοις
365 1359 499 1427 τούς
512 1360 704 1432 θεούς,
732 1359 808 1426 ῶς
827 1377 980 1431 φασι,
1003 1365 1292 1427 πείθοντές
1312 1377 1506 1433 σφισιν
1523 1360 1673 1433 ὑπη-

0 1455 180 1514 ρετεῖν.
230 1443 450 1509 τούτοις
484 1443 545 1500 δὲ
577 1448 715 1499 πᾶσι
755 1453 868 1508 τοῖς
903 1442 1089 1514 λόγοις
1123 1443 1407 1515 μάρτυρας
1441 1443 1670 1516 ποιητὰς

0 1526 316 1598 5πιιὶγονται,
336 1529 395 1583 οἱ
405 1525 506 1598 μὲν
524 1531 719 1591 κακίας
737 1527 865 1595 πέρι
883 1523 1165 1591 εὐπετείας
1183 1525 1431 1591 διδόντες
1443 1567 1457 1595 ,

130 1617 206 1685 ὥς
223 1618 328 1692 τὴν
348 1619 452 1690 μὲν
470 1618 744 1691 κακότητα
761 1620 852 1675 καὶ
871 1617 1065 1675 ἰλαδὸν
1084 1624 1237 1676 ἔστιν
1256 1620 1482 1676 ἑλέσθαι

128 1703 352 1773 ῥηϊδίως
365 1723 376 1734 ·
399 1706 515 1773 λείη
535 1705 637 1773 μὲν
656 1698 813 1772 ὁδός,
840 1701 987 1773 μάλα
1008 1699 1061 1756 δ’
1083 1702 1287 1773 ἐγγύθι
1306 1707 1449 1758 ναίει
1463 1723 1474 1734 ·
1697 1707 1730 1748 D

127 1789 224 1854 τῆς
247 1780 297 1838 δ’
321 1780 517 1854 ἀρετῆς
535 1786 741 1854 ἱδρῶτα
758 1785 883 1840 θεοὶ
910 1783 1299 1855 προπάροιθεν
1316 1787 1531 1855 ἔθηκαν

0 1893 86 1947 καί
96 1909 220 1945 τινα
239 1885 378 1945 ὁδὸν
393 1888 619 1960 μακράν
635 1910 693 1944 τε
712 1889 803 1945 καὶ
827 1886 1037 1960 α’νάντη
1052 1909 1064 1921 ·
1103 1891 1160 1945 οἱ
1186 1887 1245 1945 δὲ
1272 1894 1369 1960 τῆς
1386 1893 1500 1944 τῶν
1514 1892 1671 1944 θεῶν

0 1965 76 2028 ὑπ’
99 1969 424 2043 ἀνθρώπων
443 1976 777 2042 παραγωγῆς
796 1968 1152 2042 τὸνὍμηρον
1169 1969 1565 2042 μαρτύρονται,
1588 1966 1672 2024 ὅτι

0 2054 77 2111 ml
94 2054 302 2117 ἐκεῖνος
320 2050 435 2108 εἷπε

327 2147 501 2201 λιστοὶ
521 2149 585 2201 δέ
602 2151 896 2218 [στρεπτοί]
918 2168 975 2202 τε
996 2149 1088 2203 καὶ
1107 2149 1231 2203 θεοὶ
1250 2144 1435 2216 αὐτοί,

131 2229 223 2284 καὶ
243 2228 373 2294 τούς
390 2227 492 2299 μὲν
510 2232 765 2285 θυσίαισι
786 2230 875 2285 καὶ
896 2226 1159 2300 εὐχωλαῖς
1183 2226 1478 2299 ἀγαναῖσιν

129 2315 292 2383 λοιβῇ
313 2331 370 2365 τε
390 2316 552 2383 κνίσῃ
569 2333 625 2367 τε
650 2309 1059 2382 παρατρωπῶσ’
1084 2309 1380 2380 ἅνθρωποι
1702 2320 1736 2361 Ε

130 2390 474 2462 λισσόμενοι,
496 2390 587 2448 ὅτε
607 2395 707 2449 κέν
724 2414 805 2458 τις
824 2389 1076 2466 ὑπερβήῃ
1095 2394 1184 2449 καὶ
1205 2390 1438 2465 ἁμάρτῃ.

0 2502 200 2569 umam
235 2497 294 2553 δὲ
330 2494 544 2567 ὅμαδον
578 2501 909 2570 παρέχονται
944 2503 1247 2556 Μουσαίου
1285 2498 1376 2553 καὶ
1411 2495 1667 2567 Ὀρφέως,

0 2578 242 2651 Σελήνης
258 2600 316 2636 τε
339 2581 431 2635 καὶ
451 2585 705 2635 Μουσῶν
723 2579 986 2651 ἐγγόνων,
1009 2579 1084 2645 ὥς
1102 2596 1257 2652 φασι,
1279 2576 1414 2634 καθ’
1436 2576 1500 2642 ἃς
1519 2585 1670 2648 θυη-

0 2667 250 2730 ιολοῦσι,
290 2665 580 2726 πείθοντες
610 2658 680 2716 οὐ
708 2660 886 2731 μόνον
915 2659 1134 2726 ἰδιώτας
1161 2657 1302 2715 ἀλλὰ
1334 2660 1425 2714 καὶ
1462 2657 1666 2731 πόλεις,

0 2738 66 2807 ἧς
93 2740 201 2814 ἄρα
227 2741 415 2808 λύσεις
444 2763 500 2798 τε
533 2746 623 2798 καὶ
655 2744 936 2812 καθαρμοὶ
963 2741 1319 2812 ἀδικημάτων
1339 2737 1430 2796 διὰ
1449 2746 1672 2796 θυσιῶν

0 2823 82 2880 ναὶ
98 2825 319 2889 παιδιᾶς
342 2821 566 2895 ἡδονῶν
595 2825 697 2879 εἰσὶ
716 2824 820 2892 μὲν
839 2827 915 2879 ἔτι
934 2828 1129 2892 ζῶσιν,
1168 2823 1272 2879 εἰσὶ
1292 2821 1350 2877 δὲ
1369 2821 1461 2878 καὶ
1478 2827 1670 2877 τελευ-
1701 2835 1787 2880 365
