1962 3236
250 198 348 248 192
796 172 798 174 ’
856 197 1327 244 ΠΛΑΤΩΝΟΣ

248 331 351 386 σόν
389 333 447 385 ἐν
478 332 611 399 πυρὶ
653 328 1105 399 βασανιζόμενον,
1135 330 1362 383 στατέον
1400 328 1638 398 ἄρχοντα
1670 332 1758 385 καὶ
1795 334 1926 399 γέρα
1957 368 1962 370 -

249 415 439 467 δοτέον
459 412 550 465 καὶ
575 415 736 475 ζῶντι
755 409 844 463 καὶ
863 408 1248 479 τελευτήσαντι
1266 411 1357 464 καὶ
1377 403 1543 465 ἀθλα.
1566 407 1766 465 τοιαῦτ’
1791 410 1926 465 ἅττα

245 486 316 563 ἦν
337 491 401 547 τὰ
421 489 707 560 λεγόμενα,
729 490 1084 559 παρεξιόντος
1113 491 1203 545 καὶ
1234 495 1805 562 παρακαλυπτομένου
1825 498 1926 547 τοῦ

188 589 220 632 Β
251 572 442 642 λόγου,
464 572 855 642 πεφοβημένου
875 583 1047 625 κινεῖν
1065 569 1126 625 τὸ
1161 578 1269 626 νῦν
1300 572 1496 641 παρόν.
1540 570 1924 644 Ἀληθέστατα,

246 659 368 723 ἔφη,
399 655 594 722 λέγεις·
634 655 907 723 μέμνημαι
943 651 1064 723 γάρ.
1112 653 1313 718 Ὅκνος
1340 653 1466 724 γάρ,
1500 659 1658 725 ἔφην,
1699 648 1744 708 ὦ
1780 660 1924 725 φίλε,

245 733 371 805 ἐγώ,
395 738 567 788 εἰπεῖν
602 731 667 787 τά
700 738 811 788 νῦν
849 731 1355 805 ἀποτετολμημένα·
1396 742 1507 790 νῦν
1544 735 1602 790 δὲ
1632 743 1794 790 τοῦτο
1825 735 1924 805 μὲν

244 815 603 886 τετολμήσθω
624 821 811 885 εἰπεῖν,
834 815 918 870 ὅτι
937 814 1067 880 τούς
1087 814 1517 887 ἀκριβεστάτους
1546 817 1798 886 φύλακας
1827 839 1922 886 φι-

244 895 524 966 λοσόφους
562 900 649 952 δεῖ
675 897 1022 954 καθιστάναι.
1070 897 1337 966 Εἰρήσθω
1370 897 1495 967 γάρ,
1527 902 1647 967 ἔφη.
1694 897 1923 967 Νόησον

245 978 328 1050 δή,
352 976 423 1042 ὡς
443 979 665 1043 εἰκότως
682 978 857 1048 ὀλίγοι
878 983 1100 1033 ἔσονταί
1115 994 1214 1033 σοι.
1253 976 1325 1049 ἢν
1347 976 1452 1048 γάρ
1485 977 1787 1049 διήλθομεν
1809 978 1923 1048 φύ-

247 1079 338 1115 σιν
359 1064 475 1114 δεῖν
494 1057 760 1130 ὑπάρχειν
783 1058 988 1129 αὐτοῖς,
1010 1065 1086 1123 εἰς
1104 1059 1271 1114 ταύτὸ
1294 1058 1650 1130 ξυμφύεσθαι
1669 1058 1835 1130 αὐτῆς
1854 1057 1919 1114 τοὶ

241 1145 377 1212 μέρη
408 1139 652 1210 ὀλιγάκις
690 1144 886 1209 ἐθέλει,
914 1141 980 1195 τὰ
1010 1142 1183 1196 πολλὰ
1215 1142 1272 1195 δὲ
1302 1144 1667 1210 διεσπασμένη
1707 1142 1918 1210 φύεται.
1959 1158 1962 1161 ·

183 1230 215 1270 C
242 1229 386 1292 Πῶς,
408 1225 531 1292 ἔφη,
551 1224 751 1291 λέγεις;
785 1219 1067 1292 Εὐμαθεῐς
1086 1221 1176 1275 καὶ
1195 1219 1470 1291 μνήμονες
1489 1221 1580 1275 καὶ
1599 1217 1810 1289 ἀγχίνοι
1830 1222 1921 1275 καὶ
1957 1229 1962 1234 ⁴

244 1302 380 1367 ὀξεῖς
407 1304 498 1357 καὶ
527 1301 631 1356 ὅσα
653 1302 791 1357 ἀλλα
819 1301 1034 1365 τούτοις
1063 1302 1245 1355 ἕπεται
1275 1299 1426 1356 οἷσθ’
1461 1300 1544 1356 ὅτι
1565 1299 1668 1355 οὐκ
1689 1303 1919 1356 ἐθέλου-

243 1400 332 1438 σιν
359 1382 470 1454 ἅμα
500 1383 748 1453 φύεσθαι
770 1384 860 1438 καὶ
888 1388 1137 1438 νεανικοί
1161 1404 1218 1438 τε
1247 1384 1338 1436 καὶ
1368 1382 1920 1452 μεγαλοπρεπεῖς-τὰς

244 1467 504 1534 διανοίας,
524 1459 630 1518 οἷοι
649 1469 887 1534 κοσμίως
914 1462 1047 1534 μετά
1068 1461 1295 1534 ἡσυχίας
1315 1465 1403 1518 καὶ
1423 1456 1776 1534 βεβαιότητος
1793 1464 1920 1519 ἐθέ-

240 1551 358 1600 λειν
378 1548 494 1615 ζῇν,
519 1541 640 1599 ἀλλ’
663 1548 720 1599 οἱ
744 1550 985 1599 τοιοῦτοι
1004 1542 1111 1598 ὑπὸ
1135 1543 1395 1615 ὀξύτητος
1425 1548 1688 1615 φέρονται
1718 1545 1826 1617 ὅπῃ
1847 1542 1919 1600 ὅὶν

238 1625 461 1695 τύχωσι,
499 1627 588 1680 καὶ
623 1623 684 1680 τό
723 1628 949 1697 βέβαιον
987 1625 1134 1680 ἅπαν
1170 1623 1357 1680 αὐτῶν
1394 1628 1664 1696 ἐξοίχεται.
1693 1623 1916 1696 Ἀληθῆ,
1959 1621 1962 1672 Ᾰ

241 1712 364 1778 ἔφη,
386 1709 573 1776 λέγεις.
618 1703 844 1761 Οὐκοῦν
862 1704 927 1761 τοὶ
947 1709 1144 1778 βέβαια
1166 1699 1239 1761 αὖ
1254 1713 1425 1760 ταῦτα
1444 1705 1558 1777 ἤθη
1579 1708 1670 1762 καὶ
1689 1704 1792 1762 οὐκ
1822 1705 1918 1761 εὐ·-

185 1814 221 1857 D
240 1789 530 1860 μετάβολα,
561 1784 640 1853 οἷς
659 1787 731 1843 ἄν
750 1811 829 1852 τις
847 1794 1058 1859 μᾶλλον
1091 1785 1163 1853 ὡς
1193 1800 1402 1852 πιστοῖς
1430 1787 1709 1859 χρήσαιτο,
1737 1792 1827 1843 καὶ
1858 1791 1918 1844 έν
1961 1850 1962 1853 ¹

238 1877 315 1944 τῷ
333 1873 550 1943 πολέμῳ
579 1868 716 1940 πρὸς
746 1868 878 1934 τοὺς
906 1871 1118 1940 φόβους
1140 1873 1439 1939 δυσκίνητα
1469 1868 1622 1938 ὅντα,
1658 1868 1793 1940 πρὸς
1825 1868 1918 1933 τὰς

238 1951 509 2023 μαθήσεις
538 1946 611 2006 αὖ
641 1963 790 2006 ποιεῖ
815 1948 1038 2020 ταύτόν,
1071 1950 1410 2022 δυσκινήτως
1440 1955 1545 2020 ἔχει
1582 1961 1673 2005 και
1704 1954 1916 2019 δυσμα-

238 2039 357 2097 θῶς
388 2031 572 2104 ὥσπερ
605 2031 1126 2102 ἀπονεναρκωμένα,
1160 2035 1251 2087 καὶ
1286 2030 1472 2086 ὕπνου
1499 2052 1556 2085 τε
1589 2033 1678 2085 καὶ
1705 2030 1915 2101 χάσμης

238 2117 616 2183 ἐμπίπλανται,
632 2112 766 2167 ὅταν
777 2135 828 2168 τι
849 2116 942 2183 δέῃ
959 2119 1214 2166 τοιοῦτον
1233 2116 1531 2167 διαπονεῖν.
1556 2111 1709 2167 ’Ἐστι
1723 2118 1913 2181 ταῦτα,

239 2198 360 2263 ἔφη.
394 2191 575 2263 Ἡμεῖς
595 2195 659 2248 δέ
672 2191 725 2262 γ’
753 2197 962 2264 ἔφαμεν
982 2190 1310 2264 ἀμφοτέρων
1330 2198 1445 2248 δεῖν
1465 2188 1529 2248 εὖ
1549 2215 1604 2248 τε
1627 2196 1717 2248 καὶ
1736 2200 1914 2259 καλῶς

239 2274 499 2344 μετέχειν,
529 2268 566 2343 ἢ
598 2273 732 2343 μήτε
770 2278 1016 2338 παιδείας
1050 2279 1145 2344 τῆς
1180 2273 1572 2346 ἀκριβεστάτης
1610 2279 1724 2330 δεῖν
1765 2271 1915 2347 αὐτῷ

238 2354 593 2424 μεταδιδόναι
633 2353 768 2425 μήτε
805 2361 960 2424 τιμῆς
998 2355 1132 2425 μήτε
1170 2353 1350 2426 ἀρχῆς.
1407 2354 1638 2424 Ὀρθῶς,
1674 2350 1709 2425 ἦ
1747 2354 1799 2410 δ’
1838 2353 1911 2419 ὅς.
1950 2401 1962 2427 -:

163 2453 210 2493 E
242 2432 469 2489 Οὐκοῦν
490 2434 728 2489 σπάνιον
752 2432 885 2490 αὐτὸ
920 2442 1021 2490 οἴει
1050 2439 1299 2499 ἕσεσθαι;
1339 2442 1467 2500 Πῶς
1502 2433 1560 2490 δ’
1594 2433 1689 2502 οὕς
1727 2443 1913 2491 Βασα-
1952 2442 1962 2497 [²

237 2518 456 2570 νιστέον
476 2514 542 2586 δὴ
569 2520 631 2571 ἔν
649 2538 707 2571 τε
737 2511 818 2580 οἷς
845 2516 968 2571 τότε
999 2518 1255 2586 ἐλέγομεν
1285 2517 1475 2582 πόνοις
1503 2537 1560 2571 τε
1593 2519 1683 2571 καὶ
1715 2517 1912 2588 φόβοις
1943 2517 1962 2555 '-

237 2597 327 2651 καὶ
346 2593 586 2666 ηδοναῖς,
610 2598 700 2651 καὶ
723 2601 800 2652 ἔτι
821 2594 932 2667 δὴ
912 2619 939 2650 ο
970 2597 1092 2651 τότε
1123 2609 1384 2667 παρεῖμεν
1415 2603 1520 2652 νῦν
1549 2599 1795 2667 λέγομεν,
1829 2595 1911 2651 ὅτι
1946 2626 1958 2672 3

237 2679 326 2730 καὶ
365 2678 425 2730 έν
456 2676 746 2748 μαθήμασι
782 2685 1003 2743 πολλοῖς
1030 2678 1327 2749 γυμνάζειν
1358 2683 1445 2733 δεῖ
1469 2684 1829 2746 σκοποῦντας,
1863 2682 1913 2733 εί

237 2757 324 2809 καὶ
343 2753 407 2809 τά
425 2759 651 2825 μέγιστα
671 2760 968 2829 μαθήματα
997 2760 1202 2828 δυνατὴ
1223 2762 1370 2812 ἔσται
1401 2761 1660 2826 ἐνεγκεῖν,
1685 2765 1788 2812 εἴτε
1818 2760 1959 2826 καὶξ

123 2865 208 2910 504
238 2834 622 2906 ἀποδειλιάσει,
661 2837 844 2908 ωσπερ
895 2842 951 2893 οἱ
991 2841 1051 2893 ἐν
1086 2851 1199 2903 τοῖς
1244 2838 1439 2901 ἄθλοις
1474 2835 1951 2903 ἀποδειλιῶντες·ᾶῖ
