1962 3236
609 149 661 196 Π
679 149 721 196 ο
736 149 931 195 stt-TE
951 148 1097 194 ΙΑΣ
1133 141 1188 208 η’.
1624 140 1728 196 243

47 303 177 347 τους
196 284 378 347 ένίους
395 282 499 352 μὲν
518 279 706 337 αὐτῶν
723 277 1041 349 ἀκέντρους,
1061 282 1244 343 ένίους
1265 278 1323 335 δὲ
1343 279 1500 341 δεινοὶ
1527 280 1728 350 κέντρα

47 367 297 433 ἒχοντας;
335 365 426 419 καὶ
447 366 506 419 ἐκ
525 365 626 433 μὲν
640 369 756 419 τῶν
781 359 1066 431 ἀκέντρων
1083 361 1284 430 πτωχοὶ
1312 359 1453 431 πρὸς
1472 360 1532 415 τὰ
1555 365 1726 430 γῆρας

46 451 409 515 τελευτῶσιν,
440 447 500 500 ἐκ
539 447 599 500 δὲ
626 442 738 499 τῶν
771 444 1232 514 κεκεντρωμένων
1259 441 1460 506 πάντες
1489 439 1612 497 ὅσοι
1638 441 1731 495 κέ-

47 535 278 598 κληνται
292 534 619 596 κακοῦργοις
650 524 1037 596 Ἀληθέστατα,
1059 529 1181 595 ἔφη.
1220 530 1412 595 Δῆλον
1431 522 1558 592 ἄρα,
1579 516 1651 594 ἦν
1673 519 1724 577 δ’

47 610 174 679 ἐγώ,
201 612 263 665 ἐν
281 608 455 676 πόλει,
477 601 549 662 οὗ
564 603 638 661 ἀν
656 610 774 677 ἴδῃς
792 605 1060 675 πτωχούς,
1087 603 1172 660 ὅτι
1202 610 1307 661 εἰσί
1324 625 1436 660 που
1464 607 1524 660 ἐν
1550 603 1730 678 τούτῳ

47 696 123 762 τῷ
144 691 296 764 τόπῳ
329 689 809 759 ἀποκεκρυμμένοι
838 689 1063 742 κλέπται
1091 707 1148 741 τε
1178 688 1268 741 καὶ
1296 685 1729 757 βαλαντιατόμοι

46 772 137 826 καὶ
162 772 441 840 ἱερόσυλοι
459 772 549 825 καὶ
570 769 798 823 πάντων
818 773 932 822 τῶν
950 766 1218 822 τοιούτων
1239 773 1428 821 κακῶν
1458 771 1727 839 δημιουρ-

45 857 147 921 γοί.
182 859 390 923 Δῆλον,
423 857 546 922 ἔφη.
590 855 659 906 Τί
689 844 825 915 οὖν;
864 852 924 904 έν
958 860 1073 913 ταῖς
1103 846 1591 918 ὀλιγαρχουμέναις
1622 847 1728 902 πό-

52 940 168 988 λεσι
189 931 439 1003 πτωχούς
458 931 559 1002 οὐχ
580 930 713 1004 ὁρᾷς
732 930 987 996 ἐνόντας;
1017 928 1235 999 Ὀλίγου
1254 928 1329 999 γ’,
1364 934 1488 1000 ἔφη,
1517 929 1729 993 πάντας

51 1016 181 1079 τούς
201 1015 352 1079 ἐκτὸς
380 1020 494 1070 τῶν
523 1013 823 1084 ἀρχόντων.
871 1010 971 1082 Μὴ
1003 1006 1109 1066 οὖν
1138 1011 1390 1081 οἰόμεθα,
1419 1016 1562 1082 ἔφην
1598 1010 1722 1081 ἐγώ,

47 1098 137 1151 καὶ
158 1095 506 1166 κακούργους
529 1094 770 1158 πολλούς
783 1095 850 1148 έν
880 1090 1069 1156 αὐταῖς
1090 1090 1228 1147 εἶναι
1259 1094 1459 1162 κέντρα
1487 1095 1726 1162 ἔχοντας,

47 1172 145 1240 οὓς
163 1178 440 1248 ἐπιμελείᾳ
459 1181 554 1247 βίᾳ
574 1177 897 1245 κατέχουσιν
921 1178 980 1229 αἱ
995 1172 1160 1244 ἀρχαί
1170 1198 1183 1240 ;
1214 1174 1464 1245 Οίόμεθα
1484 1173 1585 1245 μὲν
1604 1168 1727 1244 οὖν,

46 1261 168 1327 ἔφη.
196 1250 309 1326 Ἆρ’
331 1250 437 1312 οὖν
465 1255 535 1312 οὐ
565 1253 637 1312 δι’
675 1254 1039 1310 ἀπαιδευσίαν
1067 1258 1156 1309 καὶ
1186 1256 1364 1325 κακήν
1391 1254 1610 1326 τροφὴν
1639 1257 1730 1310 καὶ

47 1339 385 1394 κατάστασιν
414 1345 508 1411 τῆς
548 1343 819 1402 πολιτείας
857 1337 1109 1407 φήσομεν
1149 1335 1281 1402 τοὺς
1309 1337 1598 1402 τοιούτους
1626 1336 1731 1392 αὐ-

47 1417 178 1475 τόθι
203 1422 580 1491 ἐγγίγνεσθαι;
619 1420 897 1490 Φήσομεν.
931 1416 1076 1474 Ἀλλ’
1099 1411 1204 1473 οὖν
1224 1416 1291 1489 δὴ
1311 1419 1538 1490 τοιαύτη
1567 1422 1636 1490 γε’
1650 1442 1730 1484 τις

45 1498 119 1556 ἄν
139 1510 220 1572 εἴη
239 1500 275 1572 ἡ
296 1500 733 1574 ὀλιγαρχουμένη
763 1499 920 1565 πόλις
947 1502 1037 1556 καὶ
1064 1507 1306 1557 τοσαῦτα
1335 1499 1480 1557 κακά
1512 1505 1729 1572 ἔχουσα,

44 1591 178 1649 ἴσως
206 1585 265 1639 δὲ
285 1587 370 1640 καὶ
394 1590 578 1640 πλείω.
614 1583 831 1655 Σχεδόν
850 1606 918 1654 τι,
940 1587 1062 1680 ἔφη.
1095 1581 1478 1654 Ἀπειργάσθω
1508 1582 1575 1655 δὴ
1595 1582 1728 1654 ἡμῖν

43 1668 134 1721 καὶ
154 1664 311 1737 αὕτη,
331 1660 404 1736 ἦν
425 1663 476 1721 δ’
506 1664 680 1736 ἐγῶ,(
652 1689 686 1737 η
708 1669 969 1733 πολιτεία,
999 1663 1072 1734 ἢν
1098 1664 1421 1735 ὀλιγαρχίαν
1439 1670 1726 1734 καλοῦσιν,

42 1749 102 1802 ἐκ
121 1746 440 1816 τιμημάτων
458 1750 658 1816 ἔχουσα
677 1746 807 1810 τούς
827 1745 1108 1816 ἄρχοντας.
1147 1743 1247 1800 τὸν
1261 1745 1320 1801 δὲ
1339 1746 1512 1818 ταύτῃ
1532 1745 1729 1816 ὅμοιον

42 1849 178 1899 μετα
197 1834 369 1882 ταῦτα
394 1834 707 1897 σκοπῶμεν,
739 1825 813 1890 ῶς
842 1847 899 1881 τε
927 1832 1169 1895 γίγνεται
1200 1821 1313 1891 οἷός
1343 1847 1401 1880 τε
1431 1827 1730 1897 γενόμενος

46 1914 210 1964 ἔστιν.
248 1908 413 1964 Πάνυ
431 1910 534 1980 μὲν
550 1902 673 1978 οὖν,
706 1913 827 1979 ἔφη.

188 1993 313 2044 v111.
358 1983 472 2057 Ap'
501 1983 607 2044 οὖν
645 1981 751 2044 ὦδε
777 1988 1011 2059 μάλιστα
1044 1993 1119 2054 εἰς
1155 1987 1507 2059 ὀλιγαρχικὸν
1538 1990 1597 2045 ἐκ
1628 1996 1730 2045 τοῦ

39 2078 434 2142 τιμοκρατικοῦ
453 2072 669 2126 ἐκείνου
680 2071 1006 2142 μεταβάλλει
1020 2094 1034 2136 ;
1057 2076 1184 2134 Πῶς
1200 2093 1214 2135 ;
1231 2068 1402 2125 Ὅταν
1413 2067 1588 2125 αὐτοῦ
1603 2081 1731 2135 παῖς

41 2151 339 2223 γενόμενος
356 2149 419 2207 τὸ
439 2153 542 2223 μὲν
567 2158 791 2222 πρῶτον
810 2156 962 2222 ζηλοῖ
975 2172 1031 2206 τε
1052 2149 1151 2206 τὸν
1175 2153 1381 2218 πατέρα
1399 2154 1490 2206 καὶ
1507 2149 1574 2207 τά
1595 2153 1726 2207 ἐκεί-

41 2255 148 2290 νου
182 2241 305 2303 ῐχνη
342 2232 536 2305 διώκῃ,
571 2238 754 2289 ἔπειτα
788 2231 963 2289 αὐτόν
1001 2236 1092 2305 ἴδῃ
1127 2235 1385 2305 ἐξαίφνης
1421 2239 1725 2289 πταίσαντα

44 2313 228 2381 ω”σπερ
249 2312 387 2381 πρὸς
405 2314 593 2384 ἕρματι
619 2313 758 2382 πρὸς
781 2322 848 2387 τῇ
864 2315 1036 2385 πόλει,
1065 2316 1154 2370 καὶ
1174 2317 1432 2385 ἐκχέαντα
1449 2314 1516 2371 τά
1535 2337 1593 2370 τε
1618 2311 1724 2370 αὐ-
1753 2336 1786 2377 Β

42 2399 144 2450 τοῦ
171 2395 259 2448 καὶ
279 2394 492 2463 ἑαυτόν,
525 2392 561 2465 ἦ
590 2396 1043 2467 στρατηγήσαντα
1069 2395 1106 2467 ἤ
1132 2394 1239 2452 τιν’
1275 2395 1451 2468 ἄλλην
1479 2397 1727 2468 μεγάλην

43 2474 218 2547 ἀρχὴν
236 2475 493 2544 ἄρξαντα,
517 2476 629 2533 εἶτα
650 2484 724 2543 είς
754 2480 1111 2551 δικαστήριον
1135 2481 1462 2551 ἐμπεσόντα,
1482 2481 1727 2553 βλαπτό-

42 2580 214 2629 μενον
247 2557 355 2614 ὑπό
388 2568 775 2630 συκοφαντῶν,
813 2555 848 2632 ἦ
886 2560 1248 2617 ἀποθανόντα
1283 2557 1319 2632 ἢ
1356 2562 1657 2617 ἐκπεσόντα
1686 2556 1726 2633 ἦ

41 2639 390 2710 ἀτιμωθέντα
419 2643 509 2695 καὶ
538 2640 639 2711 τὴν
660 2639 859 2696 οὐσίαν
884 2642 1105 2697 ἅπασαν
1134 2641 1502 2712 ἀποβαλόντα.
1559 2643 1727 2710 Εἰκός

40 2719 117 2790 γ’,
141 2726 261 2791 ἔφη.
296 2720 449 2776 Ἰδών
474 2725 535 2776 δέ
557 2743 635 2791 γε,
659 2715 702 2776 ὦ
722 2728 863 2791 φίλε,
890 2728 1060 2778 ταῦτα
1081 2724 1170 2777 καὶ
1189 2722 1391 2778 παθῶν
1411 2727 1500 2779 καὶ
1521 2722 1711 2781 ἀπολέ-

42 2819 141 2868 σας
158 2802 224 2858 τὰ
245 2801 378 2858 ὄντα
399 2807 597 2871 δείσας,
619 2803 785 2875 οἶμαι,
807 2802 984 2869 εὐθὺς
1004 2806 1088 2860 ἐπὶ
1109 2805 1360 2874 κεφαλὴν
1381 2802 1523 2862 &flet
1542 2808 1600 2863 έκ
1622 2814 1725 2863 τοῦ

1360 2881 1447 2931 16*
