1962 3236
193 196 260 247 58
792 198 1274 246 ΠΛΑΤΩΝΟΣ

191 351 302 402 γου
326 328 466 385 εἶναι
503 334 579 394 εἰς
614 334 778 385 τοῦτο
798 329 1007 399 ταύτην
1032 327 1135 399 τὴν
1165 331 1375 397 σκέψιν.
1415 330 1521 387 Mo}
1539 339 1679 403 Δία,
1709 329 1782 406 ἦν
1812 335 1866 389 δ’

191 409 330 484 ἐγώ,
367 432 410 467 ω
432 415 558 481 φίλε
571 407 899 481 Ἀδείμαντε,
923 407 1026 465 οὐκ
1044 406 1151 480 άρα
1170 407 1423 482 ἀφετέον,
1446 410 1570 467 οὐδ’
1592 419 1642 470 εἰ
1657 436 1869 485 μακρο-

187 496 317 563 τέρα
352 492 612 565 τυγχάνει
647 494 802 547 οὐσα.
862 488 948 546 Οὐ
991 490 1098 561 γὰρ
1136 495 1254 553 οὐν,
1290 491 1403 549 Ἴθι
1423 487 1555 564 οὐν,
1590 494 1775 567 ὥσπερ
1805 499 1866 551 ἐν

192 574 360 650 μύθῳ
381 574 835 646 μυθολογοῦντές
850 593 909 628 τε
936 579 1029 628 καὶ
1057 574 1260 645 σχολὴν
1297 573 1524 645 α’γοντ-ες
1551 575 1699 651 λόγῳ
1738 597 1870 633 παι-

126 661 160 702 Ε
191 659 443 729 δεύωμεν
459 655 588 722 τούς
614 656 835 726 ἄνδρας.
866 653 1030 712 Ἀλλὰ
1046 655 1165 729 χρή.

326 742 474 796 XVII.
536 741 630 803 Τίς
657 739 763 793 οὐν
791 734 825 808 ἡ
854 741 1099 805 παιδείας
1134 734 1173 809 ἦ
1197 739 1439 840 χαλεπὸν
1468 737 1653 811 ευρεῐν
1671 746 1865 812 βελτίω

187 831 284 896 τῆς
302 819 411 878 ὑπὸ
432 826 534 875 τοῦ
557 825 772 875 πολλου
789 819 998 892 χρόνου
1015 816 1346 924 εὑρημένης·
1333 863 1347 890 ,
1369 826 1482 877 ἔστι
1501 824 1564 877 δέ
1579 842 1690 878 που
1712 821 1747 894 ἡ
1766 823 1867 893 μὲν

188 909 277 965 ἐπὶ
306 904 521 976 σωμασι
549 902 925 973 γυμναστική,
963 899 997 972 ἡ
1032 899 1082 956 δ’
1118 903 1204 956 ἐπὶ
1231 909 1379 973 ψυχῇ
1421 905 1676 974 μουσική.
1716 903 1868 959 ’Ἐστι

187 990 312 1061 γάρ.
362 981 466 1059 Αρ’
493 1007 600 1041 ουν
622 983 691 1041 οὐ
707 989 946 1055 μουσικῇ
967 983 1241 1052 πρότερον
1261 981 1547 1054 ἀρξόμεθα
1566 984 1866 1041 παιδεύον*

187 1093 276 1135 τες
295 1066 331 1141 ἢ
349 1072 722 1138 γυμναστικῇ·
709 1106 723 1132 ,
759 1071 893 1131 Πῶς
916 1063 969 1120 δ’
993 1063 1086 1131 οὕ;
1123 1071 1420 1137 Μουσικῆς
1439 1064 1491 1121 δ’
1516 1066 1688 1123 είπων
1707 1073 1868 1139 τίθης

188 1151 417 1222 λόγους,
456 1144 494 1220 ἢ
523 1146 616 1213 οὔ;
646 1145 871 1218 ’‘Eymye.
945 1148 1149 1219 Λόγων
1179 1147 1239 1203 δε
1268 1147 1452 1203 διττὸν
1473 1147 1642 1218 εἶδος,
1681 1148 1740 1205 τὸ
1763 1150 1866 1221 μεν

70 1245 155 1292 377
185 1233 417 1307 ἀληθές,
446 1234 652 1298 ψεῦδος
681 1227 732 1284 δ’
763 1232 979 1302 ἕτερον;
1017 1235 1146 1286 Ναί.
1220 1233 1560 1287 Παιδευτέον
1592 1230 1645 1286 δ’
1678 1235 1741 1287 ἐν
1759 1230 1865 1302 ἀμ-

188 1318 468 1388 φοτέροις,
502 1312 777 1381 πρότερον
798 1308 850 1366 δ’
888 1314 951 1367 ἐν
978 1322 1093 1377 τοῖς
1123 1314 1413 1379 ψευδέσιν;
1435 1312 1541 1368 -·Οὐ
1572 1312 1864 1383 μανθάνω,
1936 1365 1942 1370 .

186 1403 292 1470 ἔφη
308 1440 321 1467 ,
350 1402 467 1462 πῶς
485 1397 673 1465 λέγεις.
735 1391 819 1448 Οὐ
843 1394 1152 1464 μανθάνεις
1168 1436 1182 1464 ,
1212 1388 1284 1465 ἦν
1305 1393 1356 1449 δ’
1382 1394 1516 1464 ἐγώ,
1539 1393 1624 1449 ὅτι
1641 1401 1864 1466 πρῶτον

186 1491 300 1545 τοῖς
328 1481 565 1541 παιδίοις
588 1475 810 1547 μύθους
839 1478 1095 1545 λέγομεν;
1132 1480 1297 1531 τοῦτο
1331 1478 1396 1530 δέ
1421 1495 1532 1530 που
1554 1471 1626 1539 ὥς
1645 1472 1705 1530 τὸ
1729 1474 1866 1531 ὅλον

188 1567 361 1618 εἰπεῖν
398 1562 629 1628 ψεῦδος,
671 1562 754 1613 ἔνι
791 1557 850 1613 δὲ
890 1559 982 1612 καὶ
1018 1556 1221 1628 ἀληθῆ.
1278 1557 1550 1629 πρότερον
1583 1560 1641 1612 δὲ
1661 1556 1865 1628 μύθοις

185 1642 324 1714 πρὸς
362 1640 428 1696 τὰ
477 1643 667 1695 παιδία
702 1634 740 1710 ἦ
776 1643 1103 1710 γυμνασίοις
1149 1638 1426 1709 χρώμεθα.
1487 1637 1640 1693 Ἐστι
1675 1645 1860 1693 ταῦτα.

189 1729 368 1781 Τοῦτο
391 1719 457 1793 δὴ
477 1725 685 1792 ἔλεγον,
707 1719 791 1776 ὅτι
808 1727 1076 1791 μουσικῆς
1095 1720 1365 1793 πρότερον
1385 1715 1635 1790 ἁπτέονῆ
1646 1741 1862 1791 γυμνα-

187 1811 388 1877 στικῆς.
444 1802 687 1875 Ὀρθῶς,
732 1807 855 1875 ἔφη.
918 1800 1146 1859 Οὐκοῦν
1186 1801 1338 1858 οἶσθ’
1370 1800 1456 1857 ὅτι
1487 1799 1623 1873 ἀρχὴ
1655 1801 1861 1866 παντὸς

120 1900 154 1941 Β
186 1891 352 1959 ἔργου
364 1887 639 1957 μέγιστον,
661 1884 839 1949 ἄλλως
857 1905 915 1939 τε
935 1886 1027 1941 καὶ
1045 1886 1152 1959 νέῳ
1171 1884 1263 1940 καὶ
1277 1880 1471 1956 ἁπαλῷ
1489 1880 1729 1957 ὁτῳοῦνς
1752 1883 1863 1953 μά-

182 1976 338 2024 λιστα
358 1965 464 2037 γὰρ
486 1964 551 2037 δὴ
573 1965 695 2021 τότε
715 1966 1005 2020 πλάττεται
1022 1967 1114 2021 καὶ
1134 1965 1386 2021 ἐνδύεται
1407 1963 1597 2032 τύπος,
1611 1961 1679 2017 ὂν
1690 1962 1762 2017 ἄν
1781 1984 1862 2027 τις

185 2048 452 2121 βούληται
464 2046 884 2119 ἐνσημήνασθαι
896 2046 1119 2120 ἑκάστῳ.
1145 2050 1367 2117 Κομιδῇ
1375 2045 1476 2116 μὲν
1495 2038 1614 2099 οὖν.
1632 2038 1739 2117 Ἆρ’
1755 2039 1860 2100 οὖν

187 2133 393 2205 ῥᾳδίως
413 2128 560 2184 οὕτω
582 2129 904 2199 παρήσομεν
929 2126 1059 2192 τοὺς
1088 2126 1441 2197 ἐπιτυχόντας
1471 2123 1579 2181 ὑπὸ
1608 2131 1723 2180 ταῖν
1742 2128 1860 2181 ἐπι-

185 2210 470 2282 τυχόντων
499 2210 722 2282 μύθους
751 2211 1100 2275 πλασθέντας
1129 2206 1358 2264 ἀκούειν
1383 2205 1513 2271 τοὺς
1541 2211 1739 2271 παῖδας
1768 2209 1860 2263 καὶ

185 2291 491 2365 λαμβάνειν
519 2295 580 2347 ἐν
608 2303 726 2357 ταῖς
744 2302 941 2362 ψυχαῖς
970 2288 1042 2356 ὥς
1067 2292 1150 2345 ἐπὶ
1174 2287 1235 2344 τὸ
1267 2285 1412 2344 πολὺ
1430 2290 1679 2352 ἐναντίας
1699 2286 1863 2353 δόξας

186 2378 450 2445 ἐκείναις,
482 2373 574 2444 ἅς,
605 2371 830 2430 ἐπειδὰν
847 2379 1223 2442 τελεωθῶσιν,
1255 2375 1396 2442 ἔχειν
1415 2368 1720 2441 οἰησόμεθα
1743 2373 1860 2425 δεῖν

184 2455 416 2524 αὐτούς;
463 2453 603 2511 Οὐδ’
641 2453 955 2511 ὁπωστιοῦν
975 2453 1310 2526 παρήσομεν.
1365 2457 1601 2524 Πρῶτον
1621 2448 1688 2522 δὴ
1708 2448 1857 2522 ἡμῖν,

186 2535 258 2603 ὡς
279 2538 483 2607 ἔοικεν,
515 2538 903 2607 ἐπιστατητέον
928 2547 1041 2600 τοῖς
1069 2543 1429 2606 μυθοποιοῖς,
1460 2533 1553 2588 καὶ
1579 2528 1649 2588 ὃν
1663 2530 1766 2603 μὲν
1785 2529 1858 2586 ἂν

120 2629 152 2670 c
184 2617 358 2675 καλὸν
378 2618 714 2690 ποιήσωσιν,
744 2620 1051 2690 ἐγκριτέον,
1093 2614 1161 2672 ὃν
1191 2613 1248 2670 δ’
1279 2610 1351 2670 ἂν
1379 2613 1481 2686 μή,
1503 2612 1856 2685 ἀποκριτέον·

183 2719 314 2762 τους
334 2697 385 2754 δ’
408 2703 767 2769 ἐγκριθέντας
785 2705 1047 2771 πείσομεν
1065 2720 1162 2763 τας
1174 2696 1420 2768 τροφούς
1437 2717 1494 2750 τε
1515 2697 1608 2750 καὶ
1626 2696 1858 2766 μητέρας

185 2782 364 2849 λέγειν
382 2793 494 2845 τοῖς
513 2785 668 2838 παισὶ
693 2784 786 2838 καὶ
814 2782 1073 2838 πλάττειν
1097 2778 1196 2844 τὰς
1218 2777 1395 2849 ψυχὰς
1417 2774 1602 2831 αὐτων
1620 2785 1733 2839 τσῖς
1751 2776 1858 2845 μύ-

180 2868 308 2925 θοις
343 2859 489 2916 πολυ
526 2868 736 2931 μᾶλλον
766 2885 801 2932 η
835 2883 902 2917 τα
930 2861 1155 2932 σώματα
1185 2870 1303 2924 ταῖς
1321 2861 1536 2929 χερσίν,
1571 2879 1651 2911 ων
1672 2855 1732 2912 δε
1751 2863 1859 2912 νῦν
