1962 3236
12 128 17 134 ,
99 92 184 137 119
760 83 1115 131 ΚΡΙΤΙΑΣ.
1677 79 1783 132 437

94 215 307 289 ὑπῆρχε
324 213 392 273 τὰ
411 213 621 273 πλεῖστ’
653 213 837 286 ὀρθὸν
853 216 946 270 καὶ
968 202 1329 286 πρόμηκες,’ὂ’
1355 236 1408 270 τι
1439 212 1492 270 δ’
1520 218 1782 285 ἐνέλειπε,

93 301 443 355 κατεύθυντο
464 295 684 367 τάφρου
702 294 891 368 κύκλῳ
912 299 1392 367 περιορυχθείσης·
1430 293 1492 352 τὸ
1517 295 1577 352 δὲ
1600 296 1783 367 βάθος

94 382 186 436 καὶ
205 379 409 444 πλάτος
426 377 490 433 τό
506 398 566 432 τε
584 382 759 448 μῆκος
774 375 945 446 αὐτῆς
973 374 1208 431 ἄπιστον
1236 375 1341 447 μὲν
1368 375 1430 433 τὸ
1460 377 1677 447 λεχθέν,
1710 376 1782 440 ὦς

93 467 474 532 χειροποίητον
491 463 674 528 ἔργον,
696 455 835 526 πρὸς
850 469 962 522 τοῖς
987 456 1171 523 ἄλλοις
1189 459 1563 530 διαπονήμασι
1581 463 1783 515 τοσοῦ-

94 563 194 598 τον
225 539 381 610 εἶναι,
412 542 608 610 ῥητέον
639 538 698 595 δὲ
728 536 763 593 ὅ
790 558 855 608 γε
880 534 1225 609 ἠκούσαμεν·
1267 541 1520 609 πλέθρου
1545 540 1647 611 μὲν
1674 536 1782 609 γὰρ

92 621 272 693 βάθος
300 618 605 691 ὀρώρυκτο,
635 619 696 674 τὸ
728 617 787 673 δὲ
814 619 1019 684 πλάτος
1050 618 1266 691 ἁπάντη
1289 625 1534 692 σταδίου,
1567 621 1692 692 περὶ
1723 619 1783 675 δὲ

93 708 209 757 πᾶν
235 701 297 757 τὸ
321 705 515 756 πεδίον
533 697 837 770 ὀρυχθεῖσα
858 701 1188 770 συνέβαινεν
1208 700 1349 756 εἶναι
1376 700 1437 757 τὸ
1459 709 1631 772 μῆκος
1650 717 1783 756 στα-
1815 715 1853 755 D

94 786 231 838 δίων
250 791 481 852 μυρίων.
518 778 584 835 τὰ
606 778 659 835 δ’
682 784 742 835 ἐκ
766 785 879 835 τῶν
902 777 1052 850 ὀρῶν
1077 786 1481 851 καταβαίνοντα
1511 779 1784 852 ὑποδεχο-

92 870 231 935 μένη
250 863 494 934 ῥεύματα
524 864 615 917 καὶ
646 865 771 931 περὶ
798 862 858 916 τὸ
891 865 1084 917 πεδίον
1113 871 1485 934 κυκλωθεῖσα,
1517 865 1654 931 πρὸς
1680 862 1782 935 τὴν

93 946 259 1001 πόλιν
276 950 446 1000 ἔνθεν
462 965 522 999 τε
540 946 631 999 καὶ
661 947 830 999 ἔνθεν
853 942 1180 1014 ἀφικομένη,
1201 944 1374 1017 ταύτῃ
1403 945 1542 1015 πρὸς
1567 945 1784 1001 θάλατ-

94 1048 195 1082 ταν
214 1033 437 1096 μεθεῖτο
456 1028 651 1095 ἐκρεῖν.
693 1023 921 1080 ἄνωθεν
941 1022 1000 1079 δὲ
1018 1022 1116 1079 ἀπ’
1148 1022 1318 1098 αὐτῆς
1347 1026 1409 1081 τὸ
1440 1028 1646 1091 πλάτος
1675 1025 1803 1097 μά-,

95 1115 251 1163 λιστα
270 1105 468 1162 ἑκατὸν
486 1110 678 1161 ποδοῖν
698 1106 963 1177 διώρυχες
982 1103 1198 1161 εὐθεῖαι
1216 1110 1544 1178 τετμημέναι
1562 1105 1699 1163 κατὰ
1719 1104 1781 1163 τὸ

94 1191 287 1243 πεδίον
312 1187 481 1242 πάλιν
503 1192 578 1251 εἰς
596 1187 698 1256 τὴν
717 1188 935 1255 τάφρον
954 1185 1057 1256 τὴν
1075 1186 1214 1256 πρὸς
1232 1189 1512 1260 θαλάττης
1532 1187 1783 1259 ἀφεῖντο,

93 1270 247 1338 ἑτέρα
276 1267 335 1323 δὲ
361 1264 460 1336 ἀφ’
499 1268 685 1336 ἑτέρας
716 1265 903 1320 αὐτῶν
937 1270 1195 1331 σταδίους
1225 1269 1424 1323 ἑκατὸν
1460 1268 1710 1340 άπεῖχεν·
1746 1261 1787 1340 ᾖ

95 1347 162 1420 δὴ
185 1349 288 1419 τήν
301 1345 355 1404 τ’
376 1350 437 1404 ἐκ
457 1354 570 1402 τῶν
588 1345 738 1415 ὀρῶν
756 1346 899 1417 ὕλην
910 1352 1153 1418 κατῆγον
1174 1353 1248 1413 εἰς
1268 1347 1328 1404 τὸ
1343 1347 1485 1404 ἄστυ
1502 1352 1595 1405 καὶ
1612 1343 1785 1404 τᾶλλα

94 1431 152 1486 δὲ
180 1429 355 1498 ὡραῖα
392 1435 600 1493 πλοίοις
638 1434 1073 1499 κατεκομίζοντο,
1109 1431 1376 1496 διάπλους
1412 1433 1471 1487 ἐκ
1506 1438 1622 1487 τῶν
1650 1435 1784 1487 διω-
1814 1443 1846 1484 R

94 1511 282 1583 ρύχων
301 1516 379 1576 είς
399 1509 639 1582 ἀλλήλας
661 1533 717 1566 τε
738 1517 969 1580 πλαγίας
987 1513 1076 1566 καὶ
1097 1510 1237 1582 πρὸς
1255 1511 1359 1582 τὴν
1391 1512 1557 1569 πόλιν
1584 1513 1785 1585 τεμόν-

93 1614 194 1658 τες.
232 1596 322 1648 καὶ
343 1595 424 1657 δὶς
443 1593 510 1662 δή
532 1600 632 1647 τοῦ
651 1595 910 1647 ἐνιαυτοῦ
936 1595 1040 1663 τήν
1060 1599 1168 1663 γῆν
1191 1595 1557 1664 ἐκαρποῦντο,
1587 1600 1787 1666 χειμῶ-

97 1696 195 1739 νος
225 1676 328 1746 μὲν
346 1687 459 1739 τοῖς
489 1677 547 1729 ἐκ
579 1672 719 1737 Διὸς
747 1672 915 1728 ὕδασι
946 1674 1238 1743 χρεόμενοι,
1262 1677 1471 1744 θέρους
1493 1675 1553 1731 δὲ
1584 1674 1689 1731 ὅσα
1717 1682 1789 1746 γῆ

97 1761 270 1826 φέρει,
291 1755 355 1811 τὰ
378 1759 437 1812 ἐκ
456 1763 567 1811 τῶν
587 1755 877 1826 διωρύχων
898 1755 1196 1826 ἐπάγοντες
1218 1756 1446 1827 νάματα.
1469 1763 1687 1829 πλῆθος
1707 1761 1785 1829 δέ,

95 1842 209 1893 ταῖν
241 1838 344 1908 μὲν
378 1839 440 1893 ἐν
464 1843 540 1906 τῷ
570 1840 739 1908 πεδίῳ
778 1842 1060 1907 χρησίμων
1099 1835 1239 1907 πρὸς
1278 1839 1524 1909 πόλεμον
1560 1836 1788 1910 ἀνδρῶν

95 1920 344 1975 ἐτέτακτο
363 1918 460 1974 τὸν
475 1923 684 1988 κλῆρον
705 1919 938 1973 ἕκαστον
958 1922 1215 1989 παρέχειν
1234 1919 1414 1988 ἄνδρα
1434 1918 1701 1991 ἡγεμόνα,
1721 1918 1785 1975 τὸ

97 2002 155 2056 δὲ
181 2006 283 2055 τοῦ
311 1999 524 2069 κλήρου
548 2002 786 2070 μέγεθος
815 2003 892 2063 εἰς
917 2002 1048 2055 δέκα
1079 1999 1300 2064 δεκάκις
1328 1994 1402 2072 ἦν
1431 2000 1645 2071 στάδια,
1674 2021 1785 2072 μυ-
1815 2010 1903 2060 119

94 2079 279 2151 ριάδες
297 2081 357 2137 δὲ
377 2080 714 2152 ξυμπάντων
730 2086 844 2136 τῶν
864 2080 1088 2152 κλήρων
1105 2075 1249 2152 ἦσαν
1268 2084 1323 2148 ἒξ
1337 2104 1347 2115 ·
1383 2088 1495 2138 τῶν
1514 2082 1573 2138 δὲ
1593 2083 1653 2137 ἐκ
1676 2088 1789 2138 τοῖν

97 2161 247 2233 ὀρῶν
276 2164 370 2219 καὶ
399 2168 495 2234 τῆς
524 2160 692 2233 ἄλλης
718 2162 902 2232 χώρας
932 2160 1238 2232 α’πέραντος
1274 2163 1377 2234 μὲν
1405 2160 1649 2234 άρνθμός
1683 2159 1788 2218 άν-

97 2245 351 2314 θρσόπων
369 2245 601 2314 ἐλέγετο,
619 2242 756 2299 κατὰ
786 2245 846 2300 δὲ
874 2243 1082 2310 τόπους
1110 2246 1201 2300 καὶ
1230 2244 1432 2315 κώμαςι
1449 2249 1524 2310 εἰς
1553 2244 1787 2308 τούτους

98 2323 227 2389 τούς
245 2325 487 2396 κλήρους
506 2323 644 2393 πρὸς
661 2323 792 2389 τούς
820 2323 1093 2396 ἡγεμόνας
1117 2324 1356 2390 ἅπαντες
1384 2327 1786 2396 διενενέμηντο.

99 2407 198 2461 τὸν
217 2399 323 2460 οὖν
342 2402 586 2475 ἡγεμόνα
606 2398 678 2476 ἦν
702 2409 1034 2476 τεταγμένον
1054 2411 1130 2471 εἰς
1148 2408 1247 2463 τὸν
1266 2406 1513 2477 πόλεμον
1531 2410 1790 2476 παρέχειν

100 2488 261 2542 ἕκτον
284 2488 386 2556 μὲν
413 2484 656 2557 ἅρματος
687 2491 1115 2557 πολεμιστηρίου
1144 2486 1343 2557 μόριον
1377 2491 1454 2552 είς
1482 2487 1654 2557 μύρια
1685 2483 1788 2558 ἅρ-

98 2589 259 2636 ματα,
281 2570 485 2633 ἵππους
506 2568 564 2624 δὲ
587 2567 691 2623 δύο
711 2569 801 2623 καὶ
821 2565 1121 2639 ἀναβάτας,
1142 2572 1219 2623 ἔτι
1249 2567 1309 2624 δὲ
1327 2571 1603 2638 ξυνωρίδα
1622 2568 1785 2639 χωρὶς
1817 2580 1848 2621 Β

99 2653 305 2719 δίφρου
336 2651 652 2722 καταβάτην
675 2673 733 2707 τε
761 2652 1133 2722 σμικράσπιδα
1163 2654 1254 2707 καὶ
1285 2650 1384 2708 τὸν
1420 2649 1630 2722 ἀμφοῖν
1667 2644 1787 2721 μετ’

101 2732 364 2804 ἐπιβάτην
394 2744 513 2788 τοῖν
548 2736 741 2789 ἴπποιν
774 2731 1000 2804 ἡνίοχον
1037 2738 1290 2804 ἔχουσαν,
1326 2730 1550 2798 ὁπλίτας
1589 2730 1648 2788 δὲ
1685 2730 1789 2787 δύο
