1962 3236
84 277 424 336 ἀνακύπτων
450 277 875 351 καταμανθάνοι
894 301 963 349 τι,
993 276 1254 350 ἡγεῖσθαι
1282 275 1357 335 ἂν
1387 278 1562 336 αυτὸν
1586 282 1779 353 νοήσει

84 361 211 419 ἀλλ’
232 361 337 418 οὐκ
370 361 576 434 ὄμμασι
606 369 860 432 θεωρεῖν.
897 370 1028 427 ἴσως
1057 356 1165 417 οὖν
1192 361 1375 427 καλῶς
1400 354 1544 429 ἡγεῖ,
1580 363 1687 435 ἐγώ
1721 359 1775 420 δ’

83 441 379 514 εὐηθικῶς.
415 444 524 516 ἐγώ
543 445 652 515 γὰρ
681 437 758 499 αὖ
783 439 854 499 οὐ
885 444 1129 514 δύναμαι
1158 443 1293 501 ἄλλο
1322 466 1374 501 τι
1400 448 1625 514 νομίσαι
1655 446 1775 502 ἅνω

82 532 286 581 ποιοῦν
305 525 487 597 ψυχὴν
508 527 732 599 βλέπειν
751 525 987 597 μάθημα
1007 523 1043 596 ἢ
1070 529 1266 598 ἐκεῖνο,
1298 526 1332 583 ὃ
1355 524 1428 583 ἂν
1456 529 1582 599 περὶ
1611 526 1672 583 τὸ
1706 526 1775 583 ὅν

81 628 139 662 τε
156 601 194 679 ᾗ
214 611 304 663 καὶ
323 607 385 664 τὸ
406 607 648 678 ἀόρατον
662 627 675 638 ·
715 605 814 662 ε’ἀν
829 610 894 663 δέ
909 630 989 672 τις
1008 606 1124 663 ἄνω
1144 609 1388 681 κεχηνώς
1406 605 1443 681 ἦ
1462 609 1612 666 κάτω
1633 626 1776 681 συμ-

82 687 341 759 μεμυκῶς
358 696 471 744 τῶν
491 693 778 761 αἰσθητῶν
799 693 1044 761 ἐπιχειρῇ
1061 712 1113 744 τι
1144 690 1478 762 μανθάνειν,
1509 689 1639 747 οὔτε
1666 714 1775 762 μα-

80 778 211 825 θεῖν
230 769 302 824 ἄν
322 773 459 828 ποτέ
480 793 622 842 φημι
657 768 833 826 αὐτόν
867 806 929 813 -
963 772 1270 844 ἐπιστήμην
1303 772 1410 843 γαρ
1441 771 1611 828 οὐδὲν
1630 777 1776 843 ἔχειν

79 856 195 906 τῶν
224 851 495 907 τοιούτων
531 887 603 895 —
638 851 769 908 οὔτε
815 851 931 908 ἅνω
970 850 1110 908 ἀλλὰ
1151 853 1300 908 κάτω
1338 850 1516 908 αὐτοῦ
1552 858 1776 924 βλέπειν
1810 873 1839 914 c

80 932 184 1003 τὴν
202 932 403 1003 ψυχήν,
425 933 532 988 κάν
561 936 615 1000 ἐξ
636 932 831 999 ὑπτίας
850 937 994 990 νέων
1019 938 1078 989 ἐν
1104 939 1175 1006 γῇ
1201 930 1238 1005 ἦ
1265 936 1327 990 ἐν
1355 934 1607 1006 θαλάττῃ
1632 956 1775 1004 μαν-

81 1014 251 1088 θάνῃ.

220 1101 303 1151 xl.
344 1103 554 1168 Δι’,κην
590 1101 724 1169 ἔφη,
762 1102 894 1168 ἔχω·
947 1096 1135 1167 ὀρθῶς
1171 1098 1279 1167 γάρ
1322 1119 1416 1167 μοι
1453 1099 1773 1168 ἐπέπληξας.

78 1176 218 1234 ἀλλὰ
240 1184 355 1243 πῶς
376 1177 442 1249 δὴ
476 1183 657 1249 ἔλεγες
676 1183 794 1235 δεῖν
820 1178 1196 1251 ἀστρονομίαν
1223 1178 1539 1250 μανθάνειν
1558 1177 1708 1249 παρὰ
1739 1176 1776 1234 ἄ

81 1266 192 1316 νῦν
210 1260 622 1332 μανθάνουσιν,
645 1270 692 1318 εἰ
719 1264 971 1332 μέλλοιεν
993 1258 1282 1332 ὠφελίμως
1310 1261 1450 1362 πρὸς
1479 1257 1515 1314 ὁὶ
1544 1261 1776 1331 λέγομεν

79 1340 469 1414 μαθήσεσθαι;
500 1335 704 1413 Ὧδε,
668 1365 739 1414 ην
761 1340 812 1398 δ’
834 1342 959 1413 ἐγώ.
998 1350 1171 1398 ταῦτα
1189 1364 1291 1413 μεν
1310 1341 1376 1396 τά
1408 1343 1469 1397 ἐν
1491 1348 1569 1413 τῷ
1598 1339 1773 1410 οὐρα-

85 1430 167 1497 νῷ
185 1429 532 1496 ποικίλματα,
552 1427 771 1493 ἐπείπερ
802 1427 861 1480 ἐν
893 1421 1074 1498 ὁρατῷ
1110 1428 1475 1495 πεποίκιλται,
1505 1422 1773 1479 κάλλιστα

80 1506 183 1577 μὲν
202 1504 460 1579 ἡγεῖσθαι
479 1509 570 1563 καὶ
592 1507 957 1580 ἀκριβέστατα
974 1514 1088 1563 τῶν
1102 1508 1376 1563 τοιούτων
1395 1511 1555 1578 ἔχειν,
1576 1513 1691 1562 τῶν
1710 1506 1771 1562 δὲ
1797 1523 1831 1563 D

79 1587 373 1661 ἀληθινῶν
391 1589 535 1645 πολὺ
561 1593 757 1660 ἐνδεῖν,
779 1586 843 1655 ἃς
860 1591 922 1646 τὸ
943 1586 1011 1646 ὃν
1041 1589 1205 1661 τάχος
1229 1589 1321 1646 καὶ
1343 1586 1378 1661 ἡ
1400 1582 1543 1645 οὖσα
1559 1592 1775 1662 βραδυ-

81 1672 178 1743 τὴς
208 1675 268 1727 ἐν
290 1678 366 1746 τῷ
399 1670 654 1747 ἀληθινῷ
684 1671 910 1743 ἀριθμῷ
934 1674 1026 1727 καὶ
1060 1678 1196 1727 πᾶσι
1231 1682 1344 1735 τοῖς
1377 1670 1613 1743 ἀληθέσι
1641 1672 1773 1742 σχή-

82 1772 216 1826 μασι
241 1754 420 1823 φοράς
441 1777 498 1810 τε
518 1754 656 1821 πρὸς
675 1753 885 1824 ἄλληλα
906 1757 1133 1823 φέρεται
1151 1754 1243 1808 καὶ
1273 1756 1339 1807 τοὶ
1361 1752 1559 1808 ἐνόντα
1586 1756 1770 1823 φέρει·

80 1833 117 1891 ἃ
137 1835 203 1906 δὴ
227 1835 374 1908 λόγῳ
394 1837 496 1906 μὲν
515 1836 605 1891 καὶ
629 1839 846 1907 διανοίᾳ
881 1833 1075 1906 ληπτά,
1107 1834 1232 1899 ὄψει
1264 1831 1317 1888 δ’
1346 1831 1442 1888 οὔ·
1473 1829 1511 1904 ἢ
1540 1831 1612 1889 σύ
1645 1841 1772 1900 οἴει;

86 1913 377 1988 Οὐδαμῶς,
398 1922 519 1988 ἔφη.
563 1915 808 1986 Οὐκοῦν,
831 1914 1005 1987 εἷπον,
1025 1921 1091 1989 τῇ
1114 1918 1240 1986 περὶ
1259 1911 1358 1970 τὸν
1377 1914 1628 1985 οὐρανὸν
1645 1935 1774 1971 ποι-

622 147 1112 197 ΠΟΛΙΤΕΙΑΣ
1150 140 1201 206 ζ’.
1675 148 1781 201 219

81 2003 229 2071 κιλίᾳ
249 2003 652 2071 παραδείγμασι
670 2001 937 2069 χρηστέον
967 2003 1063 2068 τῆς
1090 1996 1230 2067 πρὸς
1259 2000 1442 2053 ἐκεῖνα
1471 1997 1774 2068 μαθήσεως

12 2081 46 2118 ³²
80 2083 262 2149 ἕνεκα,
294 2079 496 2152 ὁμοίως
526 2082 711 2150 ὥσπερ
744 2078 815 2136 ἂν
845 2089 898 2136 εἰ
920 2103 999 2145 τις
1029 2079 1247 2151 ἐντύχοι
1273 2077 1383 2135 ὑπὸ
1416 2079 1708 2135 Δαιδάλου
1737 2078 1775 2150 ἤ

13 2126 41 2215 ξ
81 2185 231 2229 τινος
250 2164 426 2220 ἄλλον
445 2168 789 2235 δημιουργοῦ
805 2159 841 2235 ἦ
859 2166 1117 2234 γραφέως
1137 2162 1518 2235 διαφερόντως
1528 2183 1772 2234 γεγραμ-
1803 2185 1837 2226 Ε

80 2249 268 2317 μένοις
296 2247 387 2301 καὶ
413 2248 880 2316 ἐκπεπονημένοις
901 2245 1327 2317 διαγράμμασιν.
1367 2241 1635 2316 ἡγήσαιτο
1664 2242 1772 2313 γὰρ

81 2351 154 2383 αν
173 2329 285 2384 πού
316 2349 395 2392 τις
424 2332 679 2398 ἔμπειρος
710 2333 1060 2399 γεωμετριας,
1090 2327 1229 2384 ἰδών
1257 2325 1324 2382 τά
1351 2333 1598 2397 τοιαῦτα,
1635 2325 1773 2381 κάλ-

82 2418 237 2466 λιστα
258 2409 361 2480 μὲν
377 2413 519 2479 ἔχειν
538 2407 864 2484 ἀπεργασία,
881 2417 1098 2479 γελοῖον
1117 2407 1231 2481 μὴν
1260 2411 1578 2465 ἐπισκοπεῖν
1596 2413 1773 2463 ταῦτα

81 2495 318 2562 σπουδῇ,
354 2490 427 2556 ὥς
462 2491 567 2562 τὴν
597 2490 870 2563 ἀλήθειαν
899 2494 960 2548 ἐν
986 2489 1174 2556 αὐτοῖς
1204 2490 1526 2562 ληψόμενον
1561 2497 1701 2545 ἴσων
1733 2483 1770 2558 ἢ

81 2568 444 2629 διπλασίων”
410 2596 439 2644 η
463 2570 632 2644 ἄλλης
649 2574 797 2638 τινὸς
817 2579 1165 2645 συμμετρίας.
1205 2577 1276 2628 Τί
1290 2570 1448 2628 δὀὐ
1476 2574 1661 2643 μέλλει
1677 2591 1773 2641 γε-
1801 2594 1888 2640 530

80 2661 237 2711 λοτον
266 2652 434 2720 εἶναι,
466 2659 588 2726 ἔφη.
634 2653 778 2729 Τῷ”
747 2678 865 2712 οντι
895 2656 961 2727 δὴ
994 2652 1418 2726 ἀστρονομικόν,
1452 2647 1525 2726 ἦν
1556 2651 1610 2709 δ’
1642 2652 1770 2724 ἐγώ,

79 2734 215 2793 ὄντα
236 2734 340 2792 οὐκ
356 2745 459 2793 οἴει
477 2735 685 2793 ταύτὸν
704 2742 994 2795 πείσεσθαι
1016 2742 1092 2803 εἰς
1110 2737 1206 2803 τὰς
1223 2743 1337 2794 τῶν
1355 2735 1576 2807 ἄστρων
1587 2735 1770 2810 φορὰς

78 2813 490 2890 ἀποβλέποντας
530 2832 744 2891 νομιεῖν
774 2824 894 2891 μέν,
920 2818 992 2885 ὡς
1022 2816 1144 2876 οἷόν
1171 2840 1230 2875 τε
1258 2819 1524 2876 κάλλιστα
1556 2818 1624 2875 τὰ
1652 2839 1771 2875 τοι·
