1962 3236
0 160 1 205 1
58 176 88 221 9
731 168 1112 217 ΤΙΜΛΙΟΣ.
1636 165 1742 219 327

16 292 291 401 ζχρόνοις.
327 300 394 356 τὰ
412 308 557 372 γοῦν
576 307 686 356 νῦν
705 298 772 370 δὴ
792 303 1289 372 γενεαλογηθέντα,
1310 323 1353 356 ω
1334 293 1595 373 Σόλων,
1618 306 1743 399 περὶ

26 389 168 438 τῶν
187 379 323 454 παρ’
347 380 482 454 ὑμῖν
500 380 535 437 ἆ
526 382 799 453 διῆλθες,
833 384 1048 436 παίδων
1065 381 1245 452 βραχύ
1274 404 1326 437 τι
1355 384 1603 453 διαφέρει
1630 383 1744 455 μύ-

51 471 196 534 θων,
218 470 275 519 οἳ
287 470 510 534 πρῶτον
527 463 682 535 μὲν”
650 483 748 517 ενα
768 468 868 532 γῆς
886 461 1278 535 κατακλυσμὸν
1297 466 1585 535 μέμνησθε
1604 471 1745 520 πολ-

51 551 168 600 λῶν
184 549 505 616 ἔμπροσθεν
531 542 862 615 γεγονότων,
884 547 962 597 ἔτι
990 543 1051 599 δὲ
1077 543 1139 600 τὸ
1170 545 1468 602 κάλλιστον
1494 544 1641 601 καὶ
1616 546 1743 616 α’ρι-

55 644 190 683 στου
210 631 372 698 γένος
390 626 475 683 ἐπ’
496 626 840 698 ἀνθρώπους
858 627 921 681 ἐν
939 632 1008 697 τῇ
1028 626 1181 699 χώρᾳ
1211 634 1278 698 τῇ
1305 626 1437 698 παρ’
1471 626 1605 699 ὑμῖν
1636 626 1740 683 οὐκ

53 717 167 765 ἴστε
195 710 444 780 γεγονός,
466 711 520 774 ἐξ
542 701 622 763 ὦν
648 708 720 762 σύ
748 729 805 762 τε
833 710 924 763 καὶ
955 715 1105 763 πᾶσα
1127 707 1162 779 ἡ
1197 709 1358 774 πόλις
1386 714 1500 764 ἔστι
1534 707 1600 765 τὰ
1631 715 1742 764 νῦν
1769 716 1801 759 C
1841 783 1843 785 V

49 788 226 861 ὑμῶν,
247 793 702 860 περιλειφθέντος
721 788 854 845 ποτὲ
874 792 1182 859 σπέρματος
1196 794 1444 861 βραχέος,
1459 788 1573 847 ἀλλ’
1596 789 1742 862 ὑμᾶς

48 874 253 944 λέληθε
284 870 375 928 διὰ
411 871 474 927 τὸ
515 871 647 936 τούς
667 875 1138 971 περιγενομένους
1176 875 1263 927 ἐπὶ
1295 870 1506 936 πολλὰς
1546 872 1742 943 γενεὰς

50 954 335 1025 γράμμασι
359 960 623 1009 τελευτᾶν
648 950 928 1024 ἀφώνους.
967 947 1040 1024 ἦν
1058 953 1167 1024 γὰρ
1187 954 1257 1026 δή
1278 975 1428 1024 ποτε,
1451 976 1493 1009 ω
1514 954 1736 1026 Σόλων,

50 1032 191 1106 ὑπερ
211 1034 313 1106 τὴν
330 1041 595 1132 μεγίστην
608 1035 839 1107 φθοραν
856 1033 1109 1091 ὕδασιν’
1078 1058 1112 1107 η
1135 1042 1245 1091 νῦν
1264 1035 1578 1107 Ἀθηναίων
1596 1029 1741 1092 οὖσα

48 1117 206 1180 πόλις
224 1114 419 1187 α’ρίστη
440 1115 579 1185 πρός
596 1138 653 1171 τε
672 1116 774 1171 τὸν
796 1115 1044 1186 πόλεμον
1073 1118 1165 1171 καὶ
1195 1113 1334 1171 κατὰ
1358 1116 1540 1172 πάντα
1572 1117 1741 1172 εὐνο-

46 1197 267 1268 μωτάτη
288 1194 691 1267 διαφερόντως·
732 1191 771 1268 ᾗ
795 1195 1059 1252 κάλλιστα
1082 1201 1215 1268 ἔργα
1241 1199 1331 1253 καὶ
1355 1205 1624 1254 πολιτεῖαι
1644 1220 1741 1270 γε-

49 1282 249 1335 νέσθαι
273 1280 527 1349 λέγονται
552 1278 840 1334 κάλλισται
868 1284 1082 1349 πασῶν,
1112 1276 1338 1334 ὁπόσων
1366 1285 1476 1334 νῦν
1497 1278 1609 1335 ὑπὸ
1639 1280 1740 1336 τὸν

47 1360 297 1430 οὐρανὸν
341 1357 496 1431 ἡμεῖς
538 1358 715 1430 ἀκοὴν
750 1361 1188 1432 παρεδεξάμεθα.
1247 1359 1516 1426 Ἀκούσας
1564 1356 1672 1416 οὖν
1707 1360 1736 1418 ὁ
1765 1376 1800 1417 D

46 1444 250 1499 Σόλων
269 1446 373 1513 ἔφη
393 1441 681 1512 θαυμάσαι
710 1444 801 1497 καὶ
832 1448 1019 1498 πᾶσαν
1037 1449 1363 1514 προθυμίαν
1381 1447 1525 1514 ἔχειν
1545 1443 1742 1514 δεόμε-

47 1547 145 1589 νος
163 1546 276 1579 των
295 1525 488 1592 ἱερέων
518 1523 700 1579 πάντα
730 1522 802 1579 δι’
839 1522 1122 1596 ἀκριβείας
1152 1528 1210 1580 oc
1231 1547 1298 1580 τα
1330 1527 1456 1595 περὶ
1487 1547 1602 1581 των
1626 1525 1739 1580 πά-

48 1615 139 1663 λαι
159 1611 403 1662 πολιτῶν
424 1608 543 1677 ἑξῆς
568 1610 829 1662 διελθεῖν.
862 1604 964 1662 τόν
983 1609 1089 1662 οὐν
1108 1609 1256 1677 ἱερέα
1276 1607 1475 1677 φάναι·
1505 1605 1737 1671 Φθόνος

47 1689 249 1760 οὐδείς,
272 1712 314 1744 ω
336 1689 558 1757 Σόλων,
579 1687 717 1745 αλλά
740 1696 846 1744 σοῦ
873 1711 932 1745 τε
961 1691 1125 1745 ἕνεκα
1156 1692 1264 1759 ἐρω
1295 1696 1386 1744 καὶ
1408 1695 1505 1761 τῆς
1523 1688 1736 1753 πόλεως

47 1770 228 1843 ὖμων,
248 1771 482 1843 μάλιστα
503 1772 562 1828 δὲ
584 1778 680 1843 τῆς
698 1778 842 1828 θεοῦ
858 1774 1037 1843 χάριν,
1066 1769 1102 1843 ἢ
1121 1770 1224 1843 τήν
1254 1793 1312 1827 τε
1339 1768 1614 1842 ὑμετέραν
1642 1774 1736 1828 και

47 1854 213 1925 τήνδε
232 1858 389 1924 ἔλαχε
416 1855 507 1909 καὶ
533 1858 738 1922 ἔθρεψε
761 1856 850 1908 καὶ
870 1856 1175 1922 ἐπαίδευσε,
1196 1854 1474 1924 προτέραν
1504 1852 1608 1924 μὲν
1635 1850 1738 1924 τὴν

48 1934 179 2005 παρ’
203 1933 335 2006 ὑμῖν
346 1939 486 1990 ἔτεσι
502 1941 709 2006 χιλίοις,
731 1938 790 1991 ἐκ
812 1941 923 2007 Γῆς
934 1958 992 1991 τε
1013 1939 1103 1992 καὶ
1115 1934 1420 2006 ἹΙφαίστου
1437 1934 1499 1992 τὸ
1523 1937 1739 2008 σπέρμα
1770 1950 1804 1991 E

49 2022 453 2088 παραλαβοῦσα
482 2015 661 2087 ὑμῶν,
698 2017 863 2089 τήνδε
893 2020 952 2073 δὲ
991 2014 1245 2088 ὑστέραν.
1300 2023 1398 2090 τῆς
1435 2018 1494 2074 δὲ
1529 2017 1739 2074 ἐνθάδε

49 2099 462 2171 διακοσμήσεως
481 2096 614 2169 παρ’
644 2097 775 2170 ἡμῖν
797 2102 860 2155 ἐν
886 2111 999 2164 τοϊς
1029 2102 1195 2170 ἱεροῖς
1223 2100 1544 2172 γράμμασιν
1572 2097 1738 2155 ὀκτα-

50 2186 333 2250 κισχιλίων
349 2184 488 2235 ἐτῶν
507 2177 748 2251 ἀριθμὸς
764 2184 1079 2251 γέγραπται.
1118 2183 1244 2252 περὶ
1274 2179 1341 2252 δὴ
1372 2186 1487 2237 τῶν
1522 2183 1738 2246 ἑνακις-

53 2266 198 2330 χίλια
226 2260 544 2330 γεγονότων
573 2266 663 2333 ἔτη
689 2269 929 2319 πολιτῶν
963 2280 1051 2319 σοι
1090 2262 1322 2335 δηλώσω
1360 2261 1451 2318 διὰ
1482 2265 1735 2334 βραχέων

49 2342 275 2412 νόμους,
295 2343 385 2396 καὶ
412 2347 527 2396 τῶν
549 2345 729 2414 ἔργων
757 2342 942 2409 αὐτοῖς
972 2341 1004 2399 ὃ
1031 2343 1327 2401 κάλλιστον
1354 2343 1634 2417 ἐπράχθη·
1674 2344 1734 2401 τὸ

50 2423 102 2479 δ’
145 2421 366 2494 ἀκριβὲς
403 2425 526 2492 περὶ
565 2425 792 2480 πάντων
825 2428 1020 2498 ἐφεξῆς
1056 2431 1309 2492 εἰσαῦθις
1353 2425 1492 2483 κατὰ
1532 2428 1738 2499 σχολὴν
1762 2445 1820 2490 24

49 2503 191 2560 αὐτὰ
219 2504 285 2559 τοὶ
317 2505 611 2575 γράμματα
643 2506 905 2576 λαβόντες
934 2511 1183 2579 διέξιμεν.
1237 2508 1369 2574 τοὺς
1387 2509 1489 2579 μὲν
1513 2502 1618 2564 οὖν
1635 2510 1737 2565 νό-

53 2607 193 2657 μους
219 2586 412 2641 σκόπει
436 2585 572 2655 πρὸς
606 2586 736 2651 τούς
771 2592 915 2660 τῇδε.
973 2589 1149 2645 πολλὰ
1181 2587 1290 2661 γὰρ
1320 2594 1735 2662 παραδείγματα

47 2672 164 2724 τῶν
182 2667 304 2723 τότε
325 2667 459 2736 παρ’
484 2666 617 2738 ὑμῖν
640 2668 822 2725 ὅντων
839 2670 1045 2726 ἐνθάδε
1069 2675 1178 2726 νῦν
1206 2668 1548 2743 ἀνευρήσεις,
1577 2677 1737 2743 πρῶ-

49 2770 148 2805 τον
167 2752 271 2821 μὲν
290 2748 350 2805 τὸ
372 2754 485 2804 τῶν
504 2753 697 2820 ἱερέων
715 2755 872 2821 γένος
894 2748 1003 2807 άπὸ
1027 2757 1140 2807 τῶν
1169 2751 1356 2808 ἄλλων
1384 2755 1547 2824 χωρὶς
1573 2751 1736 2826 ἄφω-

51 2835 331 2902 ρισμένον,
361 2832 495 2903 μετὰ
529 2832 584 2887 δὲ
621 2838 786 2888 τοῦτο
814 2834 874 2888 τὸ
914 2838 1028 2889 τῶν
1067 2837 1441 2905 δημιουργῶν,
1473 2832 1558 2892 ὅτι
1594 2837 1730 2898 καθ’
