<?xml version="1.0" encoding="UTF-8"?>
<!DOCTYPE html PUBLIC "-//W3C//DTD XHTML 1.0 Transitional//EN"
    "http://www.w3.org/TR/xhtml1/DTD/xhtml1-transitional.dtd">
<html xmlns="http://www.w3.org/1999/xhtml" xml:lang="en" lang="en">
 <head>
  <title>
</title>
<meta http-equiv="Content-Type" content="text/html;charset=utf-8" />
  <meta name='ocr-system' content='tesseract 3.04.00' />
  <meta name='ocr-capabilities' content='ocr_page ocr_carea ocr_par ocr_line ocrx_word'/>
</head>
<body>
  <div class='ocr_page' id='page_1' title='image "./dialogisecumdumt04platuoft_0460.png"; bbox 0 0 1962 3236; ppageno 0'>
   <div class='ocr_carea' id='block_1_1' title="bbox 34 1326 46 1360">
    <p class='ocr_par' dir='ltr' id='par_1_1' title="bbox 34 1326 46 1360">
     <span class='ocr_line' id='line_1_1' title="bbox 34 1326 46 1360; baseline 0 -30"><span class='ocrx_word' id='word_1_1' title='bbox 34 1326 46 1360; x_wconf 29' lang='lat' dir='ltr'><em>(s</em></span> 
     </span>
    </p>
   </div>
   <div class='ocr_carea' id='block_1_2' title="bbox 178 110 1865 182">
    <p class='ocr_par' dir='ltr' id='par_1_2' title="bbox 178 110 1865 182">
     <span class='ocr_line' id='line_1_2' title="bbox 178 110 1865 182; baseline 0.001 -14"><span class='ocrx_word' id='word_1_2' title='bbox 178 116 287 169; x_wconf 81' lang='lat'><em>424</em></span> <span class='ocrx_word' id='word_1_3' title='bbox 798 119 1271 168; x_wconf 72' lang='grc' dir='ltr'><em>ΠΛΑΤΩΝΟΣ</em></span> <span class='ocrx_word' id='word_1_4' title='bbox 1497 110 1506 118; x_wconf 81' lang='grc'><strong>“</strong></span> <span class='ocrx_word' id='word_1_5' title='bbox 1779 136 1865 182; x_wconf 74' lang='lat'><em>105</em></span> 
     </span>
    </p>
   </div>
   <div class='ocr_carea' id='block_1_3' title="bbox 176 249 1867 737">
    <p class='ocr_par' dir='ltr' id='par_1_3' title="bbox 176 249 1867 470">
     <span class='ocr_line' id='line_1_3' title="bbox 178 249 1864 331; baseline 0.006 -26"><span class='ocrx_word' id='word_1_6' title='bbox 178 249 495 322; x_wconf 78' lang='grc' dir='ltr'><strong><em>μελλόντων</em></strong></span> <span class='ocrx_word' id='word_1_7' title='bbox 521 250 892 324; x_wconf 77' lang='grc' dir='ltr'><em>ῥηθήσεσθαι,</em></span> <span class='ocrx_word' id='word_1_8' title='bbox 918 250 1098 306; x_wconf 79' lang='grc' dir='ltr'><em>πάντα</em></span> <span class='ocrx_word' id='word_1_9' title='bbox 1119 259 1291 308; x_wconf 85' lang='grc' dir='ltr'><em>ταῦτα</em></span> <span class='ocrx_word' id='word_1_10' title='bbox 1313 261 1522 327; x_wconf 78' lang='grc' dir='ltr'><em>εἴρηκα,</em></span> <span class='ocrx_word' id='word_1_11' title='bbox 1555 278 1617 312; x_wconf 92' lang='grc' dir='ltr'><em>ω</em></span> <span class='ocrx_word' id='word_1_12' title='bbox 1627 259 1864 331; x_wconf 79' lang='grc' dir='ltr'><em>Σώκρα-</em></span> 
     </span>
     <span class='ocr_line' id='line_1_4' title="bbox 176 329 1867 409; baseline 0.005 -22"><span class='ocrx_word' id='word_1_13' title='bbox 176 353 279 398; x_wconf 90' lang='grc' dir='ltr'><em>τες.</em></span> <span class='ocrx_word' id='word_1_14' title='bbox 318 336 370 388; x_wconf 80' lang='grc' dir='ltr'><em>εἰ</em></span> <span class='ocrx_word' id='word_1_15' title='bbox 398 329 465 403; x_wconf 88' lang='grc' dir='ltr'><em>δὴ</em></span> <span class='ocrx_word' id='word_1_16' title='bbox 503 334 725 397; x_wconf 80' lang='grc' dir='ltr'><em>δικαίως</em></span> <span class='ocrx_word' id='word_1_17' title='bbox 758 335 928 386; x_wconf 80' lang='grc' dir='ltr'><em>αἰτεῖν</em></span> <span class='ocrx_word' id='word_1_18' title='bbox 960 338 1228 404; x_wconf 88' lang='grc' dir='ltr'><em>φαίνομαι</em></span> <span class='ocrx_word' id='word_1_19' title='bbox 1255 334 1356 406; x_wconf 86' lang='grc' dir='ltr'><em>τὴν</em></span> <span class='ocrx_word' id='word_1_20' title='bbox 1387 337 1678 409; x_wconf 87' lang='grc' dir='ltr'><em>δωρεαν,</em></span> <span class='ocrx_word' id='word_1_21' title='bbox 1651 339 1867 406; x_wconf 88' lang='grc' dir='ltr'><em>εκόντες</em></span> 
     </span>
     <span class='ocr_line' id='line_1_5' title="bbox 178 417 374 470; baseline 0.006 -2"><span class='ocrx_word' id='word_1_22' title='bbox 178 417 374 470; x_wconf 79' lang='grc' dir='ltr'><strong><em>δίδοτε.</em></strong></span> 
     </span>
    </p>

    <p class='ocr_par' dir='ltr' id='par_1_4' title="bbox 176 488 1866 737">
     <span class='ocr_line' id='line_1_6' title="bbox 318 488 1865 570; baseline 0.008 -23"><span class='ocrx_word' id='word_1_23' title='bbox 318 497 378 548; x_wconf 89' lang='lat'><em>11.</em></span> <span class='ocrx_word' id='word_1_24' title='bbox 418 498 541 548; x_wconf 67' lang='lat'><em>252.</em></span> <span class='ocrx_word' id='word_1_25' title='bbox 589 497 657 547; x_wconf 90' lang='grc' dir='ltr'><em>Τί</em></span> <span class='ocrx_word' id='word_1_26' title='bbox 683 491 738 547; x_wconf 77' lang='grc' dir='ltr'><em>δ’</em></span> <span class='ocrx_word' id='word_1_27' title='bbox 765 491 834 549; x_wconf 86' lang='grc' dir='ltr'><em>οὐ</em></span> <span class='ocrx_word' id='word_1_28' title='bbox 862 496 1149 567; x_wconf 87' lang='grc' dir='ltr'><em>μέλλομεν,</em></span> <span class='ocrx_word' id='word_1_29' title='bbox 1183 488 1227 551; x_wconf 77' lang='grc' dir='ltr'><strong><em>ὦ</em></strong></span> <span class='ocrx_word' id='word_1_30' title='bbox 1252 501 1468 570; x_wconf 78' lang='grc' dir='ltr'><em>Κριτία,</em></span> <span class='ocrx_word' id='word_1_31' title='bbox 1499 499 1735 566; x_wconf 86' lang='grc' dir='ltr'><em>διδόναι;</em></span> <span class='ocrx_word' id='word_1_32' title='bbox 1772 505 1865 560; x_wconf 81' lang='grc' dir='ltr'><em>καὶ</em></span> 
     </span>
     <span class='ocr_line' id='line_1_7' title="bbox 177 573 1866 654; baseline 0.006 -24"><span class='ocrx_word' id='word_1_33' title='bbox 177 575 318 644; x_wconf 89' lang='grc' dir='ltr'><em>πρός</em></span> <span class='ocrx_word' id='word_1_34' title='bbox 334 573 392 646; x_wconf 86' lang='grc' dir='ltr'><em>γ’</em></span> <span class='ocrx_word' id='word_1_35' title='bbox 415 579 491 631; x_wconf 81' lang='grc' dir='ltr'><em>ἔτι</em></span> <span class='ocrx_word' id='word_1_36' title='bbox 509 579 674 649; x_wconf 79' lang='grc' dir='ltr'><em>τρίτῳ</em></span> <span class='ocrx_word' id='word_1_37' title='bbox 696 574 942 633; x_wconf 77' lang='grc' dir='ltr'><em>διδόσθω</em></span> <span class='ocrx_word' id='word_1_38' title='bbox 963 574 1169 633; x_wconf 80' lang='grc' dir='ltr'><em>ταύτὸν</em></span> <span class='ocrx_word' id='word_1_39' title='bbox 1187 584 1351 634; x_wconf 85' lang='grc' dir='ltr'><em>τοῦτο</em></span> <span class='ocrx_word' id='word_1_40' title='bbox 1364 576 1717 653; x_wconf 75' lang='grc' dir='ltr'><strong><em>Ἑρμοκράτει</em></strong></span> <span class='ocrx_word' id='word_1_41' title='bbox 1737 583 1866 654; x_wconf 84' lang='grc' dir='ltr'><em>παρ’</em></span> 
     </span>
     <span class='ocr_line' id='line_1_8' title="bbox 176 655 1863 737; baseline 0.007 -27"><span class='ocrx_word' id='word_1_42' title='bbox 176 655 351 729; x_wconf 76' lang='grc' dir='ltr'><em>ἡμῶν.</em></span> <span class='ocrx_word' id='word_1_43' title='bbox 392 659 564 727; x_wconf 84' lang='grc' dir='ltr'><em>δῆλον</em></span> <span class='ocrx_word' id='word_1_44' title='bbox 582 655 708 727; x_wconf 76' lang='grc' dir='ltr'><em>γάρ,</em></span> <span class='ocrx_word' id='word_1_45' title='bbox 731 655 803 722; x_wconf 72' lang='grc' dir='ltr'><em>ὥς</em></span> <span class='ocrx_word' id='word_1_46' title='bbox 822 657 1014 729; x_wconf 81' lang='grc' dir='ltr'><em>ὀλίγον</em></span> <span class='ocrx_word' id='word_1_47' title='bbox 1032 658 1283 731; x_wconf 80' lang='grc' dir='ltr'><em>ὕστερον,</em></span> <span class='ocrx_word' id='word_1_48' title='bbox 1308 659 1443 717; x_wconf 84' lang='grc' dir='ltr'><em>ὅταν</em></span> <span class='ocrx_word' id='word_1_49' title='bbox 1462 661 1637 719; x_wconf 80' lang='grc' dir='ltr'><em>αὐτὸν</em></span> <span class='ocrx_word' id='word_1_50' title='bbox 1656 666 1752 737; x_wconf 80' lang='grc' dir='ltr'><em>δέῃ</em></span> <span class='ocrx_word' id='word_1_51' title='bbox 1771 670 1863 720; x_wconf 83' lang='grc' dir='ltr'><em>λέ-</em></span> 
     </span>
    </p>
   </div>
   <div class='ocr_carea' id='block_1_4' title="bbox 114 737 1864 818">
    <p class='ocr_par' dir='ltr' id='par_1_5' title="bbox 114 737 1864 818">
     <span class='ocr_line' id='line_1_9' title="bbox 114 737 1864 818; baseline 0.007 -28"><span class='ocrx_word' id='word_1_52' title='bbox 114 760 148 803; x_wconf 91' lang='lat' dir='ltr'>B</span> <span class='ocrx_word' id='word_1_53' title='bbox 172 761 313 812; x_wconf 69' lang='grc' dir='ltr'><em>γειν,</em></span> <span class='ocrx_word' id='word_1_54' title='bbox 336 738 726 811; x_wconf 81' lang='grc' dir='ltr'><em>παραιτήσεται</em></span> <span class='ocrx_word' id='word_1_55' title='bbox 750 740 1007 812; x_wconf 81' lang='grc' dir='ltr'><em>καθάπερ</em></span> <span class='ocrx_word' id='word_1_56' title='bbox 1027 739 1205 813; x_wconf 86' lang='grc' dir='ltr'><em>ὑμεῖς·</em></span> <span class='ocrx_word' id='word_1_57' title='bbox 1239 742 1317 798; x_wconf 84' lang='grc' dir='ltr'><em>ἵν’</em></span> <span class='ocrx_word' id='word_1_58' title='bbox 1350 737 1455 799; x_wconf 79' lang='grc' dir='ltr'><em>οὖν</em></span> <span class='ocrx_word' id='word_1_59' title='bbox 1474 746 1665 817; x_wconf 77' lang='grc' dir='ltr'><em>ἑτέραν</em></span> <span class='ocrx_word' id='word_1_60' title='bbox 1686 745 1864 818; x_wconf 75' lang='grc' dir='ltr'><em>ἀρχὴν</em></span> 
     </span>
    </p>
   </div>
   <div class='ocr_carea' id='block_1_5' title="bbox 172 819 1865 1224">
    <p class='ocr_par' dir='ltr' id='par_1_6' title="bbox 172 819 1865 1224">
     <span class='ocr_line' id='line_1_10' title="bbox 174 819 1862 899; baseline 0.002 -20"><span class='ocrx_word' id='word_1_61' title='bbox 174 825 520 893; x_wconf 80' lang='grc' dir='ltr'><em>ἐκπορίζηται</em></span> <span class='ocrx_word' id='word_1_62' title='bbox 531 821 621 876; x_wconf 82' lang='grc' dir='ltr'><em>καὶ</em></span> <span class='ocrx_word' id='word_1_63' title='bbox 632 819 706 893; x_wconf 81' lang='grc' dir='ltr'><em>μὴ</em></span> <span class='ocrx_word' id='word_1_64' title='bbox 727 821 829 893; x_wconf 82' lang='grc' dir='ltr'><em>τὴν</em></span> <span class='ocrx_word' id='word_1_65' title='bbox 842 820 1018 894; x_wconf 82' lang='grc' dir='ltr'><em>αὐτὴν</em></span> <span class='ocrx_word' id='word_1_66' title='bbox 1030 821 1363 896; x_wconf 73' lang='grc' dir='ltr'><em>ἀναγκασθῇ</em></span> <span class='ocrx_word' id='word_1_67' title='bbox 1382 829 1578 899; x_wconf 88' lang='grc' dir='ltr'><em>λέγειν,</em></span> <span class='ocrx_word' id='word_1_68' title='bbox 1599 825 1671 893; x_wconf 77' lang='grc' dir='ltr'><em>ὦς</em></span> <span class='ocrx_word' id='word_1_69' title='bbox 1690 825 1862 899; x_wconf 85' lang='grc' dir='ltr'><em>ὑπαρ-</em></span> 
     </span>
     <span class='ocr_line' id='line_1_11' title="bbox 173 901 1865 979; baseline 0.004 -21"><span class='ocrx_word' id='word_1_70' title='bbox 173 903 377 975; x_wconf 82' lang='grc' dir='ltr'><em>χούσης</em></span> <span class='ocrx_word' id='word_1_71' title='bbox 397 901 551 975; x_wconf 77' lang='grc' dir='ltr'><em>αὐτῷ</em></span> <span class='ocrx_word' id='word_1_72' title='bbox 570 903 904 975; x_wconf 73' lang='grc' dir='ltr'><em>συγγνώμης</em></span> <span class='ocrx_word' id='word_1_73' title='bbox 924 909 1000 970; x_wconf 83' lang='grc' dir='ltr'><em>εἰς</em></span> <span class='ocrx_word' id='word_1_74' title='bbox 1027 905 1149 961; x_wconf 90' lang='grc' dir='ltr'><em>τότε</em></span> <span class='ocrx_word' id='word_1_75' title='bbox 1180 905 1327 961; x_wconf 80' lang='grc' dir='ltr'><em>οὕτω</em></span> <span class='ocrx_word' id='word_1_76' title='bbox 1356 911 1571 978; x_wconf 85' lang='grc' dir='ltr'><em>λεγέτω.</em></span> <span class='ocrx_word' id='word_1_77' title='bbox 1610 912 1865 979; x_wconf 80' lang='grc' dir='ltr'><em>προλέγω</em></span> 
     </span>
     <span class='ocr_line' id='line_1_12' title="bbox 172 979 1862 1060; baseline 0.004 -20"><span class='ocrx_word' id='word_1_78' title='bbox 172 1007 236 1056; x_wconf 89' lang='grc' dir='ltr'><em>γε</em></span> <span class='ocrx_word' id='word_1_79' title='bbox 252 985 382 1058; x_wconf 85' lang='grc' dir='ltr'><em>μήν,</em></span> <span class='ocrx_word' id='word_1_80' title='bbox 406 979 452 1041; x_wconf 76' lang='grc' dir='ltr'><em>ὦ</em></span> <span class='ocrx_word' id='word_1_81' title='bbox 471 990 596 1057; x_wconf 84' lang='grc' dir='ltr'><em>φίλε</em></span> <span class='ocrx_word' id='word_1_82' title='bbox 615 991 829 1058; x_wconf 85' lang='grc' dir='ltr'><em>Κριτία,</em></span> <span class='ocrx_word' id='word_1_83' title='bbox 862 990 947 1042; x_wconf 81' lang='grc' dir='ltr'><em>σοὶ</em></span> <span class='ocrx_word' id='word_1_84' title='bbox 966 985 1067 1058; x_wconf 82' lang='grc' dir='ltr'><em>τὴν</em></span> <span class='ocrx_word' id='word_1_85' title='bbox 1087 994 1191 1043; x_wconf 85' lang='grc' dir='ltr'><em>τοῦ</em></span> <span class='ocrx_word' id='word_1_86' title='bbox 1207 987 1456 1059; x_wconf 82' lang='grc' dir='ltr'><em>θεάτρου</em></span> <span class='ocrx_word' id='word_1_87' title='bbox 1477 990 1750 1060; x_wconf 78' lang='grc' dir='ltr'><em>διάνοιαν,</em></span> <span class='ocrx_word' id='word_1_88' title='bbox 1778 989 1862 1046; x_wconf 80' lang='grc' dir='ltr'><em>ὅτι</em></span> 
     </span>
     <span class='ocr_line' id='line_1_13' title="bbox 175 1064 1865 1144; baseline 0.002 -20"><span class='ocrx_word' id='word_1_89' title='bbox 175 1074 518 1139; x_wconf 89' lang='grc' dir='ltr'><em>θαυμαστως</em></span> <span class='ocrx_word' id='word_1_90' title='bbox 555 1064 584 1122; x_wconf 90' lang='grc' dir='ltr'>ὁ</span> <span class='ocrx_word' id='word_1_91' title='bbox 630 1068 898 1140; x_wconf 87' lang='grc' dir='ltr'><em>πρότερος</em></span> <span class='ocrx_word' id='word_1_92' title='bbox 937 1068 1301 1142; x_wconf 83' lang='grc' dir='ltr'><em>εὐδοκίμηκεν</em></span> <span class='ocrx_word' id='word_1_93' title='bbox 1337 1073 1398 1126; x_wconf 85' lang='grc' dir='ltr'><em>ἐν</em></span> <span class='ocrx_word' id='word_1_94' title='bbox 1431 1067 1584 1126; x_wconf 81' lang='grc' dir='ltr'><em>αὐτω</em></span> <span class='ocrx_word' id='word_1_95' title='bbox 1618 1073 1865 1144; x_wconf 86' lang='grc' dir='ltr'><em>ποιητής,</em></span> 
     </span>
     <span class='ocr_line' id='line_1_14' title="bbox 177 1146 1863 1224; baseline 0.004 -21"><span class='ocrx_word' id='word_1_96' title='bbox 177 1146 318 1204; x_wconf 87' lang='grc' dir='ltr'><em>ω’στε</em></span> <span class='ocrx_word' id='word_1_97' title='bbox 335 1153 432 1220; x_wconf 85' lang='grc' dir='ltr'><em>τῆς</em></span> <span class='ocrx_word' id='word_1_98' title='bbox 451 1148 786 1222; x_wconf 72' lang='grc' dir='ltr'><em>συγγνώμης</em></span> <span class='ocrx_word' id='word_1_99' title='bbox 806 1149 991 1221; x_wconf 81' lang='grc' dir='ltr'><em>δεήσει</em></span> <span class='ocrx_word' id='word_1_100' title='bbox 1010 1150 1160 1216; x_wconf 84' lang='grc' dir='ltr'><em>τινός</em></span> <span class='ocrx_word' id='word_1_101' title='bbox 1182 1168 1270 1206; x_wconf 88' lang='grc' dir='ltr'><em>σοι</em></span> <span class='ocrx_word' id='word_1_102' title='bbox 1288 1151 1629 1224; x_wconf 81' lang='grc' dir='ltr'><em>παμπόλλης,</em></span> <span class='ocrx_word' id='word_1_103' title='bbox 1655 1157 1706 1208; x_wconf 88' lang='grc' dir='ltr'><em>εἰ</em></span> <span class='ocrx_word' id='word_1_104' title='bbox 1729 1154 1863 1223; x_wconf 89' lang='grc' dir='ltr'><em>μέλ-</em></span> 
     </span>
    </p>
   </div>
   <div class='ocr_carea' id='block_1_6' title="bbox 126 1228 1362 1304">
    <p class='ocr_par' dir='ltr' id='par_1_7' title="bbox 126 1228 1362 1304">
     <span class='ocr_line' id='line_1_15' title="bbox 126 1228 1362 1304; baseline 0.002 -19"><span class='ocrx_word' id='word_1_105' title='bbox 126 1230 127 1233; x_wconf 46' lang='lat'>&#39;</span> <span class='ocrx_word' id='word_1_106' title='bbox 173 1235 284 1295; x_wconf 85' lang='grc' dir='ltr'><em>λεις</em></span> <span class='ocrx_word' id='word_1_107' title='bbox 303 1228 442 1287; x_wconf 80' lang='grc' dir='ltr'><em>αὐτὰ</em></span> <span class='ocrx_word' id='word_1_108' title='bbox 462 1228 700 1296; x_wconf 85' lang='grc' dir='ltr'><em>δυνατὸς</em></span> <span class='ocrx_word' id='word_1_109' title='bbox 724 1235 987 1301; x_wconf 88' lang='grc' dir='ltr'><em>γενέσθαι</em></span> <span class='ocrx_word' id='word_1_110' title='bbox 1007 1238 1362 1304; x_wconf 81' lang='grc' dir='ltr'><em>παραλαβεῖν.</em></span> 
     </span>
    </p>
   </div>
   <div class='ocr_carea' id='block_1_7' title="bbox 315 1308 1865 1384">
    <p class='ocr_par' dir='ltr' id='par_1_8' title="bbox 315 1308 1865 1384">
     <span class='ocr_line' id='line_1_16' title="bbox 315 1308 1865 1384; baseline 0.001 -18"><span class='ocrx_word' id='word_1_111' title='bbox 315 1317 422 1367; x_wconf 88' lang='grc' dir='ltr'><em>ΕΡ.</em></span> <span class='ocrx_word' id='word_1_112' title='bbox 468 1308 687 1367; x_wconf 83' lang='grc' dir='ltr'><em>Ταύτὸν</em></span> <span class='ocrx_word' id='word_1_113' title='bbox 705 1311 835 1383; x_wconf 91' lang='grc' dir='ltr'><em>μήν,</em></span> <span class='ocrx_word' id='word_1_114' title='bbox 861 1334 901 1367; x_wconf 92' lang='grc' dir='ltr'><em>ω</em></span> <span class='ocrx_word' id='word_1_115' title='bbox 932 1313 1247 1384; x_wconf 86' lang='grc' dir='ltr'><em>Σωκρατες,</em></span> <span class='ocrx_word' id='word_1_116' title='bbox 1277 1311 1440 1383; x_wconf 86' lang='grc' dir='ltr'><em>καμοὶ</em></span> <span class='ocrx_word' id='word_1_117' title='bbox 1470 1317 1865 1383; x_wconf 82' lang='grc' dir='ltr'><em>παραγγέλλεις</em></span> 
     </span>
    </p>
   </div>
   <div class='ocr_carea' id='block_1_8' title="bbox 117 1390 1864 1466">
    <p class='ocr_par' dir='ltr' id='par_1_9' title="bbox 117 1390 1864 1466">
     <span class='ocr_line' id='line_1_17' title="bbox 117 1390 1864 1466; baseline 0.002 -19"><span class='ocrx_word' id='word_1_118' title='bbox 117 1405 150 1447; x_wconf 85' lang='lat' dir='ltr'><strong>G</strong></span> <span class='ocrx_word' id='word_1_119' title='bbox 178 1392 316 1464; x_wconf 81' lang='grc' dir='ltr'><em>ὅπερ</em></span> <span class='ocrx_word' id='word_1_120' title='bbox 335 1396 492 1466; x_wconf 76' lang='grc' dir='ltr'><em>τῷδε.</em></span> <span class='ocrx_word' id='word_1_121' title='bbox 530 1390 670 1448; x_wconf 87' lang='grc' dir='ltr'><em>αλλα</em></span> <span class='ocrx_word' id='word_1_122' title='bbox 690 1413 798 1464; x_wconf 91' lang='grc' dir='ltr'><em>γαρ</em></span> <span class='ocrx_word' id='word_1_123' title='bbox 819 1390 1173 1464; x_wconf 84' lang='grc' dir='ltr'><em>αθυμοῦντες</em></span> <span class='ocrx_word' id='word_1_124' title='bbox 1191 1393 1391 1464; x_wconf 80' lang='grc' dir='ltr'><em>α’νδρες</em></span> <span class='ocrx_word' id='word_1_125' title='bbox 1421 1393 1576 1450; x_wconf 85' lang='grc' dir='ltr'><em>οὔπω</em></span> <span class='ocrx_word' id='word_1_126' title='bbox 1595 1395 1864 1466; x_wconf 88' lang='grc' dir='ltr'><em>τρόπαιον</em></span> 
     </span>
    </p>
   </div>
   <div class='ocr_carea' id='block_1_9' title="bbox 172 1467 1864 2043">
    <p class='ocr_par' dir='ltr' id='par_1_10' title="bbox 172 1467 1864 1794">
     <span class='ocr_line' id='line_1_18' title="bbox 176 1467 1863 1548; baseline 0 -17"><span class='ocrx_word' id='word_1_127' title='bbox 176 1478 430 1548; x_wconf 83' lang='grc' dir='ltr'><em>ἔστησαν,</em></span> <span class='ocrx_word' id='word_1_128' title='bbox 473 1467 517 1529; x_wconf 76' lang='grc' dir='ltr'><em>ὦ</em></span> <span class='ocrx_word' id='word_1_129' title='bbox 550 1480 773 1545; x_wconf 86' lang='grc' dir='ltr'><em>Κριτία·</em></span> <span class='ocrx_word' id='word_1_130' title='bbox 808 1478 1060 1546; x_wconf 77' lang='grc' dir='ltr'><em>προϊέναι</em></span> <span class='ocrx_word' id='word_1_131' title='bbox 1092 1497 1149 1531; x_wconf 89' lang='grc' dir='ltr'><em>τε</em></span> <span class='ocrx_word' id='word_1_132' title='bbox 1186 1470 1293 1531; x_wconf 77' lang='grc' dir='ltr'><em>οὖν</em></span> <span class='ocrx_word' id='word_1_133' title='bbox 1319 1478 1405 1531; x_wconf 83' lang='grc' dir='ltr'><em>ἐπὶ</em></span> <span class='ocrx_word' id='word_1_134' title='bbox 1433 1473 1533 1531; x_wconf 81' lang='grc' dir='ltr'><em>τὸν</em></span> <span class='ocrx_word' id='word_1_135' title='bbox 1563 1477 1731 1547; x_wconf 87' lang='grc' dir='ltr'><em>λόγον</em></span> <span class='ocrx_word' id='word_1_136' title='bbox 1759 1475 1863 1532; x_wconf 81' lang='grc' dir='ltr'><em>ἆν-</em></span> 
     </span>
     <span class='ocr_line' id='line_1_19' title="bbox 177 1556 1861 1630; baseline -0.002 -14"><span class='ocrx_word' id='word_1_137' title='bbox 177 1561 372 1630; x_wconf 79' lang='grc' dir='ltr'><em>δρείως</em></span> <span class='ocrx_word' id='word_1_138' title='bbox 387 1557 510 1630; x_wconf 83' lang='grc' dir='ltr'><em>χρή,</em></span> <span class='ocrx_word' id='word_1_139' title='bbox 531 1559 622 1615; x_wconf 85' lang='grc' dir='ltr'><em>καὶ</em></span> <span class='ocrx_word' id='word_1_140' title='bbox 640 1557 740 1613; x_wconf 83' lang='grc' dir='ltr'><em>τὸν</em></span> <span class='ocrx_word' id='word_1_141' title='bbox 757 1558 989 1614; x_wconf 82' lang='grc' dir='ltr'><em>Παίωνοὶ</em></span> <span class='ocrx_word' id='word_1_142' title='bbox 1009 1580 1067 1614; x_wconf 89' lang='grc' dir='ltr'><em>τε</em></span> <span class='ocrx_word' id='word_1_143' title='bbox 1086 1560 1176 1614; x_wconf 86' lang='grc' dir='ltr'><em>καὶ</em></span> <span class='ocrx_word' id='word_1_144' title='bbox 1195 1556 1292 1624; x_wconf 77' lang='grc' dir='ltr'><em>τὰς</em></span> <span class='ocrx_word' id='word_1_145' title='bbox 1309 1557 1549 1623; x_wconf 84' lang='grc' dir='ltr'><em>Μούσας</em></span> <span class='ocrx_word' id='word_1_146' title='bbox 1567 1557 1861 1614; x_wconf 80' lang='grc' dir='ltr'><em>ἐπικαλού-</em></span> 
     </span>
     <span class='ocr_line' id='line_1_20' title="bbox 174 1637 1864 1713; baseline 0 -16"><span class='ocrx_word' id='word_1_147' title='bbox 174 1662 347 1713; x_wconf 87' lang='grc' dir='ltr'><em>μενον</em></span> <span class='ocrx_word' id='word_1_148' title='bbox 365 1637 497 1705; x_wconf 80' lang='grc' dir='ltr'><em>τοὺς</em></span> <span class='ocrx_word' id='word_1_149' title='bbox 520 1637 791 1706; x_wconf 75' lang='grc' dir='ltr'><em>παλαιοὺς</em></span> <span class='ocrx_word' id='word_1_150' title='bbox 818 1646 1042 1706; x_wconf 85' lang='grc' dir='ltr'><em>πολίτας</em></span> <span class='ocrx_word' id='word_1_151' title='bbox 1069 1638 1321 1712; x_wconf 74' lang='grc' dir='ltr'><em>ἀγαθοὺς</em></span> <span class='ocrx_word' id='word_1_152' title='bbox 1347 1640 1510 1706; x_wconf 79' lang='grc' dir='ltr'><em>ὄντας</em></span> <span class='ocrx_word' id='word_1_153' title='bbox 1530 1639 1864 1712; x_wconf 78' lang='grc' dir='ltr'><em>ἀναφαίνειν</em></span> 
     </span>
     <span class='ocr_line' id='line_1_21' title="bbox 172 1720 572 1794; baseline 0 -16"><span class='ocrx_word' id='word_1_154' title='bbox 172 1743 231 1780; x_wconf 88' lang='grc' dir='ltr'><em>τε</em></span> <span class='ocrx_word' id='word_1_155' title='bbox 248 1723 340 1779; x_wconf 84' lang='grc' dir='ltr'><em>καὶ</em></span> <span class='ocrx_word' id='word_1_156' title='bbox 358 1720 572 1794; x_wconf 81' lang='grc' dir='ltr'><em>ὑμνεῖν.</em></span> 
     </span>
    </p>

    <p class='ocr_par' dir='ltr' id='par_1_11' title="bbox 172 1798 1863 2041">
     <span class='ocr_line' id='line_1_22' title="bbox 313 1798 1863 1908; baseline 0 -48"><span class='ocrx_word' id='word_1_157' title='bbox 313 1809 424 1861; x_wconf 88' lang='lat' dir='ltr'><em>KP.</em></span> <span class='ocrx_word' id='word_1_158' title='bbox 472 1798 538 1860; x_wconf 78' lang='grc' dir='ltr'><em>Ὦ</em></span> <span class='ocrx_word' id='word_1_159' title='bbox 567 1810 692 1876; x_wconf 85' lang='grc' dir='ltr'><em>φίλε</em></span> <span class='ocrx_word' id='word_1_160' title='bbox 715 1802 1093 1908; x_wconf 74' lang='grc' dir='ltr'><em>Ἐρμόκρατες,</em></span> <span class='ocrx_word' id='word_1_161' title='bbox 1130 1811 1225 1877; x_wconf 86' lang='grc' dir='ltr'><em>τῆς</em></span> <span class='ocrx_word' id='word_1_162' title='bbox 1256 1802 1488 1878; x_wconf 87' lang='grc' dir='ltr'><em>υστέρας</em></span> <span class='ocrx_word' id='word_1_163' title='bbox 1515 1807 1863 1876; x_wconf 84' lang='grc' dir='ltr'><em>τεταγμένος,</em></span> 
     </span>
     <span class='ocr_line' id='line_1_23' title="bbox 173 1880 1862 1959; baseline -0.001 -16"><span class='ocrx_word' id='word_1_164' title='bbox 173 1889 517 1958; x_wconf 78' lang='grc' dir='ltr'><em>ἐπίπροσθεν</em></span> <span class='ocrx_word' id='word_1_165' title='bbox 535 1890 675 1958; x_wconf 82' lang='grc' dir='ltr'><em>ἔχων</em></span> <span class='ocrx_word' id='word_1_166' title='bbox 694 1885 883 1958; x_wconf 78' lang='grc' dir='ltr'><em>ἄλλον,</em></span> <span class='ocrx_word' id='word_1_167' title='bbox 916 1891 995 1943; x_wconf 83' lang='grc' dir='ltr'><em>ἔτι</em></span> <span class='ocrx_word' id='word_1_168' title='bbox 1019 1894 1263 1959; x_wconf 87' lang='grc' dir='ltr'><em>θαρρεῖς.</em></span> <span class='ocrx_word' id='word_1_169' title='bbox 1302 1893 1466 1943; x_wconf 84' lang='grc' dir='ltr'><em>τοῦτο</em></span> <span class='ocrx_word' id='word_1_170' title='bbox 1495 1886 1597 1958; x_wconf 79' lang='grc' dir='ltr'><em>μὲν</em></span> <span class='ocrx_word' id='word_1_171' title='bbox 1616 1880 1722 1943; x_wconf 84' lang='grc' dir='ltr'><em>ουν</em></span> <span class='ocrx_word' id='word_1_172' title='bbox 1740 1883 1862 1943; x_wconf 86' lang='grc' dir='ltr'><em>οἷόν</em></span> 
     </span>
     <span class='ocr_line' id='line_1_24' title="bbox 172 1966 1859 2043; baseline -0.002 -19"><span class='ocrx_word' id='word_1_173' title='bbox 172 1970 341 2038; x_wconf 79' lang='grc' dir='ltr'><em>ἐστιν,</em></span> <span class='ocrx_word' id='word_1_174' title='bbox 375 1966 511 2023; x_wconf 81' lang='grc' dir='ltr'><em>αὐτό</em></span> <span class='ocrx_word' id='word_1_175' title='bbox 543 1986 631 2025; x_wconf 88' lang='grc' dir='ltr'><em>σοι</em></span> <span class='ocrx_word' id='word_1_176' title='bbox 658 1969 794 2040; x_wconf 82' lang='grc' dir='ltr'><em>τάχα</em></span> <span class='ocrx_word' id='word_1_177' title='bbox 830 1969 1090 2041; x_wconf 74' lang='grc' dir='ltr'><em>δηλώσει’</em></span> <span class='ocrx_word' id='word_1_178' title='bbox 1131 1972 1623 2043; x_wconf 82' lang='grc' dir='ltr'><em>παραμυθουμένω</em></span> <span class='ocrx_word' id='word_1_179' title='bbox 1662 1966 1716 2023; x_wconf 82' lang='grc' dir='ltr'><em>δ’</em></span> <span class='ocrx_word' id='word_1_180' title='bbox 1753 1988 1859 2022; x_wconf 93' lang='grc' dir='ltr'><em>ουν</em></span> 
     </span>
    </p>
   </div>
   <div class='ocr_carea' id='block_1_10' title="bbox 112 2045 1862 2122">
    <p class='ocr_par' dir='ltr' id='par_1_12' title="bbox 112 2045 1862 2122">
     <span class='ocr_line' id='line_1_25' title="bbox 112 2045 1862 2122; baseline -0.002 -16"><span class='ocrx_word' id='word_1_181' title='bbox 112 2061 151 2106; x_wconf 88' lang='lat' dir='ltr'>D</span> <span class='ocrx_word' id='word_1_182' title='bbox 177 2052 268 2107; x_wconf 83' lang='grc' dir='ltr'><em>καὶ</em></span> <span class='ocrx_word' id='word_1_183' title='bbox 287 2051 793 2122; x_wconf 83' lang='grc' dir='ltr'><em>παραθαρρύνοντί</em></span> <span class='ocrx_word' id='word_1_184' title='bbox 806 2067 894 2106; x_wconf 91' lang='grc' dir='ltr'><em>σοι</em></span> <span class='ocrx_word' id='word_1_185' title='bbox 914 2053 1180 2120; x_wconf 86' lang='grc' dir='ltr'><em>πειστέον,</em></span> <span class='ocrx_word' id='word_1_186' title='bbox 1194 2052 1285 2106; x_wconf 88' lang='grc' dir='ltr'><em>καὶ</em></span> <span class='ocrx_word' id='word_1_187' title='bbox 1304 2049 1442 2122; x_wconf 83' lang='grc' dir='ltr'><em>πρὸς</em></span> <span class='ocrx_word' id='word_1_188' title='bbox 1454 2045 1534 2114; x_wconf 85' lang='grc' dir='ltr'><em>οἷς</em></span> <span class='ocrx_word' id='word_1_189' title='bbox 1543 2056 1696 2112; x_wconf 89' lang='grc' dir='ltr'><em>θεοῖς</em></span> <span class='ocrx_word' id='word_1_190' title='bbox 1716 2046 1862 2113; x_wconf 83' lang='grc' dir='ltr'><em>εἶπες</em></span> 
     </span>
    </p>
   </div>
   <div class='ocr_carea' id='block_1_11' title="bbox 171 2129 1863 2858">
    <p class='ocr_par' dir='ltr' id='par_1_13' title="bbox 171 2129 1863 2694">
     <span class='ocr_line' id='line_1_26' title="bbox 175 2129 1858 2225; baseline -0.002 -38"><span class='ocrx_word' id='word_1_191' title='bbox 175 2131 307 2198; x_wconf 82' lang='grc' dir='ltr'><em>τούς</em></span> <span class='ocrx_word' id='word_1_192' title='bbox 323 2153 382 2188; x_wconf 91' lang='grc' dir='ltr'><em>τε</em></span> <span class='ocrx_word' id='word_1_193' title='bbox 401 2131 606 2198; x_wconf 76' lang='grc' dir='ltr'><em>ἄλλους</em></span> <span class='ocrx_word' id='word_1_194' title='bbox 627 2135 860 2203; x_wconf 84' lang='grc' dir='ltr'><em>κλητέον</em></span> <span class='ocrx_word' id='word_1_195' title='bbox 879 2132 968 2186; x_wconf 86' lang='grc' dir='ltr'><em>καὶ</em></span> <span class='ocrx_word' id='word_1_196' title='bbox 990 2129 1055 2202; x_wconf 85' lang='grc' dir='ltr'><em>δὴ</em></span> <span class='ocrx_word' id='word_1_197' title='bbox 1086 2135 1178 2187; x_wconf 87' lang='grc' dir='ltr'><em>καὶ</em></span> <span class='ocrx_word' id='word_1_198' title='bbox 1199 2153 1265 2186; x_wconf 93' lang='grc' dir='ltr'><em>τα</em></span> <span class='ocrx_word' id='word_1_199' title='bbox 1285 2132 1520 2202; x_wconf 81' lang='grc' dir='ltr'><em>μάλιστα</em></span> <span class='ocrx_word' id='word_1_200' title='bbox 1542 2130 1858 2225; x_wconf 79' lang='grc' dir='ltr'><em>Μνημοσύ-</em></span> 
     </span>
     <span class='ocr_line' id='line_1_27' title="bbox 173 2209 1856 2286; baseline -0.002 -18"><span class='ocrx_word' id='word_1_201' title='bbox 173 2234 296 2284; x_wconf 90' lang='grc' dir='ltr'><em>νην.</em></span> <span class='ocrx_word' id='word_1_202' title='bbox 334 2212 532 2285; x_wconf 82' lang='grc' dir='ltr'><em>σχεδὸν</em></span> <span class='ocrx_word' id='word_1_203' title='bbox 550 2212 665 2286; x_wconf 82' lang='grc' dir='ltr'><em>γὰρ</em></span> <span class='ocrx_word' id='word_1_204' title='bbox 677 2211 743 2268; x_wconf 82' lang='grc' dir='ltr'><em>τὰ</em></span> <span class='ocrx_word' id='word_1_205' title='bbox 764 2215 988 2284; x_wconf 89' lang='grc' dir='ltr'><em>μέγιστα</em></span> <span class='ocrx_word' id='word_1_206' title='bbox 1009 2209 1140 2282; x_wconf 79' lang='grc' dir='ltr'><em>ἡμῖν</em></span> <span class='ocrx_word' id='word_1_207' title='bbox 1169 2234 1282 2267; x_wconf 92' lang='grc' dir='ltr'><em>των</em></span> <span class='ocrx_word' id='word_1_208' title='bbox 1300 2210 1483 2283; x_wconf 91' lang='grc' dir='ltr'><em>λόγων</em></span> <span class='ocrx_word' id='word_1_209' title='bbox 1510 2213 1572 2267; x_wconf 83' lang='grc' dir='ltr'><em>ἐν</em></span> <span class='ocrx_word' id='word_1_210' title='bbox 1599 2210 1771 2283; x_wconf 82' lang='grc' dir='ltr'><em>ταύτῃ</em></span> <span class='ocrx_word' id='word_1_211' title='bbox 1792 2217 1856 2282; x_wconf 83' lang='grc' dir='ltr'><em>τῇ</em></span> 
     </span>
     <span class='ocr_line' id='line_1_28' title="bbox 171 2291 1858 2371; baseline -0.001 -20"><span class='ocrx_word' id='word_1_212' title='bbox 171 2301 292 2371; x_wconf 74' lang='grc' dir='ltr'><em>θεῷ</em></span> <span class='ocrx_word' id='word_1_213' title='bbox 308 2294 474 2351; x_wconf 80' lang='grc' dir='ltr'><em>πάντ’</em></span> <span class='ocrx_word' id='word_1_214' title='bbox 499 2299 633 2352; x_wconf 86' lang='grc' dir='ltr'><em>ἐστί·</em></span> <span class='ocrx_word' id='word_1_215' title='bbox 671 2299 1013 2368; x_wconf 89' lang='grc' dir='ltr'><em>μνησθέντες</em></span> <span class='ocrx_word' id='word_1_216' title='bbox 1031 2294 1137 2366; x_wconf 82' lang='grc' dir='ltr'><em>γὰρ</em></span> <span class='ocrx_word' id='word_1_217' title='bbox 1161 2298 1363 2361; x_wconf 77' lang='grc' dir='ltr'><em>ἱκανῶς</em></span> <span class='ocrx_word' id='word_1_218' title='bbox 1382 2297 1474 2351; x_wconf 84' lang='grc' dir='ltr'><em>καὶ</em></span> <span class='ocrx_word' id='word_1_219' title='bbox 1495 2291 1858 2366; x_wconf 83' lang='grc' dir='ltr'><em>απαγγείλαν·</em></span> 
     </span>
     <span class='ocr_line' id='line_1_29' title="bbox 172 2374 1862 2450; baseline 0 -19"><span class='ocrx_word' id='word_1_220' title='bbox 172 2396 260 2441; x_wconf 91' lang='grc' dir='ltr'><em>τες</em></span> <span class='ocrx_word' id='word_1_221' title='bbox 277 2375 345 2431; x_wconf 83' lang='grc' dir='ltr'><em>τά</em></span> <span class='ocrx_word' id='word_1_222' title='bbox 374 2395 505 2431; x_wconf 91' lang='grc' dir='ltr'><em>ποτε</em></span> <span class='ocrx_word' id='word_1_223' title='bbox 529 2374 820 2450; x_wconf 69' lang='grc' dir='ltr'><em>ρηθέντα’</em></span> <span class='ocrx_word' id='word_1_224' title='bbox 791 2377 899 2432; x_wconf 87' lang='grc' dir='ltr'><em>υπὸ</em></span> <span class='ocrx_word' id='word_1_225' title='bbox 930 2399 1044 2432; x_wconf 89' lang='grc' dir='ltr'><em>των</em></span> <span class='ocrx_word' id='word_1_226' title='bbox 1063 2380 1256 2448; x_wconf 76' lang='grc' dir='ltr'><em>ἱερέων</em></span> <span class='ocrx_word' id='word_1_227' title='bbox 1285 2377 1376 2433; x_wconf 86' lang='grc' dir='ltr'><em>καὶ</em></span> <span class='ocrx_word' id='word_1_228' title='bbox 1406 2380 1572 2446; x_wconf 83' lang='grc' dir='ltr'><em>δεῦρο</em></span> <span class='ocrx_word' id='word_1_229' title='bbox 1602 2375 1710 2431; x_wconf 84' lang='grc' dir='ltr'><em>ὑπὸ</em></span> <span class='ocrx_word' id='word_1_230' title='bbox 1745 2375 1862 2432; x_wconf 88' lang='grc' dir='ltr'><em>Σό-</em></span> 
     </span>
     <span class='ocr_line' id='line_1_30' title="bbox 175 2456 1862 2534; baseline -0.001 -21"><span class='ocrx_word' id='word_1_231' title='bbox 175 2467 353 2523; x_wconf 88' lang='grc' dir='ltr'><em>λωνος</em></span> <span class='ocrx_word' id='word_1_232' title='bbox 371 2463 709 2530; x_wconf 87' lang='grc' dir='ltr'><em>κομισθέντα</em></span> <span class='ocrx_word' id='word_1_233' title='bbox 729 2460 926 2531; x_wconf 81' lang='grc' dir='ltr'><em>σχεδὸν</em></span> <span class='ocrx_word' id='word_1_234' title='bbox 946 2456 1049 2515; x_wconf 81' lang='grc' dir='ltr'><em>οἷδ’</em></span> <span class='ocrx_word' id='word_1_235' title='bbox 1082 2457 1166 2515; x_wconf 88' lang='grc' dir='ltr'><em>ότι</em></span> <span class='ocrx_word' id='word_1_236' title='bbox 1195 2463 1335 2527; x_wconf 87' lang='grc' dir='ltr'><em>τωδε</em></span> <span class='ocrx_word' id='word_1_237' title='bbox 1363 2466 1441 2534; x_wconf 78' lang='grc' dir='ltr'><em>τῷ</em></span> <span class='ocrx_word' id='word_1_238' title='bbox 1459 2459 1679 2531; x_wconf 85' lang='grc' dir='ltr'><em>θεάτρω</em></span> <span class='ocrx_word' id='word_1_239' title='bbox 1701 2457 1862 2523; x_wconf 84' lang='grc' dir='ltr'><em>δόξο-</em></span> 
     </span>
     <span class='ocr_line' id='line_1_31' title="bbox 176 2516 1863 2613; baseline -0.001 -17"><span class='ocrx_word' id='word_1_240' title='bbox 176 2562 279 2612; x_wconf 86' lang='grc' dir='ltr'><em>μεν</em></span> <span class='ocrx_word' id='word_1_241' title='bbox 314 2563 381 2596; x_wconf 89' lang='grc' dir='ltr'><em>τα</em></span> <span class='ocrx_word' id='word_1_242' title='bbox 420 2540 771 2613; x_wconf 75' lang='grc' dir='ltr'><em>προσήκοντα</em></span> <span class='ocrx_word' id='word_1_243' title='bbox 799 2546 1030 2613; x_wconf 89' lang='grc' dir='ltr'><em>μετρίως</em></span> <span class='ocrx_word' id='word_1_244' title='bbox 1061 2516 1520 2598; x_wconf 80' lang='grc' dir='ltr'><em>αποτετελεκέναι.</em></span> <span class='ocrx_word' id='word_1_245' title='bbox 1572 2538 1725 2597; x_wconf 84' lang='grc' dir='ltr'><em>τοῦτ’</em></span> <span class='ocrx_word' id='word_1_246' title='bbox 1756 2561 1863 2594; x_wconf 93' lang='grc' dir='ltr'><em>ουν</em></span> 
     </span>
     <span class='ocr_line' id='line_1_32' title="bbox 176 2619 1480 2694; baseline 0.002 -18"><span class='ocrx_word' id='word_1_247' title='bbox 176 2619 310 2677; x_wconf 79' lang='grc' dir='ltr'><em>αὐτὸ</em></span> <span class='ocrx_word' id='word_1_248' title='bbox 332 2620 439 2693; x_wconf 86' lang='grc' dir='ltr'><em>ήδη</em></span> <span class='ocrx_word' id='word_1_249' title='bbox 461 2626 745 2692; x_wconf 87' lang='grc' dir='ltr'><em>δραστέον,</em></span> <span class='ocrx_word' id='word_1_250' title='bbox 775 2626 865 2679; x_wconf 84' lang='grc' dir='ltr'><em>καὶ</em></span> <span class='ocrx_word' id='word_1_251' title='bbox 884 2626 1180 2694; x_wconf 89' lang='grc' dir='ltr'><em>μελλητέον</em></span> <span class='ocrx_word' id='word_1_252' title='bbox 1200 2621 1416 2680; x_wconf 82' lang='grc' dir='ltr'><em>οὐδευ”</em></span> <span class='ocrx_word' id='word_1_253' title='bbox 1389 2644 1480 2678; x_wconf 90' lang='grc' dir='ltr'><em>ετι.</em></span> 
     </span>
    </p>

    <p class='ocr_par' dir='ltr' id='par_1_14' title="bbox 176 2698 1860 2858">
     <span class='ocr_line' id='line_1_33' title="bbox 319 2698 1860 2775; baseline -0.002 -18"><span class='ocrx_word' id='word_1_254' title='bbox 319 2706 404 2758; x_wconf 87' lang='grc' dir='ltr'><em>ΠΙ.</em></span> <span class='ocrx_word' id='word_1_255' title='bbox 443 2702 683 2759; x_wconf 92' lang='grc' dir='ltr'><em>Παντων</em></span> <span class='ocrx_word' id='word_1_256' title='bbox 713 2702 777 2775; x_wconf 85' lang='grc' dir='ltr'><em>δη</em></span> <span class='ocrx_word' id='word_1_257' title='bbox 813 2711 1038 2773; x_wconf 74' lang='grc' dir='ltr'><em>πρῶτον</em></span> <span class='ocrx_word' id='word_1_258' title='bbox 1067 2711 1427 2775; x_wconf 75' lang='grc' dir='ltr'><em>μνησθῶμεν,</em></span> <span class='ocrx_word' id='word_1_259' title='bbox 1464 2702 1548 2759; x_wconf 80' lang='grc' dir='ltr'><em>ὅτι</em></span> <span class='ocrx_word' id='word_1_260' title='bbox 1581 2700 1642 2758; x_wconf 85' lang='grc' dir='ltr'><em>τὸ</em></span> <span class='ocrx_word' id='word_1_261' title='bbox 1682 2698 1860 2770; x_wconf 75' lang='grc' dir='ltr'><em>κεφοῖ-</em></span> 
     </span>
     <span class='ocr_line' id='line_1_34' title="bbox 176 2777 1858 2858; baseline -0.001 -21"><span class='ocrx_word' id='word_1_262' title='bbox 176 2790 336 2838; x_wconf 89' lang='grc' dir='ltr'><em>λαιον</em></span> <span class='ocrx_word' id='word_1_263' title='bbox 354 2777 425 2854; x_wconf 79' lang='grc' dir='ltr'><em>ἦν</em></span> <span class='ocrx_word' id='word_1_264' title='bbox 455 2786 787 2856; x_wconf 82' lang='grc' dir='ltr'><em>ἐνακισχίλια</em></span> <span class='ocrx_word' id='word_1_265' title='bbox 806 2790 917 2858; x_wconf 83' lang='grc' dir='ltr'><em>ἔτη,</em></span> <span class='ocrx_word' id='word_1_266' title='bbox 939 2783 1041 2858; x_wconf 79' lang='grc' dir='ltr'><em>ἀφ’</em></span> <span class='ocrx_word' id='word_1_267' title='bbox 1064 2779 1134 2842; x_wconf 81' lang='grc' dir='ltr'><em>οὗ</em></span> <span class='ocrx_word' id='word_1_268' title='bbox 1152 2784 1396 2856; x_wconf 76' lang='grc' dir='ltr'><em>γεγονώς</em></span> <span class='ocrx_word' id='word_1_269' title='bbox 1417 2782 1670 2856; x_wconf 79' lang='grc' dir='ltr'><em>ἐμηνύθη</em></span> <span class='ocrx_word' id='word_1_270' title='bbox 1692 2782 1858 2837; x_wconf 79' lang='grc' dir='ltr'><em>πόλε-</em></span> 
     </span>
    </p>
   </div>
  </div>
 </body>
</html>
