1962 3236
212 190 311 241 126
822 0 1289 303 ΠΛβᾎΝοΣ

212 321 468 394 πῶματός
486 340 563 389 γε.
643 313 894 377 Ουκθῦλί
884 330 1048 377 ποιοῦ
1063 323 1180 422 μέν
1186 346 1333 389 τινος
1363 326 1619 396 πῶματος
1648 327 1809 380 ποιόν
1827 348 1880 381 τι

219 566 396 623 αὐτοῦ
415 563 661 637 πώματος
685 566 863 636 μόνον
883 566 1018 622 αὐτὸ
1051 571 1209 633 δῖψος
1237 570 1512 639 πέφυκεν;
1549 571 1882 624 Παντάπασι

220 650 321 720 μεν
340 639 449 702 οὖν.
499 653 613 701 Τοῦ
636 647 947 714 διψῶντος’
925 647 1032 717 οὲρα
1050 645 1083 719 ἡ
1091 648 1269 750 ψύχη,
1289 647 1424 704 καθ’
1447 647 1583 704 ὅσον
1603 653 1751 720 διψῇ,
1774 646 1878 703 οὐκ

155 742 187 783 Β
222 729 344 785 ἄλλα
379 752 431 784 τι
467 729 724 801 βούλεται
760 726 795 799 ἢ
825 741 985 796 πιεῖν,
1017 732 1108 784 καὶ
1144 730 1349 785 τούτου
1386 729 1630 800 ὀρέγεται
1667 732 1756 785 καὶ
1793 731 1879 785 ἐπὶ

214 818 371 866 τοῦτο
385 808 544 884 ὁρμᾷ.
565 816 758 881 Δῆλον
777 811 860 882 δή.
884 808 1111 866 Οὐκοῦν
1133 820 1189 867 εἴ
1202 817 1334 867 ποτέ
1352 835 1403 866 τι
1423 810 1600 882 αὐτὴν
1623 810 1882 867 ἀνθέλκει

209 895 479 961 διψῶσαν,
501 893 689 961 ἕτερον
718 890 789 946 ἄν
818 913 868 946 τι
899 895 959 947 ἐν
991 890 1131 963 αὐτῇ
1164 901 1246 963 εἴη
1278 892 1454 959 αὐτοῦ
1477 900 1579 948 τοῦ
1609 897 1878 956 διψῶντος

207 974 298 1029 καὶ
315 972 550 1043 ἄγοντος
569 971 752 1041 ῶσπερ
764 977 968 1044 θηρίον
980 974 1066 1027 ἐπὶ
1085 970 1145 1027 τὸ
1170 985 1341 1038 πιεϊν;
1364 972 1432 1028 ού
1450 971 1557 1044 γὰρ
1581 975 1663 1043 δή,
1678 974 1874 1041 φαμέν,

205 1054 269 1110 τό
299 1077 361 1124 γε
393 1052 527 1109 αὐτὸ
559 1059 635 1126 τῶ
664 1052 816 1125 αὐτῷ
846 1054 1045 1108 ἑαυτοῦ
1075 1057 1196 1122 περὶ
1220 1052 1280 1109 τὸ
1313 1052 1445 1109 αύτό
1473 1053 1585 1124 ἅμα
1615 1051 1875 1108 τάναντία

208 1136 451 1204 πράττοι.
496 1132 582 1189 Ού
600 1132 709 1207 γὰρ
730 1129 850 1190 οὖν.
877 1134 1086 1202 Ὥισπερ
1107 1157 1185 1204 γε,
1218 1133 1382 1206 οἶμαι,
1416 1141 1518 1190 τοῦ
1551 1134 1779 1199 τοξότου
1809 1130 1878 1188 ού

205 1217 512 1286 ’καλῶς’ἔχει
531 1218 728 1286 λέγειν,
752 1215 836 1271 ὅτι
854 1215 1030 1272 αὐτοῦ
1050 1215 1161 1287 ἅμα
1180 1220 1239 1271 αἰ
1253 1228 1424 1286 χεῖρες
1442 1218 1502 1272 τὸ
1531 1216 1693 1282 τόξον
1721 1213 1874 1269 ἄπω-

203 1303 448 1354 θοῦνταί
462 1318 519 1352 τε
538 1299 627 1352 καὶ
651 1301 1064 1367 προσέλκονται,
1096 1296 1215 1353 ἀλλ’
1250 1297 1334 1353 ὅτι
1362 1298 1497 1368 ἄλλη
1528 1299 1628 1368 μὲν
1652 1294 1686 1366 ἡ
1719 1296 1873 1350 ἄπω-

202 1384 390 1435 θοῦσα
407 1381 539 1447 χείρ,
561 1377 713 1447 ἑτέρα
733 1381 791 1432 δὲ
809 1375 841 1448 ἡ
862 1382 1261 1480 προσαγομένη.
1282 1378 1610 1433 Παντάπασι
1629 1378 1728 1448 μὲν
1750 1369 1868 1443 οῦν,

140 1468 171 1510 G
207 1463 328 1530 ἔφη.
378 1458 628 1528 Πότερον
661 1457 727 1530 δὴ
759 1461 951 1529 φῶμέν
978 1481 1130 1523 τινας
1158 1463 1307 1514 ἔστιν
1345 1459 1435 1514 ὅτε
1466 1463 1741 1524 διψῶντας
1772 1455 1874 1511 οὐκ

203 1543 418 1597 ἐθέλειν
446 1551 615 1606 πιεῖν,
651 1543 759 1595 Καὶ
787 1540 930 1610 μαλα
948 1540 1020 1610 γ’,
1055 1546 1176 1611 ἔφη,
1212 1539 1454 1605 πολλοὺς
1481 1543 1571 1596 καὶ
1600 1538 1873 1602 πολλακις.

208 1626 278 1677 Τί
292 1615 414 1689 οὖν,
434 1625 575 1692 ἔφην
599 1622 724 1691 ε’γῶ,
751 1628 884 1693 φαίη
904 1644 982 1687 τις
1010 1619 1081 1677 ἄν
1109 1622 1325 1678 τούτων
1353 1625 1502 1693 πέρι;
1541 1619 1643 1677 οὐκ
1673 1623 1873 1676 ἐνεῖναι

203 1705 306 1775 μὲν
325 1705 386 1758 ἐν
405 1710 472 1775 τῇ
490 1711 637 1775 ψυχῇ
657 1702 843 1759 αὐτῶν
871 1701 931 1759 τὸ
969 1711 1214 1770 κελεῦον,
1245 1707 1448 1760 ἐνεῖναι
1477 1703 1536 1759 δε
1562 1701 1621 1758 τὸ
1655 1707 1875 1756 κωλῦον

206 1797 369 1854 πιεῖν,
385 1784 517 1840 ἄλλο
539 1781 606 1840 ὂν
625 1788 714 1840 καὶ
734 1792 976 1854 κρατοῦν
996 1794 1096 1840 τοῦ
1115 1787 1463 1850 κελεύοντος·
1450 1826 1464 1852 ,
1487 1783 1729 1855 ’Ἐμοιγε,
1750 1786 1873 1852 ἐφη,

205 1869 370 1923 δοκεῖ.
401 1860 517 1935 ’Ap'
540 1860 644 1921 οὖν
665 1865 734 1923 ού
752 1864 812 1922 τὸ
834 1889 935 1937 μεν
965 1874 1185 1923 κωλῦον
1201 1890 1266 1923 τα
1295 1873 1520 1923 τοιαῦτα
1552 1868 1871 1936 ἐγγίγνεται,

138 1962 173 2002 D
208 1946 342 2003 ὅταν
363 1949 659 2019 ἐγγένηται,
682 1950 741 2003 ἐκ
776 1956 1062 2020 λογισμοῦ,
1100 1949 1166 2003 τὰ
1199 1951 1256 2004 δὲ’
1286 1947 1491 2018 α’γοντα
1527 1949 1616 2001 καὶ
1645 1946 1872 1999 ἕλκοντα

203 2026 293 2084 διὰ
315 2030 663 2100 παθημάτων
682 2051 739 2084 τε
759 2033 846 2084 καὶ
868 2031 1195 2100 νοσημάτων
1215 2036 1630 2097 παραγίγνεται;
1669 2029 1870 2078 Φαίνε-

202 2131 304 2164 ται.
347 2107 433 2164 Ού
461 2108 528 2181 δὴ
549 2107 776 2180 ἀλόγως,
797 2103 868 2180 ἦν
899 2108 952 2164 δ’
980 2111 1104 2179 ἐγώ,
1138 2108 1442 2178 ἀξιώσομεν
1471 2104 1612 2161 αὐτοὶ
1640 2104 1787 2160 διττά
1814 2125 1872 2157 τε

205 2191 296 2244 καὶ
325 2191 483 2256 ἕτερα
510 2188 763 2260 ἀλλήλων
792 2189 947 2262 εἶναι,
974 2189 1034 2245 τὸ
1067 2190 1168 2259 μὲν
1198 2182 1242 2262 ᾧ
1271 2193 1534 2257 λογίζεται
1562 2183 1873 2256 λογιστικὸν

206 2272 713 2341 προσαγορεύοντες
732 2277 827 2342 τῆς
850 2278 1041 2342 ψυχῆς,
1062 2268 1121 2325 τὸ
1144 2269 1203 2325 δὲ
1223 2263 1269 2324 ῶ
1289 2273 1384 2342 ε’ρᾷ
1406 2291 1463 2323 τε
1493 2271 1583 2323 καὶ
1603 2273 1762 2338 πεινῇ
1781 2267 1871 2321 καὶ

203 2354 337 2423 διψῇ
357 2354 446 2408 καὶ
466 2355 588 2420 περὶ
606 2375 704 2417 τας
720 2353 889 2417 αλλας
904 2355 1196 2422 ἐπιθυμίας
1221 2351 1474 2420 ἐπτόηται
1503 2347 1794 2420 ἀλόγιστόν
1813 2368 1870 2402 τε

201 2434 293 2488 καὶ
313 2434 729 2504 ἐπιθυμητικόν,
756 2433 1092 2505 πληρώσεών
1111 2455 1279 2487 τινων
1298 2455 1389 2488 και
1372 2430 1668 2503 ἡδονῶν
1641 2442 1869 2498 εταῖρον.

139 2528 173 2570 E
208 2513 346 2585 Ούκ,
367 2513 489 2570 ἀλλ’
513 2514 751 2585 εἰκότως,
784 2520 905 2585 ἔφη,
935 2512 1192 2585 ἡγοίμεθ’
1221 2512 1292 2569 α“ν
1321 2513 1511 2577 ούτως.
1562 2519 1745 2567 Ταῦτα
1768 2511 1871 2581 μεν

202 2601 412 2665 τοίνυν,
434 2590 505 2667 ἦν
527 2593 577 2651 δ’
602 2597 727 2667 ἐγώ,
752 2596 902 2651 δύο’
872 2608 1002 2667 ημῖν
1022 2594 1246 2666 ῶρισθω
1261 2598 1424 2666 εἰδη’
1397 2618 1458 2651 εν
1480 2601 1628 2665 ψυχῇ
1647 2593 1864 2647 ἐνόντα·

201 2675 261 2731 τὸ
284 2676 343 2731 δὲ
364 2674 430 2746 δὴ
450 2681 551 2731 τοῦ
571 2683 766 2746 θυμοῦ
795 2679 886 2733 καὶ
918 2679 960 2750 ςὸ
994 2679 1334 2747 θυμούμεθα
1362 2675 1598 2745 πότερον
1625 2677 1807 2772 τρίτον
1832 2665 1870 2740 ἦ

201 2756 416 2810 τούτων
434 2760 645 2830 ποτέρω
667 2754 739 2812 ἂν
759 2766 840 2829 εἴη
863 2757 1131 2828 ὁμοφυές;
1159 2757 1330 2827 Ἴσως,
1354 2763 1474 2826 ἔφη,
1497 2761 1574 2810 τῶ
1593 2755 1771 2824 ετέρω,
1791 2756 1870 2805 τῶ

202 2837 594 2910 ἐπιθυμητικῷ.
633 2836 794 2907 Ἀλλ’,
816 2833 889 2908 ἦν
913 2837 962 2892 δ’
987 2839 1112 2908 ἐγώ,
1134 2838 1262 2893 ποτὲ
1283 2836 1522 2899 οἰκούσας
1551 2857 1601 2888 τι
1631 2834 1868 2888 πιστεύω

1933 314 1962 410 ἵ

216 407 306 463 καὶ
336 408 509 470 δῖψος,
542 403 720 503 δῖψος
729 393 778 459 θ’
812 399 917 458 οῦν
947 401 1079 459 αὐτὸ
1111 404 1238 459 οὔτε
1268 412 1477 461 πολλοῦ
1508 404 1635 462 οὔτε
1666 403 1874 476 ὀλίγου,

222 487 349 544 οὔτε
369 483 591 554 ἀγαθοῦ
610 478 731 541 Φύτε
746 493 952 585 zanoa,
976 484 1098 541 οὐδ’
1122 489 1201 542 ἐνὶ
1222 487 1366 588 λόγω
1387 494 1551 542 ποιοῦ
1570 488 1733 557 τινός,
1754 485 1877 543 αλλ’
1893 531 1898 545 ι,
