1962 3236
205 159 274 212 88
805 162 1286 211 ΠΛΑΤΩΝΟΣ

208 293 302 365 δή;
336 296 446 349 Καὶ
465 289 594 361 παρ’
614 289 873 395 Ὁμήρου,
892 286 963 363 ἦν
982 291 1031 348 δ’
1054 293 1161 362 ἐγώ
1173 335 1188 364 ,
1210 293 1278 349 τά
1294 316 1357 364 γε
1376 304 1601 352 τοιαῦτα
1619 300 1794 369 μάθοι
1813 300 1889 357 ἄν
1960 365 1962 370 .

205 396 299 440 τις.
322 374 490 431 οἶσθα
508 373 615 446 γὰρ
636 372 720 430 ὅτι
739 376 825 429 ἐπὶ
832 379 1126 474 στρατείας
1143 377 1203 430 ἐν
1221 386 1338 440 ταῖς
1355 382 1470 432 τῶν
1487 375 1687 483 ἡρώων
1706 381 1885 436 ἑστιά-

145 467 176 509 G
207 471 359 512 σεσιν
381 455 509 511 ούτε
530 455 755 526 ἰχθύσιν
775 453 978 519 αὐτοὺς
996 456 1164 529 ἑστιᾷ,
1195 458 1287 512 καὶ
1318 464 1491 513 ταῦτα
1522 461 1608 515 ἐπὶ
1635 460 1886 534 θαλάττῃ

204 540 264 593 ἐν
277 533 705 608 Ἑλλησπόντω’
683 536 866 605 ὄντας,
897 535 1024 592 οὔτε
1055 538 1251 608 ἑφθοῖς
1279 541 1505 609 κρέασιν
1535 539 1672 597 ἀλλὰ
1703 542 1884 612 μόνον

144 648 148 653 f
205 618 407 688 ὀπτοῖς,
446 617 483 673 ἃ
519 616 585 688 δὴ
621 615 829 688 μάλιστ’
870 616 941 673 ἂν
971 626 1051 689 εἴη
1082 621 1437 690 στρατιώταις
1467 621 1702 693 εύπορα·
1740 644 1874 680 παν-

206 705 375 770 ταχοῦ
394 698 521 770 γάρ,
545 697 617 764 ῶς
636 704 765 764 ἔπος
783 703 971 769 εἰπεῖν,
1003 698 1157 755 αὐτῶ
1182 708 1260 774 τῷ
1281 704 1414 772 πυρὶ
1442 710 1683 774 χρῆσθαι
1714 702 1883 760 εὐπο-

205 781 449 853 ρώτερον
483 777 520 853 ἢ
557 780 749 853 ἀγγεῖα
776 783 1213 854 ξυμπεριφέρειν.
1249 785 1358 840 Καὶ
1389 785 1550 855 μάλα.
1594 785 1742 842 Ούδε
1771 783 1890 857 μὴν

202 861 556 936 ἡδυσμάτων,
597 860 669 928 ῶς
714 865 936 936 ἐγςόμαι,
973 862 1212 934 Όμηρος
1263 865 1483 920 πώποτε
1530 865 1807 937 ἐμνήσθη·
1847 861 1883 936 ἢ

203 951 366 1002 τοῦτο
393 945 493 1017 μὲν
521 947 613 1002 καὶ
639 948 697 1001 οἱ
719 944 878 1000 ἄλλοι
914 942 1142 1015 ἀσκηταὶ
1172 951 1372 1015 ἴσασιν,
1410 943 1495 1000 ὅτι
1523 951 1602 1018 τῷ
1628 946 1883 1015 μέλλοντι

203 1028 414 1099 στόματι
443 1049 506 1083 ευ
537 1029 677 1093 ἕξειν
705 1025 976 1097 ἀφεκτέον
1005 1031 1118 1082 τῶν
1146 1027 1416 1083 τοιούτων
1445 1024 1740 1095 ἀπάντων;
1773 1029 1884 1084 Καὶ

138 1123 173 1165 D
206 1106 394 1180 ὀρθῶς
422 1131 503 1181 γε,
534 1114 658 1180 ἔφη,
697 1115 850 1165 ἴσασί
874 1130 932 1165 τε
954 1110 1044 1165 καὶ
1073 1107 1380 1181 ἀπέχονται.
1421 1116 1782 1181 Συρακοσίαν
1804 1114 1882 1182 δέ,

205 1187 250 1249 ὦ
270 1200 414 1264 φίλε,
435 1192 711 1264 τράπεζαν
730 1194 821 1253 καὶ
839 1191 1140 1263 Σικελικὴν
1166 1197 1446 1248 ποικιλίαν
1473 1192 1636 1263 ὄψου,
1669 1191 1741 1258 ὡς
1771 1197 1881 1250 ἔοι-

203 1297 319 1345 κας,
342 1272 446 1330 οὐκ
476 1279 659 1345 αἰνεῖς,
693 1281 845 1342 εἴπερ
878 1290 965 1329 σοι
993 1279 1164 1328 ταῦτα
1194 1277 1349 1329 δοκεῖ
1376 1270 1563 1345 ὀρθῶς
1598 1278 1756 1344 ἔχειν.
1796 1274 1885 1331 Ού

203 1379 296 1428 μοι
319 1360 480 1412 δοκῶ.
521 1359 718 1425 Ψέγεις
748 1354 856 1427 ἄρα
886 1358 975 1411 καὶ
994 1360 1310 1424 Κορινθίαν
1338 1355 1514 1426 κόρην
1544 1360 1712 1426 φίλην
1742 1354 1882 1411 εἶναι

205 1436 443 1506 ἀνδράσι
480 1439 778 1506 μέλλουσιν
815 1441 878 1492 εὐ
918 1436 1168 1508 σώματος
1204 1437 1359 1502 ἕξειν.
1415 1437 1746 1492 Παντάπασι
1781 1437 1886 1507 μὲν

204 1514 323 1575 οὖν.
368 1519 595 1575 Οὐκοῦν
614 1522 705 1575 καὶ
729 1518 988 1576 Ἀττικῶν
1017 1519 1317 1590 πεμμάτων
1335 1517 1432 1583 τὰς
1452 1519 1724 1584 δοκούσας
1745 1517 1884 1574 εἶναι

204 1598 530 1666 εὐπαθείας;
578 1599 830 1672 Ἀνάγκη.
875 1600 1046 1672 Ὅλην
1093 1601 1219 1671 γάρ,
1268 1599 1436 1672 οἶμαι,
1478 1599 1582 1673 τὴν
1619 1601 1884 1671 τοιαύτην

204 1687 419 1753 σίτησιν
458 1685 550 1738 καὶ
587 1686 802 1738 δίαιταν
839 1688 904 1755 τῆ
940 1688 1226 1755 μελοποιίᾳ
1265 1704 1322 1738 τε
1348 1684 1438 1738 καὶ
1462 1679 1581 1757 ςόδῇ
1606 1689 1672 1754 τῇ
1708 1684 1768 1738 ἐν
1804 1687 1880 1756 τῷ

143 1783 176 1823 Ε
209 1768 567 1836 παναρμονίῳ
589 1766 680 1819 καὶ
708 1767 768 1819 ἐν
786 1770 920 1819 πᾶσι
939 1767 1177 1835 ῥυθμοῖς
1196 1765 1533 1837 πεποιημένῃ
1554 1763 1881 1830 ἀπεικάζον-

202 1866 289 1909 τες
324 1842 511 1914 ὀρθῶς
547 1840 619 1900 ἀν
656 1842 1056 1915 ἀπεικάζοιμεν.
1093 1850 1235 1911 Πῶς
1250 1846 1356 1917 γὰρ
1383 1846 1477 1911 οὕς
1515 1844 1745 1902 Οὐκοῦν
1775 1847 1892 1900 ἐκεῖ

203 1926 305 1996 μὲν
330 1922 678 1981 ἀκολασίαν’
650 1949 683 1996 η
705 1931 945 1982 ποικιλια
974 1927 1261 1997 ἐνέτικτεν,
1287 1929 1531 1982 ἐνταῦθα
1551 1927 1611 1982 δὲ
1635 1925 1827 1995 νόσον,
1847 1947 1881 1995 η

206 2008 265 2063 δε
291 2004 533 2078 ἁπλότης
563 2007 700 2062 κατὰ
729 2009 832 2078 μὲν
860 2005 1134 2107 μουσικὴν
1163 2009 1223 2061 ἐν
1250 2017 1448 2076 ψυχαῖς
1483 2006 1878 2078 σωφροσύνην,

204 2086 342 2143 κατὰ
365 2087 424 2143 δὲ
440 2088 821 2158 γυμναστικὴν
849 2091 908 2142 ἐν
939 2087 1190 2157 σώμασιν
1217 2084 1460 2157 ὑγίειαν;
1490 2085 1877 2157 Ἀληθέστατα,

87 2182 172 2227 405
203 2172 326 2239 ἔφη.
359 2166 676 2233 ’Λκολασίας
697 2171 754 2224 δε
775 2170 865 2224 καὶ
893 2168 1079 2224 νόσων
1098 2174 1480 2239 πληθυουσῶν
1510 2170 1568 2223 ἐν
1598 2167 1755 2222 πόλει
1786 2165 1875 2236 ἀρ’

203 2248 272 2306 ού
292 2248 615 2320 δικαστήριά
635 2271 690 2305 τε
711 2252 802 2305 καὶ
830 2254 1038 2319 ἰατρεῖα
1067 2247 1242 2305 πολλὰ
1275 2248 1571 2320 ἀνοίγεται,
1606 2251 1697 2304 καὶ
1722 2252 1880 2303 δικα-

203 2331 330 2402 νική
349 2353 406 2386 τε
437 2333 528 2386 καὶ
547 2330 757 2401 ἰατρικὴ
788 2331 1174 2402 σεμνύνονται,
1205 2330 1340 2386 ὅταν
1369 2328 1435 2401 δὴ
1475 2332 1568 2386 καὶ
1598 2328 1884 2399 ἐλεύθεροι

204 2413 396 2468 πολλοὶ
432 2413 522 2467 καὶ
557 2412 777 2482 σφόδρα
806 2413 931 2481 περὶ
968 2410 1104 2467 αὐτοὶ
1137 2412 1546 2477 σπουδάζωσιν;
1584 2415 1652 2465 Τί
1673 2407 1780 2480 γὰρ
1814 2405 1883 2463 ού

204 2497 414 2564 μέλλεις

346 2578 475 2629 XIV.
518 2579 625 2645 Τῆς
645 2572 703 2629 δὲ
723 2581 892 2645 κακῆς
912 2596 969 2629 τε
995 2576 1083 2630 καὶ
1114 2579 1340 2645 αἰσχρᾶς
1368 2577 1616 2637 παιδείας
1645 2575 1705 2627 ἐν
1726 2571 1889 2626 πόλει-

206 2650 313 2724 ἀρα
350 2656 424 2726 μή
460 2678 511 2710 τι
547 2660 728 2726 μεῖζον
764 2658 897 2722 ἕξεις
925 2662 1115 2727 λαβεῖν
1153 2655 1466 2727 τεκμήριον,
1504 2649 1541 2723 ἦ
1568 2651 1629 2708 τὸ
1664 2655 1883 2707 δεῖσθαι

207 2741 412 2803 ἰατρῶν
430 2740 520 2792 καὶ
542 2741 816 2793 δικαστῶν
837 2736 1043 2806 ἄκρων,
1069 2735 1141 2808 μὴ
1173 2737 1354 2808 μόνον
1383 2733 1514 2799 τούς
1540 2731 1793 2803 φαύλους
1823 2753 1884 2787 τε

206 2818 297 2871 καὶ
333 2819 694 2887 χειροτέχνας,
735 2817 872 2873 ἀλλά
919 2820 1009 2873 καὶ
1054 2816 1185 2882 τοὺς
1225 2820 1285 2873 ἐν
1332 2816 1611 2885 ἐλευθέρῳ
1655 2813 1882 2883 σχήματι
