1962 3236
649 175 1132 224 ΠΟΛΙΤΕΙΑΣ
1167 169 1228 225 α’.
1699 174 1767 228 19

85 308 209 379 ἄρτι
226 312 423 380 ἔλεγες,
442 309 682 379 πότερον
699 306 1063 380 χρηματιστής
1081 308 1229 363 ἐστιν
1246 305 1282 379 ἢ
1304 315 1418 364 τῶν
1436 309 1768 380 καμνόντων

85 390 460 462 θεραπευτήςς
498 391 590 446 καὶ
625 392 746 459 λέγε
782 387 883 445 τόν
918 394 995 462 τῷ
1034 387 1154 445 ὄντι
1190 387 1385 459 ἰατρὸν
1422 389 1572 447 ὄντα.
1636 396 1764 446 Τῶν

86 472 445 542 καμνόντων,
465 476 601 542 ἔφη,
623 469 985 541 θεραπευτής.
1047 475 1118 525 Τί
1130 469 1189 525 δὲ
1206 472 1579 543 κυβερνήτης,
1614 469 1643 527 ὁ
1665 469 1767 540 ὄρ-

83 559 204 618 θῶς
220 551 559 624 κυβερνήτης
579 556 801 605 ναυτῶν
820 548 1007 620 ἅρχων
1024 551 1172 606 ἐστὶν
1189 546 1227 620 ἦ
1245 551 1481 622 ναύτης,
1519 558 1766 607 Ναυτῶν

85 633 284 704 ἄρχων.
322 629 525 701 Οὐδέν,
546 630 720 702 οἶμαι,
740 636 906 686 τοῦτο
928 629 1351 703 ὑπολογιστέον,
1372 632 1458 689 ὅτι
1478 640 1606 690 πλεῖ
1618 637 1678 690 έν
1695 639 1762 707 τῇ
1792 643 1828 684 D

85 719 202 784 νηΐ,
241 709 362 768 οὐδ’
384 714 495 768 ἐστὶ
514 716 739 783 κλητέος
757 712 988 783 ναύτης·
1028 710 1096 767 οὗ
1117 713 1224 782 γὰρ
1244 713 1382 770 κατὰ
1401 713 1463 771 τὸ
1484 722 1643 772 πλεῖν
1661 736 1766 771 κυ-

83 794 353 866 βερνήτης
381 801 652 863 καλεῖται,
698 792 838 850 ἀλλὰ
867 792 1005 849 κατὰ
1035 794 1140 864 τὴν
1166 799 1367 867 τέχνην
1395 798 1486 853 καὶ
1514 795 1616 868 τὴν
1653 804 1779 868 τῶν,

84 883 306 932 ναυτῶν
342 873 530 947 ἀρχήν.
592 877 817 948 Ἀληθῆ,
856 880 978 947 ἔφη.
1037 873 1266 931 Οὐκοῦν
1302 876 1512 951 ἑκάστῳ
1548 878 1766 933 τούτων

85 962 197 1012 ἔστι
225 979 277 1012 τι
306 960 615 1027 ξυμφέρον;
653 958 818 1012 Πάνυ
835 979 915 1027 γε.
973 955 1059 1013 Οὐ
1078 959 1166 1012 καὶ
1187 956 1220 1028 ἡ
1240 959 1429 1030 τέχνη,
1472 951 1543 1029 ἦν
1564 956 1616 1014 δ’
1638 958 1764 1029 ἐγώ,

84 1038 171 1093 ἐπὶ
190 1038 368 1111 τούτῳ
388 1043 663 1108 πέφυκεν,
686 1040 772 1094 ἐπὶ
796 1046 873 1112 τῷ
892 1039 951 1094 τὸ
973 1041 1257 1110 ξυμφέρον
1283 1038 1493 1111 ἑκάστῳ
1515 1043 1691 1110 ζητεῖν
1707 1060 1766 1095 τε

83 1119 173 1174 καὶ
192 1120 524 1189 έκποριζειν;
555 1117 671 1174 Ἐπὶ
691 1120 889 1192 τούτῳ,
911 1124 1035 1190 ἔφη.
1064 1114 1174 1188 Ἆρ’
1196 1112 1301 1174 οὖν
1320 1122 1410 1175 καὶ
1431 1119 1634 1192 ἑκάστῃ
1652 1126 1766 1175 τῶν

83 1204 290 1269 τεχνῶν
325 1204 438 1254 ἔστι
475 1222 525 1254 τι
562 1202 846 1270 ξυμφέρον
885 1199 1019 1256 ἄλλο
1056 1197 1093 1271 ἦ
1132 1199 1165 1256 ὅ
1204 1224 1253 1254 τι
1297 1200 1535 1271 μάλιστα
1571 1201 1766 1256 τελέαν

84 1278 246 1342 εἶναι;
283 1286 414 1344 Πῶς
430 1286 594 1335 τοῦτο
615 1283 846 1355 ἐρωτᾷς,
871 1280 1100 1351 Ἔζσπερ,
1122 1286 1265 1352 ἔφην
1284 1282 1391 1351 ἐγῶ
1403 1324 1418 1350 ,
1441 1290 1496 1337 εἴ
1506 1304 1572 1352 με
1594 1287 1761 1352 ἔροιο,
1793 1299 1829 1339 Ε

85 1366 134 1416 εἰ
150 1364 366 1429 ἐξαρκεῖ
380 1361 590 1432 σῶματι
608 1361 748 1417 εἶναι
768 1362 978 1433 σώματι
996 1360 1367 1433 ἦπροσδεῖταί
1376 1384 1542 1431 τινος,
1566 1359 1761 1432 εἰποιμ’

84 1439 156 1496 ἂν
185 1441 270 1497 ὅτι
299 1442 614 1498 παντάπασι
641 1443 744 1514 μὲν
773 1438 881 1499 οὖν
908 1448 1239 1514 προσδεῖται.
1289 1441 1378 1499 διὰ
1409 1449 1582 1499 ταῦτα
1609 1445 1701 1498 καὶ
1729 1441 1765 1513 ἡ

84 1526 241 1595 τέχνη
264 1526 410 1579 ἐστὶν
429 1523 461 1595 ἡ
485 1523 700 1596 ἰατρικὴ
723 1532 833 1582 νῦν
852 1524 1144 1598 εὑρημένη,
1173 1524 1258 1580 ὅτι
1279 1524 1438 1596 σῶμά
1457 1527 1571 1581 ἐστι
1591 1547 1659 1580 πο
1668 1545 1767 1596 νη-

84 1603 188 1671 ρόν
207 1605 298 1660 καὶ
318 1603 421 1660 οὐκ
442 1606 661 1675 ἐξαρκεῖ
683 1604 836 1681 αὐτῷ
855 1608 1087 1680 τοιούτῳ
1109 1605 1262 1662 εἶναι.
1285 1606 1468 1680 τούτῳ
1491 1599 1597 1661 οὖν
1616 1604 1767 1670 ὅπως

84 1688 337 1758 ἐκπορίζῃ
355 1685 420 1741 τὰ
442 1691 819 1759 ξυμφέροντα,
857 1691 943 1745 ἐπὶ
972 1688 1149 1762 τούτῳ
1172 1687 1602 1759 παρεσκευάσθη
1622 1685 1656 1758 ἡ
1678 1690 1767 1742 τέ-

83 1791 199 1839 χνη.
220 1762 259 1838 ἧ
277 1765 463 1838 ὀρθῶς
475 1785 563 1824 σοι
576 1773 742 1840 δοκῶ,
763 1776 923 1841 ἔφην,
945 1769 1018 1826 ἂν
1038 1776 1211 1827 εἰπεῖν
1231 1770 1378 1826 οὕτω
1396 1772 1590 1840 λέγων,
1610 1766 1648 1840 ἢ
1669 1768 1764 1836 01'1'3

80 1849 317 1918 Ὀρθῶς,
354 1855 474 1921 ἔφη.
522 1857 591 1905 Τί
613 1851 672 1906 δὲ
703 1852 796 1923 δή;
833 1850 971 1923 αὐτὴ
999 1851 1033 1924 ἡ
1063 1851 1279 1924 ἰατρική
1309 1855 1419 1907 ἐστι
1450 1851 1696 1922 πονηροί,
1730 1847 1766 1922 ἢ
1795 1864 1882 1910 342

83 1930 222 2001 ἄλλη
250 1953 332 1995 τις
358 1933 516 2003 τέχνη
546 1932 671 1989 ἔσθ’
694 1932 728 1988 ὅ
746 1956 796 1989 τι
814 1938 1136 2004 προσδεῖταί
1145 1958 1294 2000 τινος
1313 1933 1537 2005 ἀρετῆς,
1581 1931 1765 2004 ὥσπερ
1807 1975 1810 1978 -

84 2009 367 2082 ὀφθαλμοὶ
395 2010 577 2078 ὅψεως
605 2016 695 2069 καὶ
718 2008 830 2070 ὦτα
856 2015 1027 2086 ἀκοῆς
1058 2019 1146 2071 καὶ
1167 2014 1257 2071 διὰ
1278 2022 1450 2071 ταῦτα
1469 2012 1556 2071 ἐπ’
1581 2013 1767 2080 αὐτοῖς

76 2095 167 2148 vet
181 2091 333 2156 τινὸς
352 2095 541 2164 τέχνης
558 2101 655 2166 τῆς
673 2094 735 2151 τό
758 2099 1042 2167 ξυμφέρον
1061 2103 1137 2162 εἰς
1155 2104 1327 2153 ταῦτα
1346 2101 1691 2169 σκεψομένης
1709 2118 1767 2151 τε

83 2177 173 2231 καὶ
193 2177 606 2248 ἐκποριζούσης;
647 2172 755 2248 ἆρα
775 2181 865 2235 καὶ
884 2182 946 2236 ἐν
965 2179 1104 2254 αὐτῇ
1122 2187 1190 2253 τῇ
1207 2182 1370 2252 τέχνῃ
1390 2184 1471 2235 ἔνι
1490 2203 1570 2246 τις
1589 2201 1765 2250 πονη-

82 2263 192 2328 ρία,
212 2260 300 2313 καὶ
321 2262 407 2314 δεῖ
420 2261 619 2334 ἑκάστῃ
638 2264 799 2335 τέχνῃ
818 2262 985 2334 ἄλλης
1003 2266 1219 2334 τέχνης,
1239 2261 1357 2334 ἥτις
1377 2260 1518 2335 αὐτῇ
1535 2260 1596 2317 τό
1629 2266 1767 2332 ξυμ-

83 2342 259 2411 φέρον
278 2343 559 2413 σκέψεται,
599 2347 691 2399 καὶ
722 2352 789 2418 τῇ
818 2348 1172 2419 σκοπουμένῃ
1192 2347 1376 2414 ἑτέρας
1395 2339 1471 2400 αὖ
1488 2345 1762 2416 τοιαύτης,

84 2424 172 2476 καὶ
213 2421 364 2478 τοῦτ’
404 2428 554 2478 ἔστιν
589 2423 930 2493 ἀπέραντον;
963 2424 1000 2497 ἢ
1040 2425 1178 2497 αὐτὴ
1216 2426 1360 2499 αὐτῇ
1388 2425 1448 2482 τὸ
1480 2430 1765 2499 ξυμφέρον

85 2505 369 2569 σκέψεται;
405 2500 442 2574 ἢ
471 2506 598 2560 οὔτε
632 2505 802 2578 αὑτῆς
834 2508 963 2563 οὔτε
993 2508 1162 2580 ἄλλης
1194 2512 1511 2577 προσδεῖται
1540 2511 1626 2563 ἐπὶ
1662 2507 1765 2578 τὴν
1795 2529 1829 2569 Β

84 2581 252 2654 αὐτῆς
283 2590 558 2654 πονηρίαν
585 2585 647 2641 τὸ
666 2590 946 2658 ξυμφέρον
965 2602 1216 2646 σκοπεῖν·
1247 2589 1376 2644 οὔτε
1395 2588 1503 2659 γὰρ
1524 2593 1762 2660 πονηρία

84 2663 211 2720 οὔτε
231 2663 466 2735 ἁμαρτία
489 2664 716 2737 οὐδεμία
729 2668 959 2744 οὐδεμιᾷ
971 2675 1131 2744 τέχνῃ
1145 2672 1427 2742 πάρεστιν,
1449 2669 1579 2727 οὐδὲ
1590 2692 1761 2741 προς-

81 2747 201 2818 ήκει
237 2752 398 2821 τέχνῃ
434 2748 582 2823 ἄλλῳ
612 2749 672 2805 τό
706 2756 988 2822 ξυμφέρον
1018 2758 1194 2823 ζητεῖν
1224 2750 1262 2824 ἦ
1290 2755 1482 2825 ἐκείνῳ
1514 2745 1587 2807 οὗ
1602 2756 1761 2823 τέχνη

84 2830 253 2898 ἐστίν,
297 2828 435 2901 αὐτὴ
471 2831 530 2887 δὲ
559 2831 803 2904 ἀβλαβής
832 2836 921 2888 καὶ
952 2833 1207 2903 ἀκέραιός
1237 2836 1386 2889 ἐστιν
1416 2832 1563 2905 ὀρθὴ
1604 2827 1761 2902 οὖσα,

1420 2916 1446 2958 2
1460 2913 1484 2943 *
