1962 3236
203 163 309 214 220
819 161 1302 212 ΠΛΑΤῼΝΟΣ

204 299 349 350 αὕτα
362 300 496 370 ἔργα
515 295 919 365 συστήσασθαι,
950 293 1096 349 οὕτω
1128 295 1454 359 ξυνεστάναι
1483 303 1562 369 τῷ
1581 304 1682 352 τοῦ
1714 296 1857 369 οὐρα
1881 337 1890 341 -

205 389 312 437 νοῦ
334 383 654 479 δημιουργῷ
672 374 846 431 αὐτόν
863 397 922 431 τε
941 378 1031 431 καὶ
1057 374 1124 431 τά
1154 378 1216 431 ἐν
1247 375 1421 450 αὐτῷ·
1458 375 1562 449 τὴν
1598 378 1656 434 δε
1684 378 1930 446 νυκτὸς

163 459 348 557 πρὸς
367 458 581 561 ἡμέραν
600 463 938 527 ξυμμετρίαν
965 459 1057 512 καὶ
1085 457 1299 512 τούτων
1324 456 1462 528 πρὸς
1484 466 1631 530 μῆνα
1661 462 1752 515 καὶ
1780 483 1888 531 μη-
1910 463 1927 509 ⁷¹

209 539 304 605 νός
323 539 462 611 πρὸς
481 540 738 595 ἐνιαυτὸν
756 540 981 594 καὶτῶν
999 537 1184 594 ἀλλων
1211 536 1432 608 ἄστρων
1459 538 1599 611 πρός
1625 562 1685 596 τε
1713 547 1887 596 ταῦτα

140 639 171 679 P
203 625 295 678 και
323 622 464 690 πρὸς
493 620 719 690 ἄλληλα,
751 618 854 675 οὐκ
886 618 1113 690 ἄτοπον,
1152 628 1274 690 οἴει,
1309 617 1571 691 ἡγήσεται
1599 620 1700 677 τὸν
1728 627 1888 693 νομί-
1916 678 1920 690 ,γ

208 707 368 768 ζοντα
388 706 687 771 γίγνεσθαί
699 722 757 756 τε
778 706 948 755 ταῦτα
967 698 1050 756 ἀεὶ
1072 698 1333 765 ὡσαύτως
1361 705 1454 757 καὶ
1474 701 1692 775 οὐδαμῇ
1722 701 1890 759 οὐδὲν

209 782 630 853 παραλλάττειν,
664 783 821 853 σῶμά
850 804 908 837 τε
943 787 1135 852 ἔχοντα
1164 784 1255 838 καὶ
1283 781 1557 854 ὁρώμενα,
1589 787 1681 839 καὶ
1710 789 1885 855 ζητεῖν
1918 799 1919 802 ’

209 867 369 920 παντὶ
406 864 592 937 τρόπῳ
629 865 734 936 τὴν
767 863 1039 935 ἀλήθειαν
1074 864 1261 919 αὐτῶν
1304 871 1519 935 λαβεῖν;
1564 865 1708 936 Ἐμοὶ
1744 872 1887 936 γοῦν

207 950 373 1017 δοκεῖ,
397 950 519 1017 ἔφη,
551 954 656 1001 σοῦ
685 953 794 1001 νῦν
824 944 1100 1001 ἀκούοντι.
1138 947 1536 1016 Προβλήμασιν
1566 945 1690 1017 ἄρα,
1728 942 1799 1018 ἦν
1833 946 1883 1001 δ’

206 1028 331 1097 ἐγώ,
351 1028 626 1097 χρώμενοι
648 1026 831 1097 ὥσπερ
853 1033 1190 1099 γεωμετρίαν
1220 1026 1367 1083 οὕτω
1396 1029 1486 1083 καὶ
1517 1026 1888 1099 ἀστρονομίαν

151 1128 181 1169 G
211 1107 563 1178 μέτιμεν·τά
585 1107 640 1164 6'
661 1112 720 1164 ἐν
739 1131 815 1163 τω
837 1108 1063 1182 οὐρανῷ
1083 1108 1333 1179 ἐάσομεν,
1360 1113 1411 1163 εἰ
1425 1108 1732 1179 μέλλομεν
1713 1109 1887 1174 όντως
1927 1154 1930 1157 Α

207 1188 572 1262 ἀστρονομίας
590 1165 1101 1262 μεταλάμβάνοντες
1118 1190 1389 1261 χρήσιμον
1407 1189 1468 1245 τὸ
1492 1190 1659 1259 φύσει
1689 1190 1889 1261 φρόνι-

207 1293 314 1342 μον
332 1274 394 1327 ἐν
411 1279 478 1344 τῇ
502 1280 650 1343 ψυχῇ
672 1275 725 1337 ἐξ
759 1271 1036 1343 ἀχρήστου
1066 1271 1332 1341 ποιήσειν.
1363 1274 1430 1326 'H
1455 1272 1886 1343 πολλαπλάσιον,
1924 1287 1926 1290 ’

206 1360 330 1426 ἔφη,
350 1354 409 1410 τό
436 1359 601 1424 ἔργον
618 1351 654 1424 ἢ
675 1377 749 1419 ως
768 1362 876 1410 νῦν
896 1353 1315 1425 ἀστρονομεῖται
1331 1355 1697 1425 προστάττεις.
1723 1355 1888 1426 Οἶμαι

208 1440 272 1491 δέ
286 1458 366 1506 γε,
390 1434 562 1505 εἷπον,
576 1439 667 1491 καὶ
685 1430 857 1491 τάλλα
877 1434 1016 1492 κατὰ
1027 1435 1126 1491 τὸν
1146 1434 1542 1503 αὐτὸντρόπον
1562 1436 1888 1507 προστάξειν
1922 1463 1925 1469 “

207 1516 366 1588 ἡμᾶς,
389 1517 486 1572 ἐάν
505 1539 555 1571 τι
574 1515 733 1588 ἡμων
756 1540 829 1582 ως
852 1523 1181 1589 νομοθετων
1202 1517 1403 1588 ὄφελος
1422 1521 1474 1589 ᾐ.

344 1602 451 1653 XII.
486 1597 644 1655 Ἀλλά
666 1600 771 1670 γάρ
793 1621 843 1654 τι
864 1604 998 1670 ἔχεις
1016 1598 1333 1670 ὑπομνῆσαι
1352 1621 1466 1654 των
1491 1598 1890 1670 προσηκόντων
1924 1647 1927 1653 ,

206 1680 580 1751 μαθημάτων;
621 1682 779 1736 Οὐκ’
760 1685 880 1751 έχω,
917 1686 1040 1751 ἔφη,
1069 1686 1178 1735 νῦν
1205 1679 1256 1751 γ’
1293 1679 1509 1737 οὑτωσί.
1554 1679 1640 1737 Οὐ
1668 1681 1777 1752 μὴν
1807 1684 1884 1753 ἕν,
1927 1673 1936 1758 ’ᾗ

205 1760 346 1816 ἀλλὰ
365 1767 550 1831 πλείω,
575 1756 647 1832 ἦν
666 1759 715 1816 6’
737 1763 863 1833 ἐγώ,
886 1767 1002 1833 εἴδη
1022 1764 1308 1833 παρέχεται
1326 1760 1359 1833 ἡ
1382 1762 1547 1833 φορά,
1570 1784 1643 1828 ως
1666 1765 1885 1837 ἐγφμαι.

142 1858 176 1896 D
209 1841 276 1898 τὰ
298 1842 399 1912 μὲν
420 1836 525 1898 οὖν
543 1843 723 1899 πάντα
744 1852 874 1908 ἴσως
903 1843 1051 1908 όστις
1071 1842 1246 1914 σοφὸς
1276 1845 1381 1909 ἕξει
1416 1848 1611 1899 εἰπεῖν·
1652 1842 1688 1898 ὁὶ
1718 1843 1889 1899 δὲκαὶ
1943 1847 1947 1892 3'

207 1922 339 1995 ημῖν
359 1931 639 1995 προφανῆ,
663 1924 780 1982 δύο.
837 1932 982 1981 Ποῖα
1018 1925 1111 1996 δή;
1147 1923 1300 1994 Πρὸς
1329 1923 1523 1997 τούτω,
1563 1917 1634 1994 ἦν
1664 1921 1721 1979 6'
1760 1925 1886 1994 ἐγώ,

207 2004 581 2075 ἀντίστροφον
619 2003 811 2061 αὐτοῦ.
871 2005 943 2060 Τό
982 2018 1170 2069 ποῖον;
1210 2005 1563 2073 Κινδυνεύει,
1601 2008 1762 2074 ἔφην,
1815 2003 1887 2068 ὡς

208 2084 347 2157 πρὸς
366 2085 740 2157 ἀστρονομίαν
760 2086 978 2157 ὄμματα
997 2090 1258 2156 πέπηγεν,
1283 2083 1354 2149 ὥς
1384 2082 1523 2155 πρὸς
1552 2084 1887 2155 ἐναρμόνιον

209 2166 395 2238 φορὰν
417 2162 528 2222 ὦτα
548 2175 807 2237 παγῆναι,
828 2171 919 2223 καὶ
939 2160 1103 2222 αὗται
1122 2166 1379 2238 ἀλλήλων
1405 2166 1646 2236 ἀδελφαί
1668 2187 1812 2230 τινες
1833 2169 1895 2220 αί
1935 2194 1938 2195 ’

207 2253 495 2319 ἐπιστῆμαι
515 2248 671 2319 εἶναι,
705 2271 777 2314 ως
796 2253 853 2304 οἵ
865 2271 923 2304 τε
949 2249 1336 2319 Πυθαγόρειοί
1362 2264 1499 2318 φασι
1525 2249 1615 2303 καὶ
1635 2242 1888 2350 ἡμεῖς,ωῶ

206 2330 499 2401 Γλαύκων,
533 2336 940 2401 ξυγχωροῦμεν.
982 2354 1015 2401 η
1047 2350 1163 2395 πως
1194 2336 1490 2400 ποιοῦμεν;
1534 2328 1743 2399 Οὕτως,
1766 2333 1887 2399 ἐ’.φη

150 2428 182 2468 Ε
216 2410 465 2480 Οὐκοῦν,
485 2415 557 2482 ἠν
583 2410 634 2466 6'
658 2412 782 2483 ἐγώ,
807 2411 991 2483 ἐπειδὴ
1014 2411 1156 2467 πολὺ
1183 2411 1243 2467 τὸ
1279 2417 1460 2483 ἔργον,
1496 2414 1724 2467 ἐκείνων
1753 2430 1889 2465 πευ-

207 2495 441 2564 σόμεθα,
467 2500 584 2559 πῶς
603 2498 824 2564 λέγουσι
844 2497 968 2564 περὶ
988 2493 1175 2550 αὐτων
1193 2497 1285 2550 καὶ
1306 2503 1422 2550 εἴτι
1442 2493 1576 2549 άλλο
1597 2492 1734 2564 πρὸς
1753 2492 1890 2547 τούυ
1927 2532 1932 2533 ⁷

208 2597 319 2640 τοις
333 2597 344 2608 ·
382 2573 535 2645 ἡμεῖς
556 2575 615 2630 δὲ
635 2575 784 2646 παρὰ
804 2575 984 2631 πάντα
1003 2584 1174 2631 ταῦτα
1191 2575 1508 2646 φυλάξομεν
1526 2573 1586 2631 τὸ
1607 2572 1890 2645 ἡμέτερον,

207 2662 410 2722 Ποῖον;
448 2655 552 2728 Μή
571 2654 695 2712 ποτ’
720 2655 909 2713 αὐτῶν
935 2680 986 2713 τι
1011 2657 1194 2723 ἀτελὲς
1214 2661 1558 2728 ἐπιχειρῶσιν
1586 2652 1716 2725 ἡμῖν
1748 2674 1887 2722 μάν-κ
1935 2680 1939 2685 ⁴

168 2759 172 2765 ·
207 2737 425 2807 θάνειν,
439 2736 537 2803 οὓς
555 2742 860 2810 θρέψομεν,
881 2741 973 2795 καὶ
992 2737 1095 2795 οὐκ
1121 2741 1317 2809 ἐξῆκον
1337 2742 1506 2793 ἐκεῖσε
1526 2734 1626 2805 ἀεί,
1641 2730 1699 2789 οἷ
1711 2733 1890 2788 πάντα

1867 2806 1944 2830 Ἃέ

207 2823 297 2874 δεῖ
309 2817 564 2889 ἀφήκειν,
586 2815 708 2876 οἷον
728 2820 852 2889 ἄρτι
873 2823 996 2891 περὶ
1022 2827 1119 2892 τῆς
1147 2818 1512 2890 ἀστρονομίας
1542 2818 1816 2886 ἐλέγομεν.
1854 2835 1888 2884 η

1922 3150 1962 3236 120³:-
