1962 3236
588 197 1068 247 ΠοΛιΤΕιΑΣ
1097 187 1156 259 γ’.
1638 191 1707 243 91

34 335 194 389 λίδου
222 332 347 403 γάρ,
379 325 453 403 ἦν
472 329 522 387 δ’
552 330 676 400 ἐγώ,
708 328 811 386 οὐκ
840 326 1077 397 ἀκούεις,
1107 331 1224 390 πῶς
1251 325 1387 397 φησὶ
1410 323 1597 393 δεῖν,
1575 324 1709 381 όταν

33 434 110 468 τω
128 411 235 484 ἤδη
255 406 426 484 βίος
390 435 445 485 ῃ,
464 409 666 481 ἀρετὴν
683 408 891 466 α’σκεῖν.
934 407 1099 480 Οἶμαι
1122 411 1184 463 δέ
1196 429 1287 479 γε,
1310 412 1436 479 ἔφη,
1456 409 1548 463 καὶ
1568 406 1710 476 πρό-

35 514 213 563 τερον.
244 497 459 563 Μηδέν,
479 489 654 559 εἶπον,
682 493 806 559 περὶ
825 491 1030 546 τούτου
1049 487 1201 564 αὐτῷ
1228 489 1550 586 μαχώμεθα,
1581 486 1706 544 ἀλλ’

32 573 176 646 ἡμᾶς
209 572 413 638 αὐτοὺς
449 572 775 642 διδάξωμεν,
810 570 1048 638 πότερον
1084 545 1407 642 μελετητέον
1440 576 1605 626 τοῦτο
1631 575 1708 644 τῷ

34 661 280 728 πλουσίῳ
299 656 390 710 καὶ
407 652 645 725 ἀβίωτον
663 659 741 723 τῷ
769 650 842 723 μὴ
863 658 1175 722 μελετῶντι,
1203 648 1241 723 ἢ
1262 658 1599 723 νοσοτροφία
1621 673 1714 707 τε-
1742 660 1774 702 Β

37 742 267 807 κτονικῇ
285 736 388 806 μὲν
407 735 499 790 καὶ
518 745 636 798 ταῖς
654 732 844 797 ἄλλαις
862 736 1075 803 τέχναις
1093 734 1357 804 ἐμπόδιον
1376 740 1443 806 τῇ
1461 733 1713 802 προσέξει

31 821 136 871 τοῦ
154 822 277 886 νοῦ,
303 815 364 871 τὸ
387 816 446 872 δὲ
463 817 796 872 Φωκυλίδου
819 816 1209 884 παρακέλευμα
1233 812 1402 870 οὐδὲν
1422 816 1708 884 ἐμποδίζει.

35 899 148 954 Ναὶ
167 895 242 968 μὰ
268 895 371 952 τὸν
388 902 518 966 Δία,
548 889 584 966 ἦ
610 894 660 950 δ’
695 892 772 964 ὃς,
795 893 993 964 σχεδόν
1016 896 1082 963 γέ
1100 916 1152 948 τι
1170 895 1398 950 πάντων
1417 895 1653 965 μάλιστα
1675 891 1714 964 ἤ

34 999 100 1049 γε
118 980 420 1047 περαιτέρω
440 981 813 1047 γυμναστικῆς
831 973 865 1045 ἡ
893 973 1112 1045 περιττὴ
1133 974 1274 1047 αὕτη
1303 978 1579 1046 ἐπιμέλεια
1607 979 1710 1030 τοῦ

34 1059 308 1129 σώματος·
355 1062 446 1114 καὶ
481 1057 588 1128 γάρ
624 1055 764 1127 πρὸς
800 1061 1115 1127 οἰκονομίας
1142 1059 1233 1112 καὶ
1262 1055 1402 1127 πρὸς
1429 1060 1713 1124 στρατείας

33 1141 125 1194 καὶ
144 1136 283 1207 πρὸς
301 1140 554 1206 ἑδραίους
569 1140 632 1193 ἐν
651 1137 808 1191 πόλει
826 1134 996 1207 άρχὰς
1020 1137 1307 1200 δύσκολος.
1349 1133 1423 1191 Τὸ
1447 1136 1506 1190 δὲ
1526 1134 1592 1205 δή
1615 1137 1712 1205 μέ-

33 1238 241 1290 γιστον,
263 1217 347 1274 ὅτι
366 1219 457 1273 καὶ
487 1216 625 1287 πρὸς
652 1217 923 1288 μαθήσεις
951 1216 1288 1272 ἁστινασοῦν
1311 1218 1402 1272 καὶ
1431 1215 1713 1286 ἐννοήσεις

30 1321 91 1355 τε
126 1301 216 1355 καὶ
251 1300 475 1369 μελέτας
505 1297 643 1368 πρὸς
673 1297 873 1353 ἑαυτὸν
901 1299 1124 1369 χαλεπή,
1156 1304 1400 1368 κεφαλῆς
1423 1295 1580 1361 τινὰς
1609 1294 1714 1351 αἰεὶ
1744 1305 1775 1348 C

34 1380 307 1444 διατάσεις
325 1381 415 1435 καὶ
436 1383 680 1449 ἰλίγγους
700 1376 1092 1434 ὑποπτεύουσα
1111 1379 1202 1434 καὶ
1222 1381 1512 1448 αἰτιωμένη
1534 1379 1594 1432 ἐκ
1616 1398 1714 1446 φι-

34 1467 300 1530 λοσοφίας
328 1463 694 1531 ἐγγίγνεσθαι,
731 1459 887 1530 ὥστε,
925 1458 1034 1533 ὅπῃ
1065 1461 1235 1532 ταύτῃ
1266 1458 1430 1531 άρετὴ
1468 1457 1711 1515 ἀσκεῖται

34 1545 125 1599 καὶ
157 1541 516 1612 δοκιμάζεται,
555 1541 734 1614 πάντῃ
763 1541 1047 1611 ἐμπόδιος·
1096 1541 1327 1612 κάμνειν
1355 1541 1462 1613 γὰρ
1493 1547 1713 1597 οἴεσθαι

34 1635 180 1679 ποιεῖ
203 1621 287 1678 ἀεὶ
312 1624 403 1678 καὶ
424 1620 692 1681 ὠδίνοντα
710 1621 915 1694 μήποτε
945 1623 1137 1693 λήγειν
1156 1624 1278 1694 περὶ
1310 1628 1412 1678 τοῦ
1443 1621 1709 1692 σώματος.

34 1706 203 1769 Εἰκός
227 1703 302 1775 γ’,
339 1709 459 1775 ἔφη.
503 1702 733 1760 Οὐκοῦν
760 1711 932 1759 ταῦτα
966 1703 1350 1773 γιγνώσκοντα
1388 1709 1585 1774 φῶμεν
1621 1703 1712 1758 καὶ

27 1784 361 1856 Ἀσκληπιὸν
380 1784 509 1851 τούς
526 1786 628 1856 μὲν
647 1785 815 1855 φύσει
832 1806 889 1839 τε
911 1786 999 1839 καὶ
1020 1788 1199 1856 διαίτῃ
1218 1783 1474 1854 ὑγιεινῶς
1492 1789 1715 1855 ἔχοντας

33 1869 100 1922 τά
122 1867 363 1938 σώματα,
393 1867 607 1938 νόσημα
628 1871 692 1923 δέ
707 1889 757 1921 τι
777 1864 1213 1936 ἀποκεκριμένον
1242 1873 1492 1936 ἴσχοντας
1522 1868 1581 1919 ἐν
1611 1862 1714 1919 αὑ-
1742 1880 1776 1920 D

33 1960 163 2017 τοῖς,
184 1947 399 2012 τούτοις
416 1949 517 2018 μὲν
546 1952 637 2003 καὶ
666 1948 838 2019 ταύτῃ
866 1954 932 2019 τῇ
962 1947 1067 2012 ἕξει
1098 1951 1406 2013 καταδεῖξαι
1444 1946 1713 2016 ἰατρικήν,

2 2045 11 2054 ’
35 2029 350 2100 φαρμάκοις
368 2051 425 2084 τε
444 2030 531 2084 καὶ
551 2041 741 2099 τομαῖς
766 2028 830 2083 τὰ
854 2030 1137 2099 νοσήματα
1168 2029 1507 2100 ἐκβάλλοντα
1526 2026 1715 2082 αὐτῶν

33 2107 139 2179 τὴν
173 2114 442 2165 εἰωθυῖαν
475 2110 833 2178 προστάττειν
868 2113 1098 2179 δίαιταν,
1129 2113 1221 2164 ἵνα
1254 2108 1327 2180 μὴ
1365 2109 1430 2164 τὰ
1464 2105 1714 2164 πολιτικὰ

35 2189 289 2261 βλάπτοι,
309 2188 375 2245 τὰ
402 2189 455 2244 δ’
491 2198 619 2246 εἴσω
650 2188 740 2246 διὰ
769 2189 975 2254 παντὸς
995 2190 1334 2261 νενοσηκότα
1354 2189 1582 2260 στόματα
1611 2186 1714 2245 οὐκ

36 2274 325 2340 ἐπιχειρεῖν
345 2274 571 2337 διαίταις
601 2271 739 2328 κατὰ
766 2272 1000 2343 σμικρὸν
1019 2271 1406 2328 ἀπαντλοῦντα
1427 2274 1517 2327 καὶ
1537 2273 1714 2341 ἐπιχέ-

41 2373 175 2405 οντα
194 2352 410 2422 μακρὸν
427 2355 518 2409 καὶ
538 2353 712 2409 κακὸν
731 2360 855 2425 βίον
874 2353 1163 2428 άνθρεόπςο
1184 2366 1380 2424 ποιεῖν,
1402 2356 1490 2409 καὶ
1514 2357 1715 2423 ἔκγονα

40 2429 245 2500 αὐτῶν,
268 2430 340 2496 ὥς
357 2431 419 2489 τὸ
441 2434 604 2503 εἰκός,
625 2436 781 2505 ἕτερα
801 2442 1028 2491 τοιαῦτα
1049 2436 1331 2507 φυτεύειν,
1361 2433 1499 2491 άλλοὶ
1518 2433 1619 2490 τὸν
1640 2433 1713 2504 μὴ

39 2510 359 2581 δυνάμενον
388 2516 450 2568 ἐν
477 2521 543 2585 τῇ
578 2523 953 2590 καθεστηκυίᾳ
991 2518 1228 2591 περιόδῳ
1266 2522 1363 2588 ζῇν
1392 2516 1464 2587 μή
1496 2522 1716 2571 οἴεσθαι
1747 2530 1780 2570 Ε

39 2595 156 2647 δεῖν
174 2594 529 2663 θεραπεύειν,
551 2593 623 2659 ὡς
644 2594 771 2651 οὔτε
790 2596 942 2672 αὐτῷ
961 2598 1088 2654 οὔτε
1109 2599 1264 2653 πόλει
1285 2602 1567 2666 λυσιτελῆ;
1598 2602 1716 2651 Πο-

39 2673 265 2741 λιτικόν,
288 2678 411 2746 ἔφη,
434 2678 606 2746 λέγεις
626 2676 965 2749 Ἀσκληπιόν.
1003 2686 1211 2749 Δῆλον,
1231 2673 1268 2750 ἦ
1273 2701 1305 2733 ν
1324 2676 1377 2733 δ’
1400 2677 1508 2747 έγω’
1523 2699 1533 2710 ·
1555 2678 1644 2734 καὶ
1665 2680 1722 2733 οἰ

39 2756 226 2819 παῖδες
247 2753 440 2825 αὐτοῦ,
463 2756 546 2812 ὅτι
567 2765 814 2823 τοιοῦτος
835 2753 924 2830 ἦν,
947 2758 1048 2830 οὐχ
1068 2758 1203 2832 ὁρᾷς
1235 2757 1308 2825 ὥς
1331 2761 1420 2815 καὶ
1450 2761 1512 2815 ἐν
1545 2764 1716 2832 Τροίᾳ

40 2832 242 2903 ἀγαθοὶ
272 2857 411 2904 προς
430 2836 531 2892 τὸν
551 2838 795 2910 πόλεμον
815 2839 1119 2911 ἐφάνησαν,
1157 2842 1247 2896 καὶ
1272 2844 1338 2914 τῇ
1369 2843 1601 2913 ἰατρικῇ,
1642 2836 1716 2905 ὦς
1745 2865 1833 2913 403
