1962 3236
248 130 352 182 414
769 135 1085 182 T1MA152
1119 137 1399 186 ΛΟΚΡῼ
1464 103 1468 107 ’
1859 149 1919 194 96

247 271 399 336 βεται
417 267 517 335 μὲν
536 262 858 334 ἀμοιβαδόν,
889 262 1239 321 ἀδιάλειπτον
1259 268 1318 323 δὲ
1347 267 1640 327 ἀλλοίωσιν
1669 276 1791 328 ποτὶ
1822 296 1917 343 γε-

248 349 429 411 νέσιας
446 349 537 402 καὶ
562 345 783 416 φθορὰς
808 343 1119 401 ἀποδίδωτι.

384 432 465 483 ΙΧ.
511 427 738 491 Τούτοις
768 429 827 481 δὲ
847 427 1261 499 ποτιχρεόμενος
1290 427 1318 484 6
1350 429 1483 496 θεὸς
1510 430 1672 487 τόνδε
1700 431 1801 487 τὸν
1819 433 1922 488 κό-

162 520 218 566 99
247 526 388 580 σμον
406 507 822 579 κατεσκεύαζεν,
837 505 1010 564 ἁπτὸν
1029 511 1130 579 μὲν
1149 508 1240 564 διά
1260 507 1364 565 τάν
1381 518 1504 583 γᾶν,
1526 510 1727 582 ὁρατὸν
1747 515 1806 570 δὲ
1826 513 1917 570 διὰ

244 590 304 645 τὸ
338 597 478 659 πῦρ,
513 587 654 657 ἅπερ
685 588 786 644 δύο
823 588 990 658 ἄκρα·
1031 589 1106 645 δι’
1132 588 1290 662 ἀέρος
1318 593 1375 648 δὲ
1405 595 1495 648 καὶ
1523 592 1723 659 ὕδατος
1751 612 1916 650 συνε-

245 671 447 741 δήσατο
468 674 652 744 δεσμῷ
670 675 956 744 κρατίστῳ,
982 669 1265 745 ἀναλογίᾳ,
1298 670 1333 727 ὁὶ
1353 676 1443 729 καὶ
1462 672 1637 730 αὐτὰν
1656 676 1828 731 καὶτὰ
1849 676 1913 731 δι’

245 749 414 816 αὑτᾶς
438 751 775 822 κρατεόμενα
801 753 1030 822 συνέχεν
1059 754 1304 808 δύναται.
1343 758 1392 809 εἰ
1417 753 1518 824 μὲν
1549 748 1629 809 οἷν
1657 756 1916 810 ἐπίπεδον

244 840 325 902 εἴη
359 829 421 886 τὸ
456 831 850 902 συνδεόμενον,
870 837 967 902 μία
997 834 1228 902 μεσότας
1264 835 1428 889 ἱκανά
1464 838 1636 890 ἐστιν·
1677 840 1736 890 al
1763 839 1827 890 δέ
1846 857 1915 890 κα

243 911 484 983 στερεόν,
516 913 617 967 δύο
635 911 838 985 χρῄσει.
878 914 1004 968 δυσὶ
1024 911 1090 984 δὴ
1124 919 1307 984 μέσοις
1336 915 1438 970 δύο
1467 914 1609 985 ἄκρα
1640 916 1915 986 ξυναρμό-

242 998 387 1064 ξατο,
405 993 548 1058 ὅκως
567 1001 668 1064 εἴη,
682 991 753 1058 ὡς
770 999 883 1064 πῦρ
902 991 1026 1049 ποτ’
1050 992 1201 1067 ἀέρα,
1223 992 1328 1066 ἀὴρ
1340 999 1462 1052 ποτὶ
1483 996 1633 1065 ὕδωρ
1654 998 1744 1052 καὶ
1764 996 1917 1065 ὕδωρ

185 1083 217 1123 Β
244 1076 367 1130 ποτὶ
395 1080 520 1143 γᾶν,
550 1076 641 1130 καὶ
674 1072 795 1129 κατ’
827 1076 1154 1145 ἐναλλαγάν,
1184 1074 1255 1141 ὡς
1291 1082 1405 1145 πῦρ
1439 1081 1562 1134 ποτὶ
1596 1077 1766 1148 ὕδωρ,
1808 1074 1918 1146 ἀὴρ

242 1157 366 1210 ποτὶ
398 1160 524 1226 γᾶν,
561 1158 650 1210 καὶ
687 1153 978 1226 ἀνάπαλιν,
1019 1155 1089 1221 ὡς
1125 1163 1197 1227 γᾶ
1232 1159 1356 1212 ποτὶ
1393 1156 1563 1229 ὕδωρ,
1599 1157 1751 1228 ὕδωρ
1790 1155 1910 1212 ποτ’

243 1235 378 1306 ἀέρα
400 1238 490 1291 καὶ
510 1234 614 1307 ἀὴρ
635 1238 758 1293 ποτὶ
778 1244 909 1306 πῦρ,
941 1241 1032 1293 καὶ
1060 1235 1180 1293 κατ’
1213 1239 1537 1308 ἐναλλαγάν,
1578 1236 1650 1303 ὠς
1679 1244 1753 1308 γοῖ
1784 1237 1910 1292 ποτ’

244 1316 394 1387 ἀέρα,
424 1317 576 1386 ὕδωρ
605 1319 728 1373 ποτὶ
751 1326 890 1390 πῦρ·
928 1322 1018 1374 καὶ
1052 1320 1167 1374 ἐπεὶ
1195 1319 1428 1389 δυνάμει
1457 1327 1547 1374 ἴσα
1576 1322 1687 1374 ε’ντὶ
1716 1319 1913 1388 πάντα,

245 1400 327 1452 τοὶ
346 1399 501 1467 λόγοι
528 1397 714 1453 αὐτῶν
731 1402 790 1454 ἐν
810 1403 1063 1471 ἰσονομία
1082 1401 1207 1454 ἐντί.
1232 1397 1306 1463 εἷς
1327 1402 1427 1469 μὲν
1447 1393 1526 1454 οἶν
1544 1398 1639 1454 ὅδε
1660 1396 1688 1453 6
1710 1399 1916 1468 κόσμος

244 1482 507 1551 δαιμονίῳ
522 1483 707 1552 δεσμῷ
723 1487 800 1552 τῷ
819 1479 927 1534 ἀνὰ
949 1480 1116 1549 λόγον
1133 1482 1280 1535 ἐστίν
1293 1500 1304 1512 ·
1343 1482 1573 1535 ἕκαστον
1593 1481 1650 1536 δὲ
1664 1486 1776 1535 τῶν
1795 1501 1918 1534 τετ-

241 1559 424 1628 τόρων
445 1559 716 1630 σωμάτων
735 1560 910 1616 πολλὰ
931 1563 1076 1616 εἴδεα
1096 1564 1217 1630 ἔχει,
1234 1566 1345 1629 πῦρ
1365 1559 1466 1631 μὲν
1484 1560 1667 1631 φλόγα
1687 1562 1776 1615 καὶ
1796 1565 1915 1630 φῶς

182 1654 211 1695 C
242 1642 332 1695 καὶ
351 1638 547 1710 αὐγάν,
580 1640 668 1696 διὰ
688 1640 793 1696 τάν
812 1639 1106 1696 ἀνισότατα
1127 1647 1238 1695 τῶν
1266 1643 1325 1696 ἐν
1353 1641 1561 1714 ἑκάστῳ
1587 1639 1770 1696 αὐτῶν
1796 1661 1910 1710 τρι-

240 1724 463 1793 γώνων·
503 1723 778 1781 κατταῦτά
805 1746 862 1780 τε
890 1727 979 1780 καὶ
1008 1723 1113 1795 ἀὴρ
1138 1723 1197 1779 τὸ
1221 1727 1322 1794 μὲν
1351 1723 1606 1793 καθαρὸν
1632 1726 1723 1779 καὶ
1753 1716 1911 1789 αὖον,

242 1804 302 1861 τὸ
325 1808 384 1861 δὲ
403 1806 634 1877 νοτερὸν
655 1809 746 1862 καὶ
775 1803 1095 1877 ὁμιχλώδες·
1131 1803 1282 1876 ὕδωρ
1303 1827 1359 1860 τε
1379 1804 1437 1861 τὸ
1459 1804 1559 1876 μὲν
1588 1807 1733 1876 ῥέον,
1764 1801 1823 1859 τὸ
1855 1805 1912 1858 δὲ

242 1887 470 1956 πακτόν,
484 1885 690 1943 ὁκόσον
706 1886 842 1958 χιών
859 1909 916 1942 τε
934 1889 1025 1943 καὶ
1042 1887 1223 1957 πάχνα
1241 1886 1445 1956 χάλαζοὲ
1463 1907 1520 1941 τε
1539 1889 1629 1941 καὶ
1648 1885 1908 1956 κρύσταλ-

242 1975 348 2032 λος.
378 1965 558 2038 ὑγρόν
572 1990 632 2024 τε
649 1968 711 2024 τὸ
732 1970 835 2040 μὲν
845 1969 1034 2040 ῥυτόν,
1058 1967 1128 2033 ὡς
1147 1972 1282 2039 μέλι,
1305 1972 1505 2038 ἔλαιον,
1529 1966 1587 2022 τὸ
1611 1968 1670 2022 δὲ
1682 1966 1910 2032 πακτόν,

243 2047 314 2114 ὠς
343 2055 527 2121 πίσσα,
558 2050 749 2121 κηρός·
787 2056 975 2106 πακτῶ
1007 2052 1066 2107 δὲ
1096 2055 1242 2106 εἴδεα
1275 2048 1334 2105 τὸ
1369 2048 1470 2119 μὲν
1495 2047 1663 2118 χυτὸν
1691 2047 1909 2119 χρυσός,

241 2128 499 2200 ἄργυρος,
529 2131 746 2200 χαλκός,
785 2136 1117 2201 κασσίτερος,
1156 2130 1431 2200 μόλιβδος,
1473 2127 1709 2197 σταγών,
1751 2126 1811 2181 τὸ
1853 2127 1911 2181 δὲ

171 2223 205 2263 Ι)
239 2209 528 2280 θραυστὸν
551 2219 726 2279 θεῖον,
753 2209 1055 2281 ἄσφαλτον,
1082 2215 1289 2281 νίτρον,
1320 2208 1461 2278 ἅλες,
1485 2213 1802 2278 στυπτηρία,
1829 2211 1911 2261 λί-

241 2299 339 2346 θοι
359 2293 442 2346 τοὶ
461 2288 759 2361 ὁμογενέες.

379 2376 437 2427 Χ.
475 2370 633 2427 Μετὰ
673 2372 730 2427 δε
757 2370 860 2427 τάν
886 2378 965 2427 τῶ
995 2372 1184 2442 κόσμω
1215 2371 1481 2425 σύστασιν
1507 2368 1659 2436 ζώων
1683 2375 1912 2424 θνατῶν

241 2454 502 2520 γέννασιν
521 2453 916 2524 έμαχανάσατο,
941 2450 1015 2507 ἵν’
1036 2455 1071 2523 ᾐ
1092 2453 1272 2515 τέλεος
1290 2451 1411 2505 ποτὶ
1431 2448 1534 2505 τάν
1556 2450 1741 2504 εἰκόνα
1771 2468 1911 2502 παν-

240 2538 408 2597 τελῶς
431 2531 877 2606 ἀπειργασμένος.
914 2530 1016 2605 τάν
1038 2531 1138 2602 μὲν
1159 2534 1238 2586 ὠν
1258 2529 1624 2601 ἀνθρωπίναν
1652 2527 1834 2598 ψυχὰν
1852 2531 1910 2582 ἐκ

240 2620 353 2667 τῶν
373 2610 559 2668 αὐτῶν
578 2612 760 2683 λόγων
775 2615 866 2668 καὶ
887 2616 1170 2682 δυναμίων
1190 2609 1672 2682 συγκερασάμενος
1699 2609 1788 2663 καὶ
1812 2627 1910 2677 με-

242 2697 392 2762 ρίξας
411 2696 643 2764 διένειμε
662 2700 730 2766 τᾷ
763 2696 928 2764 φύσει
947 2699 1013 2765 τᾷ
1043 2691 1372 2763 ἀλλοιωτικᾷ
1391 2690 1693 2758 παραδούς
1726 2690 1908 2742 διαδε-
1960 2719 1962 2735 ι

241 2777 444 2843 ξαμένα
467 2774 519 2828 δ’
541 2773 713 2830 αὐτὸν
734 2779 793 2830 ἐν
812 2781 888 2848 τῷ
910 2773 1212 2843 ἀπεργάζεν
1231 2772 1413 2828 θνατοί
1441 2794 1498 2827 τε
1527 2774 1614 2826 καὶ
1644 2772 1907 2839 ἐφαμέρια
1958 2791 1959 2795 ’
