1962 3236
566 149 574 154 “
666 110 1246 207 ΠΟΛΙΤΕΙΑΣηΖ
1337 195 1347 198 ,
1666 143 1774 196 259

13 250 40 358 3:
85 277 243 342 κότες
260 280 688 349 ἐξευρίσκουσιν,
709 282 882 334 αἰτεῖν
907 277 1008 333 τὸν
1027 281 1206 349 δῆμον
1226 278 1480 349 φύλακάς
1496 300 1649 342 τινας
1667 285 1770 333 τοῦ

3 360 114 505 ἕ

86 357 353 429 σώματος,
374 363 465 415 ἳνα
487 364 599 425 σως
610 357 799 424 αὐτοῖς
816 353 856 432 ᾖ
879 357 909 415 6
927 365 1031 415 τοῦ
1048 360 1230 431 δήμου
1249 359 1475 432 βοηθός.
1497 361 1607 415 Καὶ
1626 357 1768 430 μάλ’,

84 444 207 510 ἔφη.
241 440 481 498 Διδόασι
501 442 587 512 δή,
607 439 773 512 οἶμαι,
790 445 1068 507 δείσαντες
1085 439 1234 512 μὲν
1206 442 1346 513 υπερ
1366 445 1600 511 ἐκείνου,
1620 449 1770 510 θαρ-

4 581 11 588 ,
84 522 352 593 ρήσαντες
374 520 481 578 de‘
452 523 593 592 υπὲρ
613 544 787 579 εαυτω
796 546 842 577 ν.
880 525 989 579 Καὶ
1008 522 1170 593 μάλα.
1197 522 1428 580 Οὐκοῦν
1445 528 1613 580 τοῦτο
1632 522 1770 579 ὅταν

83 688 323 759 σόδημος
341 686 498 756 εἶναι,
525 687 658 742 τότε
671 685 739 758 δὴ
761 679 941 756 οὗτος,
965 681 1010 747 ὦ
1030 690 1225 759 ἑταῖρε,
1258 688 1396 743 κατὰ
1426 686 1525 744 τὸν
1544 691 1768 760 Κροίσῳ

3 837 12 844 ῃ
84 791 141 838 γε
151 771 389 839 νόμενον
405 768 657 839 χρησμὸν

874 850 1237 921 πολυψήφιδα
1258 849 1389 918 παρ’
1420 850 1629 921 Ἕρμον

257 932 470 1002 φεύγει,
490 930 622 988 οὐδὲ
642 934 810 1002 μένει,
843 929 966 987 οὐδ’
996 935 1225 987 αἰδεῖται
1245 930 1416 996 κακὸς
1440 930 1595 987 εἶναι.

86 1013 171 1068 Οὐ
187 1011 295 1084 γὰρ
317 1013 406 1082 ἅν,
426 1018 549 1084 ἔφη,
565 1012 827 1080 δεύτερον
845 1005 1013 1076 αὖθις
1031 1015 1330 1084 αἰδεσθείη.
1348 1010 1407 1068 Ὁ
1422 1016 1485 1069 δέ
1498 1034 1579 1084 γε,
1602 1011 1769 1083 οἶμαι,

86 1091 154 1167 ἦν
183 1093 237 1150 δ’
264 1095 390 1165 ε’γω’,
420 1097 797 1166 καταληφθεὶς
819 1094 1051 1168 θανάτῳ
1082 1098 1308 1150 δίδοται.
1340 1093 1594 1166 Ἀνάγκη.
1624 1092 1687 1150 Ὁ
1712 1095 1772 1149 δὲ

84 1178 150 1248 δὴ
172 1177 482 1248 προστάτης
506 1180 715 1242 ἐκεῖνος
734 1176 902 1241 αὐτὸς
923 1180 1095 1247 δῆλον
1125 1175 1192 1247 δὴ
1218 1176 1302 1232 ὅτι
1322 1180 1490 1248 μέγας
1518 1183 1772 1247 μεγαλω-

81 1265 184 1328 στί,
211 1257 282 1314 οὐ
301 1270 490 1329 κεῖται,
518 1257 656 1314 ἀλλὰ
685 1258 1016 1330 καταβαλῶν
1037 1257 1241 1321 ἄλλους
1269 1257 1510 1322 πολλοὺς
1540 1258 1770 1328 ἕστηκεν

81 1344 143 1396 ἐν
167 1347 244 1414 τῷ
265 1344 444 1413 δίφρῳ
463 1347 559 1411 τῆς
580 1339 808 1410 πόλεως,
838 1338 1113 1407 τύραννος
1133 1337 1254 1394 ἀντὶ
1282 1338 1599 1409 προστάτου
1627 1338 1770 1395 ἀπο-

82 1426 478 1493 τετελεσμένος.
523 1426 593 1477 Τί
608 1420 662 1477 δ’
691 1420 758 1476 οὐ
778 1423 988 1492 μέλλει;
1021 1424 1142 1492 ἔφη.

219 1506 368 1558 XVII.
395 1504 727 1574 Διέλθωμεν
745 1501 811 1575 δὴ
832 1501 935 1574 τὴν
943 1497 1389 1603 t&13&occuovtfocm³
1353 1525 1423 1573 ην
1443 1501 1495 1557 δ’
1521 1503 1647 1605 ἐγώ,
1666 1509 1770 1558 τοῦ

79 1606 135 1640 τε
156 1583 361 1654 ἀνδρὸς
380 1586 469 1641 καὶ
489 1591 584 1656 τῆς
603 1585 830 1655 πόλεως,
852 1586 911 1640 ἐν
927 1578 964 1657 ᾗ
982 1581 1054 1639 α“ν
1077 1583 1105 1639 6
1125 1589 1374 1649 τοιοῦτος
1392 1581 1593 1655 βροτὸς
1613 1588 1771 1654 ἐγγέ-

85 1691 269 1739 νηται;
304 1669 470 1724 Πάνυ
499 1670 603 1740 μὲν
622 1663 747 1740 οὖν,
778 1672 902 1769 ἔφη,
935 1670 1259 1739 διέλθωμεν.
1290 1660 1407 1738 Αρ’
1436 1668 1558 1737 οὐν,
1592 1665 1766 1738 εἷπον,

80 1749 148 1805 οὐ
174 1761 291 1815 ταῖς
318 1750 421 1820 μὲν
456 1770 694 1820 πρωταις
729 1747 956 1820 ἡμέραις
985 1771 1042 1804 τε
1072 1751 1163 1804 καὶ
1188 1748 1371 1822 χρόνω
1402 1754 1681 1820 προσγελᾷ
1711 1769 1770 1803 τε

81 1834 171 1887 καὶ
201 1830 495 1896 ἀσπάζεται
531 1831 757 1900 πάντας,
801 1822 845 1902 ᾦ
873 1826 946 1885 ἄν
975 1827 1364 1902 περιτυγχάνῃ,
1390 1831 1481 1885 καὶ
1510 1828 1638 1885 οὔτε
1668 1829 1770 1885 τύ-

84 1914 288 1981 ραννός
307 1930 480 1983 φησιν
501 1910 705 1980 εἷναι,’
679 1918 1022 1982 υπισχνεῑταί
1035 1934 1092 1967 τε
1118 1910 1295 1968 πολλα
1315 1914 1403 1967 και
1424 1915 1535 1968 ἰδία
1555 1914 1646 1968 καὶ
1667 1915 1767 1983 δη-

83 2001 265 2068 μοσίᾳ,
299 2002 480 2066 χρεῶν
508 2015 565 2050 τε
596 1992 967 2065 ἠλευθέρωσε,
1003 1996 1095 2050 καὶ
1122 2000 1229 2066 γῆν
1259 1995 1493 2065 διένειμε
1520 1994 1676 2067 δήμῳ
1708 2013 1766 2048 τε

80 2079 301 2142 καὶτοῖς
320 2080 443 2147 περὶ
469 2075 687 2144 ἑαυτόν,
711 2079 803 2132 καὶ
832 2083 1003 2132 πᾶσιν
1032 2077 1188 2141 ἵλεώς
1212 2098 1271 2132 τε
1299 2078 1391 2132 καὶ
1421 2082 1597 2146 πρᾶος
1625 2074 1766 2131 εἶναι

81 2169 483 2228 προσποιεῖται;
500 2156 752 2228 Ἀνάγκη,
773 2161 893 2229 ἔφη.
921 2155 1090 2214 Ὅταν
1110 2159 1174 2214 δέ
1188 2180 1268 2230 γε,
1290 2158 1458 2229 οἶμαι,
1479 2155 1618 2229 πρὸς
1636 2156 1768 2221 τούς

84 2242 184 2305 ἔξω
214 2237 452 2308 ἐχθροὺς
470 2249 584 2302 τοῖς
602 2238 706 2309 μὲν
724 2244 1056 2310 καταλλαγῇ,
1084 2237 1217 2304 τοὺς
1246 2238 1305 2294 δὲ
1333 2242 1423 2294 καὶ
1444 2242 1765 2310 διαφθείρῃ,

83 2322 173 2376 καὶ
192 2317 389 2390 ἡσυχία
413 2322 642 2375 ἐκείνων
658 2323 900 2391 γένηται,
929 2326 1152 2391 πρῶτον
1181 2322 1285 2392 μὲν
1311 2326 1585 2392 πολέμους
1612 2318 1766 2384 τινας

1802 369 1834 412 O

83 610 174 676 ἴδῃ
192 602 335 677 ἀνὴρ
354 605 604 677 χρήματα
622 609 763 676 ἔχων
780 608 871 661 καὶ
888 605 1023 676 μετὰ
1043 613 1157 661 τῶν
1175 606 1470 678 χρημάτων
1487 610 1667 662 αἰτίαν
1685 626 1768 676 μι-
1813 605 1817 611 ’

1800 1273 1834 1312 D

81 2402 164 2457 ἀεὶ
190 2412 347 2470 κινεῖ,
363 2398 440 2456 ἵν’
465 2404 525 2457 ἐν
550 2408 702 2474 χρείᾳ
720 2399 991 2473 ἡγεμόνος
1010 2399 1039 2458 6
1061 2406 1233 2474 δῆμος
1251 2396 1301 2476 ᾖ.
1323 2403 1492 2468 Εἰκός
1510 2424 1585 2472 γε.
1610 2400 1764 2459 Οὐκ·
1796 2418 1883 2467 567

83 2489 190 2539 οῦν
237 2485 326 2538 καὶ
363 2485 456 2537 ἵνα
494 2482 743 2553 χρήματα
782 2485 1130 2555 εἰσφέροντες
1174 2487 1402 2556 πένητες
1444 2485 1767 2556 γιγνόμενοι

83 2565 221 2633 πρὸς
238 2570 314 2638 τῷ
341 2563 474 2619 καθ’
499 2562 710 2634 ἡμέραν
728 2562 1144 2635 ἀναγκάζωνται
1170 2564 1310 2621 εἶναι
1338 2568 1428 2621 καὶ
1456 2559 1627 2638 ἧττον
1655 2564 1762 2622 αὖ·-

78 2668 153 2703 τω
177 2645 640 2718 ἐπιβουλεύωσιν;
678 2652 885 2716 Δῆλον.
927 2645 1087 2701 Καὶ”
1051 2669 1123 2702 αν
1148 2650 1215 2717 γε’
1242 2669 1409 2715 τινας,
1433 2645 1653 2719 οἷμαι,“
1622 2668 1768 2705 υπο-

82 2728 258 2800 πτεύῃ
277 2725 545 2797 ἐλεύθερα
565 2728 896 2800 φρονήματα
914 2732 1136 2800 ἔχοντας
1165 2728 1240 2801 μὴ
1273 2731 1583 2798 ἐπιτρέψειν
1613 2729 1765 2807 αυτῷ

81 2832 285 2881 αρχειν,
307 2808 457 2875 ὅπως
478 2806 550 2864 ἂν
579 2809 814 2876 τούτους
845 2809 978 2882 μετὰ
1010 2811 1341 2881 προφάσεως
1371 2810 1643 2915 ἀπολλύῃ,
1674 2816 1770 2870 ἐν·

1335 2886 1423 2937 17*
