1962 3236
176 168 280 221 358
790 170 1267 219 ΠΛΑΤῼΝΟΣ
1802 177 1861 221 40

174 302 362 376 χώραν
380 305 521 374 τινά,
542 304 604 358 τὸ
626 302 686 358 δὲ
703 299 830 374 μήτ’
864 305 924 357 ἐν
943 307 1014 375 γῇ
1036 302 1170 372 μήτε
1189 321 1300 358 που
1330 302 1453 358 κατ’
1484 301 1732 372 οὐρανὸν
1761 301 1830 359 οὐ

179 386 275 441 δὲν
301 383 456 440 εἶναι.
494 389 666 438 ταῦτα
687 381 753 454 δὴ
775 383 956 438 πάντα
986 384 1077 439 καὶ
1105 381 1322 439 τούτων
1352 381 1492 439 ἄλλα
1520 382 1734 454 ἀδελφὰ
1771 385 1862 438 καὶ

176 471 298 538 περὶ
318 467 419 538 τὴν
440 466 657 521 ἄϋπνον
676 469 767 521 καὶ
788 463 1013 536 ἀληθῶς
1031 465 1206 536 φύσιν
1224 462 1584 537 ὑπάρχουσαν
1603 463 1714 521 ὑπὸ
1735 465 1861 520 ταύ-

119 557 150 599 C
177 571 271 620 της
291 571 385 619 της
397 546 732 615 ονειρωξεως
745 544 812 602 οὐ
834 548 1059 602 δυνατοὶ
1077 547 1389 619 γιγνόμεθα
1409 549 1727 617 ἐγερθέντες
1746 550 1863 602 διο-

178 630 454 701 ριζόμενοι
471 629 708 701 τάληθες
725 631 923 700 λέγειν,
936 627 1019 729 ‘059
1038 630 1211 685 εἰκόνι
1234 632 1352 700 μέν,
1377 631 1597 699 ἐπείπερ
1619 626 1744 683 οὐδ’
1766 626 1861 682 αὐ-

175 711 236 766 τὸ
257 716 440 782 τοῦτο,
467 711 558 781 ἐφ’
582 712 624 784 ῳ
645 713 890 782 γέγονεν,
925 711 1120 781 ἑαυτῆς
1139 712 1304 782 ἐστίν,
1326 713 1515 782 ἑτέρου
1535 714 1596 765 δέ
1612 731 1760 774 τινος
1780 706 1864 763 ἀεὶ

176 796 399 863 φέρεται
425 792 740 864 φάντασμα,
774 790 862 848 διὰ
885 799 1059 847 ταῦτα
1086 795 1146 847 ἐν
1172 793 1337 865 ἑτέρῳ
1367 792 1632 863 προσήκει
1653 793 1759 846 τινὶ
1778 795 1864 860 γί-

174 881 428 945 γνεσθαι,
467 871 657 938 οὐσίας
686 871 839 944 ἀμως
873 876 937 943 γέ
969 893 1085 971 πως
1114 870 1504 943 ἀντεχομένην,
1532 869 1567 942 η’
1591 874 1762 942 μηδὲν
1796 868 1857 925 τὸ

175 956 439 1025 παράπαν
458 954 635 1026 αὐτὴν
655 955 810 1025 εἶναι,
824 962 902 1029 τῷ
921 953 1021 1010 δὲ’
1001 955 1175 1019 όντως
1194 952 1313 1010 ὄντι
1331 951 1586 1025 βοηθὸς
1563 976 1591 1008 ο
1614 951 1687 1008 δι’
1716 952 1862 1021 ἀκρι-

174 1044 325 1108 βείας
360 1036 575 1108 ἀληθὴς
603 1037 785 1108 λόγος,
826 1035 899 1101 ὡς
926 1038 1028 1102 ἕως
1054 1035 1124 1092 ἄν
1147 1057 1198 1091 τι
1226 1034 1287 1091 τὸ
1321 1058 1423 1108 μεν
1449 1034 1583 1091 άλλο
1613 1028 1667 1107 ᾗ,
1704 1031 1763 1088 τὸ
1804 1035 1862 1087 δὲ

176 1117 330 1188 ἄλλο,
363 1118 658 1188 οὐδέτερον
687 1121 749 1174 έν
778 1117 1050 1192 οὐδετέρῳ
1085 1116 1217 1174 ποτε
1238 1121 1610 1189 γεγενημένον
1639 1119 1702 1171 ἓν
1745 1113 1858 1186 ἅμα

112 1213 146 1253 D
177 1198 382 1256 ταύτὸν
400 1201 491 1255 καὶ
512 1198 613 1254 δύο
642 1198 1005 1271 γενήσεσθον.

314 1285 443 1336 ΧΙΧ.
486 1275 666 1344 Οὗτος
684 1281 786 1351 μὲν
814 1275 921 1335 οὖν
950 1278 1015 1351 δὴ
1039 1278 1187 1351 παρὰ
1218 1285 1313 1349 τῆς
1339 1281 1468 1350 ἐμῆς
1487 1279 1683 1350 ψήφου
1707 1284 1861 1346 λογι-

180 1365 333 1427 σθεὶς
358 1367 418 1418 ἐν
444 1367 728 1436 κεφαλαίῳ
761 1363 1016 1418 δεδόσθω
1054 1360 1234 1431 λόγος,
1259 1359 1327 1416 ὅν
1345 1382 1403 1415 τε
1435 1363 1525 1416 καὶ
1552 1361 1740 1430 χώραν
1768 1360 1860 1413 καὶ

175 1447 395 1516 γένεσιν
416 1444 557 1501 εἶναι
575 1451 698 1513 τρία
723 1451 880 1517 τριχῇ
898 1446 988 1500 καὶ
1009 1445 1140 1513 πρὶν
1170 1439 1419 1513 οὐρανὸν
1437 1445 1720 1512 γενέσθαι·
1761 1439 1863 1510 τὴν

112 1557 115 1562 ’
178 1528 239 1583 δὲ
269 1527 335 1597 δὴ
372 1529 638 1597 γενέσεως
674 1527 915 1597 τιθήνην
944 1523 1354 1596 ὑγραινομένην
1377 1526 1469 1581 καὶ
1500 1527 1859 1595 πυρουμένην

175 1610 266 1664 καὶ
291 1607 386 1673 τὰς
405 1615 505 1679 γῆς
524 1630 581 1662 τε
599 1609 692 1664 καὶ
712 1605 873 1679 ἀέρος
890 1607 1109 1678 μορφὰς
1129 1611 1445 1679 δεχομένην,
1468 1609 1561 1663 καὶ
1586 1605 1690 1662 ὅσα
1719 1605 1861 1661 ἄλλα

110 1707 142 1747 Ε
174 1692 391 1755 τούτοις
428 1691 587 1761 πάθη
636 1693 924 1756 ξυνέπεται
967 1691 1319 1761 πάσχουσαν,
1354 1690 1714 1760 παντοδαπὴν
1761 1691 1862 1760 μὲν

178 1776 316 1829 ἰδεῖν
337 1779 656 1843 φαίνεσθαι,
688 1771 776 1827 διὰ
808 1774 866 1828 δὲ
893 1774 954 1828 τὸ
987 1772 1128 1844 μήθ’
1161 1771 1367 1844 ὁμοίων
1399 1772 1693 1844 δυνάμεων
1726 1772 1860 1842 μήτε

178 1858 499 1927 ἰσορρόπων
538 1859 914 1928 ἐμπίπλασθαι
949 1856 1076 1911 κατ’
1104 1853 1269 1912 οὐδὲν
1313 1853 1480 1926 αὐτῆς
1521 1859 1856 1926 ἰσορροπεῐν,

176 1939 296 1996 ἀλλ’
323 1939 628 2010 ἀνωμάλως
661 1939 840 2010 πάντη
869 1941 1322 2009 ταλαντουμένην
1353 1943 1602 1993 σείεσθαι
1627 1935 1729 2006 μὲν
1757 1932 1856 1989 ὑπ’

177 2026 404 2077 ἐκείνων
424 2020 619 2092 αὐτήν,
641 2024 981 2091 κινουμένην
1001 2018 1052 2074 δ’
1076 2015 1150 2075 αὖ
1170 2015 1340 2075 πάλιν
1367 2022 1546 2074 ἐκεῖνα
1566 2023 1755 2073 σείειν·
1794 2015 1860 2069 τά

177 2106 236 2158 δὲ
272 2104 577 2173 κινούμενα
615 2103 754 2158 ἄλλα
791 2101 990 2157 ἄλλοσε
1020 2101 1104 2156 ἀεὶ
1141 2104 1411 2171 φέρεσθαι
1450 2098 1858 2169 διακρινόμενα,

177 2183 363 2254 ὥσπερ
382 2184 448 2239 τά
469 2183 577 2239 ὑπὸ
610 2191 724 2239 τῶν
755 2183 1053 2239 πλοκάνων
1081 2204 1139 2238 τε
1174 2184 1267 2237 καὶ
1300 2180 1563 2252 ὀργάνων
1590 2186 1703 2235 τῶν
1735 2181 1858 2249 περὶ

175 2264 279 2335 τὴν
312 2272 416 2321 τοῦ
450 2270 606 2320 σίτου
642 2265 924 2334 κάθαρσιν
962 2264 1222 2334 σειόμενα
1258 2265 1350 2318 καὶ
1396 2260 1752 2332 ἀνικμτόμενα
1790 2262 1855 2315 τα

87 2359 142 2404 53
173 2346 276 2419 μὲν
297 2348 483 2403 πυκνά
503 2349 595 2403 καὶ
616 2349 790 2419 βαρέα
806 2347 962 2419 ἄλλῃ,
994 2344 1061 2401 τὰ
1085 2349 1144 2401 δὲ
1162 2343 1310 2417 μανά
1329 2347 1421 2400 καὶ
1441 2351 1629 2414 κοῦφα
1654 2347 1729 2407 εἰς
1746 2343 1860 2397 ἑτέ-

174 2451 280 2498 ραν
324 2432 421 2496 ἴζει
456 2429 740 2500 φερόμενα
778 2429 973 2497 ἕδραν·
1029 2427 1152 2484 τότε
1189 2426 1335 2482 οὕτω
1362 2427 1427 2481 τὰ
1463 2428 1689 2494 τέτταρα
1726 2425 1858 2494 γένη

173 2510 433 2581 σειόμενα
453 2509 562 2566 ὑπὸ
586 2517 679 2581 τῆς
708 2511 1021 2581 δεξαμένης,
1053 2512 1384 2580 κινουμένης
1408 2506 1579 2578 αὐτῆς
1609 2503 1728 2562 οἶον
1760 2503 1859 2574 ὀρ-

172 2590 351 2661 γάνου
376 2592 604 2663 σεισμὸν
628 2593 979 2662 παρέχοντος,
1000 2590 1066 2647 τά
1085 2590 1186 2661 μὲν
1215 2588 1582 2660 ἀνομοιότατα
1601 2595 1858 2643 πλεῖστον

174 2671 316 2728 αὐτὰ
336 2670 435 2743 ἀφ’
460 2671 646 2728 αὐτῶν
663 2672 881 2745 ὁρίζειν,
899 2673 965 2728 τὰ
986 2672 1040 2728 δ’
1062 2670 1355 2745 ὁμοιότατα
1375 2672 1612 2743 μάλιστα
1630 2673 1705 2732 εἰς
1724 2664 1862 2722 ταύ-

173 2753 272 2808 τόν
293 2757 569 2819 ξυνωθεῖν
584 2777 596 2789 ·
619 2754 703 2810 διὸ
728 2753 794 2827 δὴ
818 2758 909 2812 καὶ
925 2756 1115 2826 χώραν
1129 2761 1304 2811 ταῦτα
1323 2751 1652 2822 ἅλλαᾶλλην
1667 2758 1857 2819 ἴσχειν,

175 2836 306 2902 πρὶν
325 2839 413 2891 καῖ
440 2835 500 2891 τὸ
529 2844 642 2893 πᾶν
661 2840 715 2903 ἐξ
745 2835 934 2893 αὐτῶν
954 2835 1331 2907 διακοσμηθὲν
1358 2836 1634 2904 γενέσθαι.
1674 2833 1765 2886 καὶ
1799 2829 1859 2885 τὸ

1957 2880 1962 2944 ῑ

1960 2967 1962 3032 1
