1962 3236
0 0 122 51 ³3⁸.
177 0 242 17 ,η
319 0 335 13 .

66 181 121 226 1³
212 206 219 213 .
729 169 1111 218 TfMAmz.
1641 166 1745 219 331

8 304 441 378 λαμβάνοντες
453 300 692 366 ἅπαντες
711 300 1094 372 πειρασόμεθα
1106 299 1167 356 τό
1184 302 1400 371 πρέπον
1412 304 1488 363 είς
1508 298 1751 370 δύναμιν

0 335 29 538 ἓ
61 384 144 453 οἷς
161 390 419 480 ἐπέταξας
444 381 770 439 ἀποδοῦναι.
809 393 1036 437 σκοπεῖν
1065 375 1172 436 οὖν
1193 380 1258 451 δὴ
1281 380 1403 453 χρή,
1433 403 1477 436 ω
1513 380 1750 447 Σώκρα-

61 491 168 538 τες,
200 472 251 541 εζ
269 465 406 521 κατὰ
427 470 570 520 νοῦν
600 461 630 519 ὁ
655 464 818 533 λόγος
845 460 978 533 ἡμῖν
1017 454 1196 532 οὗτος,
1224 461 1262 532 ἤ
1295 482 1419 516 τινα
1456 459 1536 515 ἔτ’
1575 460 1748 516 ἄλλον
1800 474 1813 512 2

0 540 18 617 ξ
61 547 185 604 ἄντ’
211 547 387 603 αὐτοῦ
413 547 682 616 ζητητέον.

205 635 330 687 ΣΩ.
368 630 478 684 Καὶ
494 623 602 683 τίν’
631 648 720 695 αν,
745 648 788 681 ω
806 632 1020 696 Κριτία,
1053 633 1267 697 μᾶλλον
1285 624 1408 680 ἀντὶ
1427 624 1633 680 τούτου
1650 646 1750 695 με·

63 712 415 783 ταλάβοιμεν,
446 707 505 773 ὃς
522 714 589 779 τῇ
608 729 667 762 τε
686 708 945 779 παρούσῃ
964 712 1059 777 τῆς
1078 714 1222 762 θεοῦ
1240 711 1414 762 θυσία
1436 705 1525 762 δια
1545 706 1647 776 τὴν
1667 709 1750 761 οἰ-

61 788 366 864 κειότητ”“
330 814 403 846 αν
428 792 628 860 πρέποι
657 788 910 860 μάλιστα,
933 789 997 844 τό
1025 810 1084 843 τε
1110 788 1182 859 μή
1207 790 1526 843 πλασθέντα
1557 793 1748 858 μῦθον

62 876 190 935 ἀλλ’
223 873 499 947 ἀληθινὸν
526 874 698 945 λόγον
730 872 868 929 εἶναι
897 872 1157 943 πάμμεγα
1189 891 1315 926 που.
1369 877 1487 934 πῶς
1520 868 1629 940 γάρ
1660 872 1750 925 καὶ

64 960 247 1015 πόθεν
266 958 469 1021 ἄλλους
488 954 873 1026 ἀνευρήσομεν
891 952 1160 1055 ἀφέμενοι
1178 954 1422 1019 τούτων;
1458 949 1560 1007 οὐκ
1581 955 1748 1020 ἔστιν,

63 1039 189 1096 ἀλλ’
221 1039 411 1110 α’γαθῇ
438 1038 574 1110 τύχῃ
611 1035 714 1107 χρὴ
745 1038 926 1107 λέγειν
957 1057 1059 1107 μεν
1088 1033 1249 1106 ὑμᾶς,
1280 1034 1371 1104 ἐμὲ
1401 1033 1460 1088 δε
1488 1030 1612 1088 ἀντὶ
1637 1036 1751 1087 τῶν

63 1123 194 1195 χθὲς
214 1122 399 1190 λόγων
417 1125 526 1173 νῦν
544 1116 778 1189 ἡσυχίαν
796 1118 1005 1187 ἄγοντα
1025 1115 1369 1171 αντακούειν.

208 1207 318 1257 ΚΡ.
355 1199 567 1255 Σκόπει
586 1197 653 1269 δὴ
674 1220 778 1268 την
795 1203 910 1253 τῶν
930 1201 1128 1263 ξενίων
1148 1217 1237 1252 σοι
1256 1196 1530 1263 διαθεσιν,
1548 1216 1591 1249 ω
1622 1193 1755 1249 Σώ-

66 1306 278 1356 κρατες,
298 1275 334 1355 ᾗ
354 1284 626 1351 διέθεμεν.
664 1284 816 1344 ἔδοξε
832 1278 941 1349 γὰρ
959 1277 1093 1349 ἡμῖν
1118 1283 1350 1348 Τίμαιον
1367 1279 1487 1347 μέν,
1500 1297 1595 1330 ατε
1615 1274 1754 1330 ὄντα

65 1362 616 1435 ἅστρονομικωτατον
638 1358 798 1432 ἡμων
817 1362 907 1416 καὶ
935 1362 1060 1430 περὶ
1087 1359 1310 1429 φύσεως
1328 1362 1428 1413 τοῦ
1450 1354 1655 1421 παντὸς
1675 1360 1754 1410 εί-

66 1450 222 1504 δέναι
243 1445 479 1516 μάλιστα
507 1447 674 1514 ἔργον
696 1444 1086 1514 πεποιημένον,
1122 1446 1344 1511 πρῶτον
1373 1442 1554 1508 λέγειν
1583 1435 1749 1508 ἀρχό·

70 1551 243 1623 μενον
262 1524 371 1581 ἀπὸ
393 1531 489 1596 τῆς
505 1529 608 1580 τοῦ
625 1523 841 1595 κόσμου
859 1526 1141 1594 γενέσεως,
1173 1526 1439 1594 τελευτᾷν
1457 1519 1518 1576 δὲ
1545 1523 1621 1583 εἰς
1650 1517 1754 1573 ἆν-

68 1610 320 1680 θρσίπων
338 1608 540 1678 φύσιν·
576 1607 668 1678 ἐμὲ
691 1607 750 1663 δὲ
768 1606 902 1678 μετὰ
919 1612 1138 1676 τοῦτον,
1162 1603 1235 1669 ὦς
1259 1604 1408 1675 παρὰ
1428 1625 1532 1673 μεν
1549 1599 1755 1656 τούτου

69 1695 401 1762 δεδεγμένον
419 1687 764 1757 ἀνθρώπους
784 1694 860 1762 τῷ
884 1688 1030 1762 λόγω
1049 1686 1362 1758 γεγονότας,
1385 1705 1533 1753 παρα
1559 1689 1665 1738 σοῦ
1694 1683 1754 1737 δὲ

68 1773 539 1842 πεπαιδευμένους
569 1769 947 1840 διαφερόντως
979 1767 1165 1823 αὐτῶν
1195 1767 1365 1836 τινας,
1396 1763 1534 1822 κατὰ
1565 1765 1624 1821 δε
1651 1763 1754 1820 τὸν
1780 1787 1812 1827 B

71 1854 334 1916 Σόλωνος
352 1851 524 1921 λόγον
548 1873 605 1906 τε
626 1853 716 1906 καὶ
736 1850 915 1922 νόμον
946 1850 1311 1920 εἰσαγαγόντα
1340 1845 1546 1912 αύτούς
1576 1844 1649 1910 ὥς
1678 1849 1756 1910 εἰς

67 1932 326 1997 δικαστὰς
344 1930 487 2002 ὑμᾶς
507 1938 729 2002 ποιῆσαι
748 1937 971 1996 πολίτας
983 1938 1078 2002 τῆς
1093 1930 1304 1995 πόλεως
1322 1933 1485 2001 τῆσδε
1500 1925 1572 1993 ὡς
1590 1927 1755 1993 ὄντας

67 2017 199 2081 τούς
216 2014 335 2071 τότε
349 2013 698 2085 Ἀθηναίους,
717 2013 816 2079 οὓς
834 2015 1109 2084 ἐμήνυσεν
1135 2012 1364 2082 ἀφανεῖς
1385 2011 1550 2076 ὄντας
1574 2009 1608 2082 ἡ
1639 2016 1754 2067 τῶν

67 2104 235 2169 ἱερῶν
253 2097 589 2170 γραμμάτων
609 2098 783 2169 φήμη,
801 2097 866 2152 τὰ
889 2094 1052 2153 λοιπὰ
1074 2099 1132 2151 δὲ
1153 2094 1227 2159 ὡς
1246 2097 1370 2163 περὶ
1396 2098 1638 2150 πολιτῶν
1663 2095 1751 2148 καὶ

63 2181 378 2252 Ἀθηναίων
396 2180 578 2237 ὄντων
595 2180 701 2251 ἤδη
722 2189 1000 2236 ποιεῖσθαι
1024 2179 1154 2244 τούς
1172 2178 1389 2248 λόγους.

212 2268 336 2318 ΣΩ.
381 2263 589 2326 Τελέως
606 2282 663 2316 τε
683 2263 774 2317 καὶ
796 2267 1058 2333 λαμπραῖς
1077 2266 1228 2316 ἔοικα
1259 2257 1751 2331 ἆνταπολήψεσθοιι

68 2343 172 2414 τὴν
190 2350 303 2399 τῶν
322 2342 505 2413 λόγων
525 2344 782 2398 ἑστίασιν.
821 2344 925 2399 σὸν
943 2336 1047 2398 οὖν
1067 2348 1232 2413 ἔργον
1253 2345 1434 2412 λέγειν
1462 2339 1551 2411 ἄν,
1583 2336 1628 2396 ὦ
1660 2346 1753 2397 Τί·-

68 2445 211 2495 μαιε,
233 2432 315 2494 εἴη
335 2422 395 2478 τό
416 2422 550 2494 μετὰ
570 2430 753 2491 τοῦτο,
774 2421 847 2488 ὥς
865 2427 1060 2492 ἔοικεν,
1082 2426 1478 2478 ἐπικαλέσαντα
1499 2421 1635 2478 κατὰ
1656 2422 1755 2478 νό-

70 2530 178 2579 μον
200 2505 383 2570 θεούς.

214 2593 270 2642 V.
316 2593 404 2643 TI.
439 2584 605 2654 Ἀλλ’,
626 2579 673 2640 ὦ
691 2586 1004 2655 Σώκρατες,
1025 2586 1189 2640 τοῦτό
1214 2606 1276 2655 γε
1296 2583 1363 2655 δὴ
1392 2584 1611 2655 πάντες,
1632 2582 1755 2641 ὅσοι
1781 2607 1813 2649 c

71 2672 162 2726 καὶ
181 2667 318 2725 κατὰ
338 2667 517 2739 βραχὺ
535 2667 907 2739 σωφροσύνης
920 2673 1257 2736 μετέχουσιν,
1279 2667 1367 2722 ἐπὶ
1386 2665 1594 2732 παντὸς
1612 2664 1754 2739 ὁρμῇ

73 2754 163 2807 καὶ
182 2755 421 2821 σμικροῦ
442 2752 530 2803 καὶ
551 2747 796 2818 μεγάλου
814 2747 1133 2818 πράγματος
1151 2746 1292 2803 θεὸν
1311 2745 1401 2802 ἀεί
1418 2766 1530 2802 που
1548 2753 1756 2804 καλοῦ-

74 2848 189 2887 σιν·
223 2829 366 2901 ἡμᾶς
385 2831 441 2886 δὲ
468 2829 599 2893 τοὺς
619 2830 741 2897 περὶ
773 2835 872 2884 τοῦ
901 2829 1108 2893 παντὸς
1139 2829 1342 2898 λόγους
1370 2832 1657 2885 ποιεῖσθαί
1681 2847 1756 2901 πῃ

1775 1123 1834 1169 27
