1962 3236
600 178 713 226 110
726 177 929 225 AH’E
947 177 1089 224 ιΛΣ
1109 169 1169 239 γ’.
1633 174 1701 228 71

165 317 247 368 lv.
277 319 346 369 Τί
361 315 425 369 δέ
433 338 448 380 ;
486 322 669 368 ποιεῖν
689 309 868 379 ἄνδρα
885 307 987 364 τὸν
1005 308 1338 380 σοφώτατον
1356 312 1607 382 λέγοντα,
1629 309 1703 376 ὡς

24 397 183 449 δοκεῖ
197 392 347 468 αὐτῷ
358 393 656 449 κάλλιστον
675 390 816 447 εἶναι
835 390 1080 460 πάντων,
1094 389 1231 446 ὅταν
1246 397 1579 463 παραπλεῖαι
1600 384 1702 446 ὦσι

263 499 280 529 ί

21 475 285 612 τραῖῗτζῖυ
301 557 393 611 καὶ
410 575 638 624 κρειων,
676 554 825 622 μέθυ
851 551 895 607 δ’
923 555 981 608 ἐκ
1003 557 1277 625 κρητῆρος
1300 551 1578 625 ἀφύσσων
1733 557 1764 597 Β

127 638 375 709 οἰνοχόος
393 638 627 707 φορέῃσι
646 636 738 689 καὶ
754 636 934 704 ἐγχείῃ
958 634 1238 707 δεπάεσσι,
1513 634 1634 702 *As-15(
1680 643 1700 685 ’,ί
1753 640 1763 653 ’“

20 725 177 776 δοκεῖ
190 738 277 774 σοι
298 716 607 787 ἐπιτήδειον
628 714 768 770 εἶναι
797 713 937 786 πρὸς
966 716 1291 786 ἐγκράτειαν
1311 718 1519 773 ἑαυτοῦ
1538 716 1702 773 ἀκού·

19 823 104 857 ειν
122 804 256 873 νέως
293 795 331 870 ἦ
349 797 410 854 τὸ
1806 864 1811 870 ,

161 886 300 955 λιμῷ
322 878 367 935 δ’
392 887 668 935 οἴκτιστον
685 883 915 934 θανέειν
933 879 1026 934 καὶ
1046 877 1262 949 πότμον
1281 881 1559 946 ἐπισπεῖν;
1618 915 1620 917 ·
1650 896 1653 897 ’
1675 876 1686 921 ἶ
1749 881 1758 898 ³
1811 882 1817 887 ’
1842 875 1852 882 ’

16 962 52 1036 ἦ
74 970 202 1033 Δία,
238 957 638 1018 κάθευδόντων
656 966 772 1016 τῶν
790 958 976 1015 ἄλλων
997 966 1152 1014 θεῶν
1170 980 1228 1014 τε
1257 961 1348 1015 καὶ
1378 958 1703 1033 ἀνθρώπων

16 1048 110 1103 καὶ
145 1045 315 1117 μόνος
350 1040 665 1115 ἐγρηγορώς
703 1038 739 1096 ἃ
776 1042 1173 1113 ἐβουλεύσατο,
1222 1041 1439 1097 τούτων
1475 1043 1703 1098 πάντων

16 1132 222 1202 ῥᾳδίως
258 1125 777 1194 ἐπιλανθανόμενον
815 1121 904 1178 διὰ
937 1122 1039 1194 τὴν
1058 1130 1173 1179 τῶν
1201 1121 1547 1195 ἀφροδισίων
1583 1125 1705 1180 ἐπι-
1734 1143 1765 1187 c

18 1214 251 1279 θυμίαν,
267 1207 359 1261 καὶ
371 1204 548 1268 οὕτως
561 1206 899 1275 ἐκπλαγέντα
912 1205 1102 1259 ἰδόντα
1113 1202 1566 1275 τὴν”Ηραν,ὤστε
1576 1202 1701 1276 μηδ’
1724 1234 1765 1270 J:
1834 1263 1837 1266 ,
1899 1231 1918 1265 „3
1943 1239 1950 1253 ,-

17 1295 94 1354 είς
112 1288 172 1344 τό
198 1287 478 1358 δωμάτιον
502 1289 720 1341 ἐθέλειν
751 1289 966 1357 ἐλθεῖν,
1000 1284 1115 1341 ἀλλ’
1135 1284 1323 1341 ἀὐτοῦ
1353 1285 1702 1357 βουλόμενον

14 1371 179 1442 χαμαὶ
191 1373 603 1439 ξυγγίγνεσθαι,
627 1369 720 1423 καὶ
729 1370 962 1438 λέγοντα
977 1365 1050 1432 ὥς
1073 1364 1251 1432 οὕτως
1271 1363 1380 1422 ὑπὸ
1405 1367 1703 1437 ἐπιθυμίας

14 1457 216 1524 ἔχεται,
255 1449 331 1517 ὥς
368 1449 486 1506 οὐδ’
522 1449 614 1507 ὅτε
649 1449 711 1506 τὰ
732 1458 957 1522 πρῶτον
993 1452 1234 1521 ἐφοίτων
1263 1448 1403 1519 πρὸς
1427 1445 1701 1519 ἀλλήλους

503 1538 701 1603 φίλους
720 1533 962 1604 λήθοντε
987 1539 1216 1604 τοκῆας;
1778 1598 1781 1602 .

14 1615 146 1673 οὐδὲ
163 1613 374 1683 ’Ἄρει-ἇς
403 1635 461 1670 τε
485 1616 578 1670 καὶ
602 1612 925 1686 Ἀφροδίτης
952 1612 1060 1670 ὑπὸ
1079 1612 1385 1683 Ἡφαίστου
1406 1612 1614 1684 δεσμὸν
1633 1609 1699 1669 δι’

13 1698 172 1753 ἓτεοα
191 1702 435 1752 τοιαῦτα.
496 1694 582 1752 Ού
602 1694 677 1767 μὰ
699 1694 798 1752 τὸν
815 1702 927 1753 Δία
941 1739 957 1767 ,
986 1690 1022 1768 ἦ
1044 1694 1087 1751 δ’
1115 1694 1206 1766 ὅς,
1248 1693 1318 1752 οὔ
1335 1718 1430 1767 μοι
1448 1699 1704 1767 φαίνεται

13 1779 341 1850 ἐπιτήδειον.
391 1776 526 1833 Ἀλλ’
551 1786 605 1833 εἰ
618 1778 731 1834 πού
751 1801 913 1848 τινες,
940 1771 1013 1850 ἦν
1034 1775 1080 1832 δ’
1101 1778 1208 1848 ἐγώ
1221 1820 1236 1847 ,
1256 1782 1541 1849 καρτερίαι
1559 1777 1701 1848 πρὸς
1728 1793 1765 1835 D

13 1859 232 1917 ἅπαντ’ν
253 1861 345 1915 καὶ
373 1861 627 1929 λέγονται
656 1861 746 1915 καὶ
774 1860 1107 1930 πράττονται
1139 1856 1248 1916 ὑπὸ
1277 1862 1581 1931 ἐλλογίμων
1609 1856 1700 1914 ἀν-

14 1947 195 2014 δρῶν,
232 1942 471 1996 θεατέον
487 1961 544 1995 τε
565 1942 657 1995 καὶ
677 1938 1009 2011 ἀκουστέον,
1050 1938 1173 1997 οἷον
1190 1944 1283 1997 καὶ
1301 1941 1362 1997 τὸ

119 2029 326 2093 στῆθος
346 2023 405 2077 δὲ
423 2022 629 2093 πλήξας
649 2026 884 2094 κραδίην
900 2021 1142 2094 ἠνίπαπε
1162 2022 1359 2096 μύθῳ·

117 2107 341 2161 τέτλαθι
362 2104 432 2177 δή
445 2147 460 2175 ,
500 2108 724 2177 κραδίη·
754 2107 845 2161 καὶ
866 2106 1142 2176 κύντερον
1163 2104 1297 2161 ἄλλο
1318 2103 1433 2161 ποτ’
1456 2110 1627 2176 ἔτλης.

12 2186 346 2243 Παντάπασι
383 2185 485 2258 μὲν
524 2182 656 2258 οὖν,
700 2191 822 2259 ἔφη.
902 2185 989 2244 Οὐ
1024 2189 1126 2259 μὲν
1158 2188 1223 2259 δὴ
1265 2188 1622 2258 δωροδόκους
1639 2209 1703 2258 γε

13 2271 204 2327 ἐατέον
216 2267 355 2325 εἶναι
380 2267 509 2334 τοὺς
534 2269 743 2338 ἄνδρας
764 2267 895 2325 οὐδὲ
914 2269 1376 2342 φιλοχρημάτους.
1404 2267 1695 2340 Οὐδαμῶς.
1731 2288 1764 2329 Ε

18 2347 151 2407 Οὐδ’
176 2349 373 2424 ᾀστέον
393 2349 579 2416 αὐτοῖς
596 2349 682 2407 ὅτι

187 2434 338 2501 δῶρα
356 2430 529 2497 θεοὺς
544 2438 728 2488 πείθει
741 2475 754 2502 ,
790 2432 919 2503 δῶρ’
945 2437 1189 2499 αἰδοίους
1206 2439 1488 2506 βασιλῆας·

16 2509 149 2567 οὐδὲ
168 2508 265 2566 τὸν
295 2518 396 2569 τοῦ
409 2508 692 2582 Ἀχιλλέως
714 2513 1071 2585 παιδαγωγὸν
1100 2520 1336 2571 Φοίνικα
1366 2516 1703 2585 ἐπαινετέον,
1763 2577 1765 2582 ,

18 2589 92 2656 ὥς
110 2597 342 2662 μετρίως
379 2595 529 2663 ἔλεγε
561 2596 969 2665 συμβουλεύων
997 2594 1152 2669 αὐτῷ
1179 2600 1332 2667 δῶρα
1352 2598 1455 2667 μὲν
1474 2596 1706 2668 λαβόντι

15 2674 320 2743 ἐπαμύνειν
352 2684 465 2738 τοῖς
482 2671 738 2745 Ἀχαιοῖς,
780 2674 916 2731 ἄνευ
944 2679 1003 2731 δὲ
1041 2677 1242 2748 δώρων
1271 2698 1344 2747 μη
1372 2675 1704 2734 ἀπαλλάττε·

18 2762 155 2811 σθαι
173 2761 269 2825 τῆς
290 2755 503 2825 μήνιος.
526 2753 643 2811 οὐδ’
666 2754 841 2812 αὐτὸν
857 2757 956 2812 τὸν
978 2756 1217 2828 Ἀχιλλέα
1250 2755 1560 2830 ἀξιώσομεν
1585 2756 1702 2815 οὐδ’

18 2830 434 2908 ὄμολογήσομεν
453 2835 600 2892 οὕτω
634 2847 835 2910 φιλοχρ
852 2906 855 2909 Δ
873 2861 1050 2910 ματον
1071 2838 1236 2907 εἶναι,
1278 2837 1415 2896 ὥστε
1436 2839 1584 2912 παρὰ
1605 2847 1707 2897 τοῦ
