1962 3236
594 164 1080 212 ΠΟΛΙΤΕΙΑΣ
1111 158 1179 210 θ’.
1613 161 1716 214 285

32 299 160 356 οὐδ’
191 297 263 355 ἄν
286 301 550 371 πάμπολυ
578 299 662 353 ἐπὶ
690 297 868 370 τούτῳ
899 295 1219 366 λαμβάνειν,
1251 300 1300 350 εἰ
1327 295 1387 351 δὲ
1415 295 1475 351 τό
1514 298 1718 352 ἑαυτοῦ

2 432 8 436 .
34 382 327 438 θειότατον
346 379 456 437 ὑπὸ
488 387 566 455 τῷ
584 377 884 452 ἀθεωτάτῳ
908 399 966 433 τε
995 379 1087 432 καὶ
1117 377 1443 450 μιαρωτάτῳ
1475 381 1718 433 δουλοῦ-

35 485 123 518 ται
151 464 241 517 καὶ
269 465 442 532 μηδὲν
470 463 630 530 ἐλεεῖ,
670 458 774 515 οὐκ
806 458 913 529 ἄρα
947 457 1144 522 ἄθλιός
1174 460 1285 514 ἐστι
1320 461 1412 514 καὶ
1447 458 1590 515 πολὺ
1627 461 1715 515 ἐπὶ
1748 473 1832 517 590

35 547 326 616 δεινοτέρῳ
374 542 592 614 ὀλέθρῳ
630 540 844 611 χρυσὸν
890 543 1197 609 δωροδοκεῖ
1236 536 1272 610 ἦ
1320 538 1585 612 Ἐριφύλη
1633 544 1720 596 ἐπὶ

34 632 100 695 τῇ
123 631 223 680 τοῦ
244 622 448 692 ἀνδρὸς
476 630 624 693 ψυχῇ
651 621 753 677 τὸν
782 621 959 691 ὅρμον
990 624 1285 691 δεξαμένης
1323 621 1482 677 Πολὺ
1512 624 1717 692 μέντοι,

34 700 68 777 ἦ
102 705 151 761 δ’
187 704 249 771 ὃς
279 704 307 760 ὁ
342 704 640 760 Γλαύκων·
678 700 784 772 ἐγώ
817 702 924 771 γάρ
956 719 1042 755 σοι
1071 700 1213 771 ὑπὲρ
1243 705 1459 757 ἐκείνου
1487 700 1721 773 ἀποκρι-

39 797 257 860 νοῦμαι.

174 874 305 925 Xlll.
346 867 576 925 Οὐκοῦν
596 872 685 923 καὶ
714 865 775 922 τὸ
800 865 1219 921 ἀκολασταίνειν
1249 873 1352 920 οἴει
1383 865 1471 921 διὰ
1492 874 1722 922 τοιαῦτα

37 952 204 1007 πάλαι
226 955 512 1022 ψέγεσθαι,
534 948 619 1005 ὅτι
638 947 847 1004 ἀνίεται
881 950 941 1002 έν
971 953 1047 1019 τῷ
1074 945 1306 1020 τοιούτῳ
1340 944 1401 1001 τὸ
1438 947 1628 1003 δεινὸν
1658 947 1719 1004 τὸ

36 1035 173 1102 μέγα
189 1036 366 1088 έκεῖνο
388 1034 477 1087 καὶ
498 1031 781 1094 πολυειδὲς
800 1031 1022 1099 θρέμμα
1044 1029 1181 1097 πέρα
1202 1035 1306 1082 τοῦ
1325 1031 1578 1096 δέοντος,
1595 1036 1722 1100 Δῆ-

41 1121 158 1181 λον,
179 1118 299 1184 ἔφη.
335 1113 407 1168 Ἡ
420 1112 475 1168 δ’
504 1113 779 1167 αὐθάδεια
801 1113 891 1166 καὶ
919 1114 1187 1165 δυσκολία
1207 1113 1428 1179 ψέγεται
1457 1107 1558 1181 οὐχ
1586 1109 1724 1166 ὅταν

35 1195 97 1251 τὸ
135 1197 433 1258 λεοντῶδές
476 1216 534 1249 τε
570 1197 660 1249 καὶ
698 1192 942 1263 ὀφεῶδες
978 1191 1204 1262 αὔξηται
1241 1193 1333 1246 καὶ
1370 1197 1717 1263 συντείνηται
1748 1209 1780 1250 Β

37 1276 425 1347 ἀναρμόστως;
463 1276 629 1330 Πάνυ
664 1277 766 1346 μὲν
803 1269 924 1329 οὖν.
979 1270 1176 1342 Τρυφὴ
1216 1275 1274 1326 δὲ
1311 1274 1403 1327 καὶ
1438 1279 1723 1342 μαλθακία

40 1358 143 1415 οὐκ
172 1359 258 1414 ἐπὶ
283 1363 348 1429 τῇ
377 1355 553 1413 αὐτοῦ
581 1356 785 1412 τούτου
819 1355 1044 1425 χαλάσει
1073 1375 1131 1408 τε
1150 1355 1241 1408 καὶ
1270 1351 1454 1409 ἀνέσει
1482 1357 1722 1424 ψέγεται,

40 1440 175 1495 ὅταν
196 1442 258 1495 ἐν
285 1437 437 1511 αύτῷ
460 1443 668 1495 δειλίαν
695 1440 921 1508 ἐμποιῇ;
963 1441 1034 1491 Τί
1056 1436 1195 1506 μήν,
1234 1440 1512 1491 Κολακεία
1545 1436 1604 1491 δὲ
1634 1438 1726 1491 καὶ

39 1522 404 1591 ἀνελευθερία
438 1521 538 1591 ούχ
569 1521 704 1576 ὅταν
734 1542 815 1585 τις
848 1518 910 1575 τὸ
945 1516 1079 1574 αὐτὸ
1102 1524 1284 1588 τοῦτο,
1318 1515 1379 1572 τό
1411 1521 1724 1588 θυμοειδές,

41 1603 150 1660 ὑπὸ
175 1611 251 1677 τῷ
270 1602 499 1673 ὀχλώδει
518 1608 701 1676 θηρίῳ
730 1608 879 1673 ποιῇ,
901 1603 991 1656 καὶ
1011 1601 1173 1655 ἕνεκα
1193 1599 1487 1670 χρημάτων
1511 1601 1613 1668 καὶ,
1631 1606 1727 1670 τῆς

42 1689 260 1743 ἐκείνου
275 1684 576 1755 ἀπληστίας
596 1682 1143 1753 προπηλακιζόμενον
1164 1683 1318 1752 ἐθίζῃ
1346 1682 1405 1736 ἐκ
1436 1683 1569 1737 νέου
1602 1677 1726 1736 ἀντὶ

43 1772 262 1831 λέοντος
297 1773 542 1836 πίθηκον
565 1771 883 1835 γίγνεσθαι;
920 1766 1028 1818 Καὶ
1059 1763 1222 1833 μάλα,
1259 1767 1382 1833 ἔφη.
1433 1766 1720 1819 Βαναυσία
1758 1779 1789 1821 c

46 1850 103 1906 δὲ
120 1851 209 1904 καὶ
229 1854 560 1919 χειροτεχνία
581 1846 670 1902 διὰ
694 1853 763 1916 τί,
793 1854 913 1914 οῐει,
946 1845 1161 1909 ὄνειδος
1193 1846 1376 1914 φέρεις
1414 1841 1450 1914 ἦ
1483 1842 1558 1899 δι’
1593 1842 1727 1899 ἄλλο

44 1954 93 1985 τι
113 1931 367 2000 φήσομεν
384 1926 420 2000 ἦ
440 1929 576 1984 ὅταν
594 1951 674 1993 τις
688 1925 922 1992 ἀσθενὲς
942 1926 1109 1997 φύσει
1128 1931 1221 1997 ἔχῃ
1239 1925 1300 1981 τὸ
1321 1930 1423 1980 τοῦ
1442 1929 1729 1996 βελτίστου

43 2011 204 2081 εἶδος,
226 2010 365 2067 ὥστε
397 2012 471 2082 μὴ
502 2007 576 2066 ἂν
605 2011 887 2066 δύνασθαι
915 2009 1105 2080 ἄρχειν
1132 2015 1245 2063 τῶν
1275 2011 1338 2064 έν
1367 2006 1518 2081 αὑτῷ
1547 2014 1729 2078 θρεμ-

43 2094 252 2164 μάτων,
277 2091 415 2147 ἀλλά
445 2091 783 2159 θεραπεύειν
811 2093 1011 2158 ἐκεῖνα,
1041 2091 1131 2145 καὶ
1160 2088 1226 2144 τὰ
1250 2087 1593 2159 θωπεύματα
1624 2085 1730 2142 αύ-

44 2181 160 2230 ταῖν
197 2174 374 2244 μόνον
411 2174 642 2245 δύνηται
674 2173 1018 2243 μανθάνειν;
1047 2170 1283 2239 ’Ἑοικεν,
1319 2175 1441 2242 ἔφη.
1500 2167 1731 2226 Οὐκοῦν

43 2258 137 2310 ἵνα
166 2257 255 2309 καὶ
277 2252 307 2309 ὁ
334 2260 581 2319 τοιοῦτος
601 2253 710 2310 ὑπὸ
740 2253 937 2326 ὁμοίου
967 2253 1196 2324 ἄρχηται
1224 2256 1452 2323 οἵουπερ
1486 2250 1515 2309 ὁ
1549 2254 1733 2325 βέλτιμ

47 2352 192 2403 στος,
213 2338 420 2391 δοῦλον
446 2334 620 2391 αὐτόν
646 2358 831 2406 φαμεν
850 2339 967 2391 δεῖν
997 2335 1138 2391 εἶναι
1169 2337 1387 2391 ἐκείνου
1417 2341 1520 2390 τοῦ
1546 2339 1730 2406 βελτί-
1759 2355 1793 2394 D

49 2433 203 2485 στου,
225 2420 443 2486 ἔχοντος
462 2419 522 2472 ἐν
541 2415 694 2490 αὐτῷ
713 2415 775 2473 τὰ
804 2425 964 2473 θετον
993 2417 1184 2487 ἄρχον,
1215 2414 1320 2471 οὐκ
1350 2417 1436 2472 ἐπὶ
1465 2415 1647 2488 βλάβῃ
1667 2423 1735 2487 τῇ

48 2504 151 2552 τοῦ
172 2498 380 2552 δούλου
400 2498 642 2569 οἰόμενοι
663 2502 779 2554 δεῖν
798 2499 1067 2569 ἄρχεσθαι
1085 2497 1277 2567 αὐτόν,
1300 2498 1484 2567 ὥσπερ
1506 2498 1701 2567 Θρασύ

49 2600 220 2649 μαχος
249 2578 382 2651 ᾤετο
405 2578 535 2644 τούς
563 2578 918 2651 ἀρχομένους,
950 2578 1074 2635 ἀλλ’
1113 2578 1187 2643 ὥς
1214 2579 1444 2650 ἄμεινον
1474 2575 1544 2635 ὂν
1570 2583 1736 2635 παντὶ

49 2658 161 2715 ὑπὸ
194 2666 357 2715 θείου
385 2662 475 2716 καὶ
507 2670 788 2731 φρονίμου
817 2659 1104 2731 ἄρχεσθαι,
1136 2660 1372 2731 μάλιστα
1398 2660 1501 2731 μὲν
1529 2665 1735 2716 οἰκεῖον

49 2747 268 2814 ἔχοντος
288 2745 350 2797 έν
376 2740 543 2815 αὐτῷ,
566 2748 616 2798 εἰ
632 2745 691 2799 δὲ
707 2743 800 2814 μή,
833 2747 1043 2809 ἔξωθεν
1071 2745 1393 2813 ἐφεστῶτος,
1415 2745 1510 2798 ἵνα
1537 2746 1615 2807 εἰς
1633 2742 1737 2798 δύ-

53 2845 219 2894 ναμιν
250 2824 450 2889 πάντες
469 2823 652 2896 ὅμοιοι
682 2818 831 2896 ὦμεν
864 2826 952 2881 καὶ
977 2830 1128 2895 φίλοι
1159 2831 1237 2898 τῷ
1264 2822 1417 2899 αὐτῷ
1446 2824 1738 2896 κυβερνώ-
