1962 3236
22 0 162 98 ιᾳν.
200 0 321 25 Ψ»
570 0 576 4 ·
623 0 661 9 ·’·

671 131 1159 183 ΠΟΛΙΤΕΙΛΣ
1190 122 1246 180 ι’.
1680 127 1783 179 311

27 295 58 345 3
92 272 327 342 ρομένας
343 289 403 324 τε
420 269 513 324 καὶ
541 264 858 335 κλαιούσας,
890 261 1445 368 ἀναμιμνησκομένας
1474 262 1580 319 όσα
1609 285 1667 318 τε
1698 265 1787 318 καὶ
1814 274 1904 322 615

93 347 182 406 οἷα
201 350 444 406 πάθοιεν
463 351 555 405 καὶ
579 352 752 405 ἴδοιεν
770 350 832 403 ἐν
859 352 929 419 τῇ
958 343 1066 402 ὑπὸ
1098 352 1201 419 γῆς
1228 351 1426 419 πορείᾳ
1461 379 1523 386 -—
1561 343 1701 400 εἶναι
1729 345 1788 401 δὲ

91 431 194 502 τὴν
213 436 445 500 πορείαν
463 432 664 501 χιλιέτη
689 462 752 470 -
783 428 880 492 τὰς
908 425 961 482 δ’
995 421 1070 482 αὖ
1102 430 1163 484 ἐκ
1196 435 1300 483 τοῦ
1327 425 1580 495 ούρανου
1611 423 1788 482 εὐπα-

91 517 247 577 θείας
276 516 588 583 διηγεῖσθαι
612 512 703 566 καὶ
727 513 865 572 θέας
888 505 1207 579 ἀμηχάνους
1239 506 1301 564 τὸ
1333 508 1548 573 κάλλος.
1586 506 1653 563 τὰ
1683 508 1786 579 μὲν

11 593 34 659 ρ’
92 587 200 649 οὖν
220 592 415 662 πολλά,
436 585 480 648 ὦ
497 592 787 660 Γλαύκων,
810 595 1023 644 πολλοῦ
1049 590 1258 660 χρόνου
1287 591 1685 662 διηγήσασθαι·
1722 589 1783 645 τὸ

11 666 20 723 -s
93 673 147 731 δ’
170 669 276 730 οὖν
294 674 601 745 κεφάλαιον
619 676 725 743 ἔφη
748 671 875 728 τόδε
893 670 1050 740 εἶναι,
1074 669 1178 727 ὅσα
1208 673 1432 728 πώποτέ
1448 694 1571 728 τινα
1591 671 1787 743 ἠδίκη-

91 774 199 812 σαν
217 757 311 811 καὶ
328 754 498 819 ὅσους
515 755 751 824 ἕκαστοι,
781 750 922 823 ὑπὲρ
941 751 1206 808 ἁπάντων
1224 757 1385 825 δίκην
1405 756 1704 810 δεδωκέναι
1725 756 1788 809 ἐν

90 842 259 909 μέρει,
280 835 419 906 ὑπὲρ
440 834 675 892 ἑκάστου
696 836 933 906 δεκάκις,
956 841 1122 891 τοῦτο
1144 834 1198 891 δ’
1220 836 1359 892 εἶναι
1389 835 1527 892 κατὰ
1557 838 1787 892 ἑκατον-

91 922 382 989 ταετηρίδα
412 917 664 988 ἑκάστην,
688 915 761 982 ὥς
783 921 913 988 βίον
942 915 1103 994 ὄντος
1125 917 1400 974 τοσούτου
1425 923 1526 973 τοῦ
1549 917 1782 988 άνθρω-
1816 933 1844 971 Β

94 1005 280 1069 πίνου,
299 1003 390 1055 ἵνα
410 999 781 1055 δεκαπλάσιον
800 997 860 1054 τὸ
888 1002 1113 1070 ἔκτισμα
1142 1005 1243 1054 τοῦ
1273 997 1610 1071 ἀδικήματος
1641 1002 1787 1055 ἐκτί-

94 1103 270 1137 νοιεν·
308 1083 399 1136 καὶ
419 1076 540 1135 οἷον
559 1089 612 1136 εἰ
636 1101 780 1144 τινες
811 1085 1036 1136 πολλῶν
1063 1079 1332 1136 θανάτων
1363 1073 1509 1151 ἦσαν
1538 1088 1719 1149 αἴτιοι,
1749 1075 1786 1151 ἦ

91 1161 278 1225 πόλεις
298 1156 642 1230 προδόντες
617 1181 650 1229 η
673 1159 1015 1227 στρατόπεδα
1035 1161 1125 1214 καὶ
1146 1164 1221 1224 εἰς
1242 1164 1494 1224 δουλείας
1517 1162 1786 1232 ἐμβεβλη-

93 1244 266 1312 κότες,
291 1242 327 1314 ἥ
346 1264 496 1308 τινος
516 1242 684 1312 ἄλλης
704 1248 1002 1311 κακουχίας
1020 1247 1300 1312 μεταίτιοι,
1322 1244 1550 1297 πάντων
1569 1242 1787 1298 τούτων

94 1330 460 1389 δεκαπλασίας
478 1321 837 1395 άλγηδόνας’
807 1326 947 1393 νπὲρ
975 1323 1211 1378 ἑκάστου
1237 1326 1577 1411 κομίσαιντο,
1598 1325 1691 1378 καὶ
1712 1327 1784 1378 αὐ

95 1416 150 1463 εἰ
173 1428 326 1470 τινας
351 1404 664 1476 εὐεργεσίας
703 1403 1121 1476 εὐεργετηκότες
1149 1405 1242 1460 καὶ
1280 1408 1479 1460 δίκαιοι
1514 1406 1606 1460 καὶ
1643 1403 1787 1460 ὅσιοι

93 1487 380 1560 γεγονότες
403 1488 529 1558 εἷεν,
551 1488 690 1544 κατὰ
710 1486 881 1543 ταύτὰ
912 1485 1014 1558 τὴν
1035 1484 1194 1553 ἀξίαν
1213 1492 1538 1558 κομίζοιντο.
1578 1494 1694 1544 τῶν
1725 1488 1783 1544 δὲ
1817 1493 1848 1535 C

93 1571 268 1635 εὐθὺς
283 1571 599 1640 γενομένων
626 1572 717 1625 καὶ
739 1568 928 1640 ὀλίγον
954 1569 1161 1639 χρόνον
1186 1569 1467 1640 βιούντων
1493 1570 1618 1640 πέρι
1647 1569 1787 1625 ἄλλα

93 1658 282 1722 ἔλεγεν
301 1650 405 1706 οὐκ
425 1650 547 1717 ἄξια
570 1652 813 1723 μνήμης·
854 1656 928 1716 εἰς
950 1651 1008 1707 δὲ
1024 1650 1196 1716 θεοὺς
1217 1650 1468 1723 ἀσεβείας
1491 1673 1548 1707 τε
1579 1653 1670 1708 καὶ
1691 1648 1782 1706 εὐ-

93 1740 308 1805 σεβείας
327 1736 416 1789 καὶ
437 1738 635 1804 γονέας
654 1736 745 1790 καὶ
771 1732 1091 1804 αὐτόχειρος
1110 1733 1295 1804 φόνου
1316 1738 1534 1805 μείζους
1554 1739 1631 1791 ἔτι
1654 1733 1788 1800 τούς
1847 1731 1850 1734 ’
1895 1744 1897 1746 ’

94 1813 336 1884 μισθους
360 1819 614 1884 διηγεῖτο.
652 1819 758 1886 ἔφη
775 1814 882 1885 γὰρ
903 1812 970 1886 δὴ
1000 1817 1417 1886 παραγενέσθαι
1444 1817 1783 1890 ἐρωτωμένω

95 1899 260 1970 ἑτέρω
276 1895 387 1953 ὑπὸ
410 1899 616 1967 ἑτέρου,
641 1896 788 1954 ὅπου
817 1907 900 1970 εἰη
932 1897 1202 1970 Ἀρδιαῖος
1231 1897 1260 1956 ὁ
1284 1902 1467 1972 μέγας.
1502 1898 1532 1956 ὁ
1569 1903 1628 1956 δὲ
1660 1898 1786 1969 Ἀρ-

94 1982 268 2043 διαῖος
286 1971 449 2043 οὗτος
467 1986 563 2049 τῆς
581 1986 918 2052 Παμφυλίας
947 1987 1008 2038 ἐν
1037 2004 1143 2036 τινι
1173 1982 1330 2038 πόλει
1360 1982 1637 2053 τύραννος
1663 1985 1785 2052 ἐγε-

92 2058 262 2130 γόνει,
282 2059 387 2131 ἤδη
406 2061 680 2131 χιλιοστὸν
705 2067 824 2129 ἔτος
844 2067 919 2128 εἰς
938 2065 1151 2119 ἐκεῖνον
1168 2062 1267 2120 τὸν
1294 2063 1519 2136 χρόνον,
1545 2063 1783 2136 γέροντά

90 2162 149 2195 τε
169 2143 376 2209 πατέρα
394 2140 720 2208 ἀποκτείνας
739 2146 832 2200 καὶ
850 2144 1231 2217 πρεσβύτερον
1252 2143 1516 2218 ἀδελφόν,
1532 2147 1624 2203 καὶ
1643 2145 1783 2202 ἄλλα
1812 2157 1851 2199 Ι)

94 2219 162 2290 δὴ
185 2223 362 2278 πολλά
379 2244 435 2278 τε
454 2226 546 2280 καὶ
566 2223 763 2281 ἀνόσια
783 2230 1155 2298 εἰργασμένος,
1189 2226 1262 2292 ὡς
1283 2231 1512 2299 ε’λέ.γετο
1549 2234 1655 2327 ἔφη
1678 2221 1784 2285 οὖν

91 2302 190 2357 τὸν
227 2305 587 2375 ἐρωτώμενον
624 2312 813 2378 εἰπεῖν,
846 2307 947 2379 οὐχ
983 2308 1121 2382 ἥκει,
1161 2311 1356 2381 φάναι,
1395 2309 1519 2367 οὐδ’
1561 2308 1632 2367 ἂν
1667 2311 1784 2383 ἥξει

91 2384 277 2451 δεῦρο.

232 2469 357 2520 XIV.
395 2465 780 2539 Ἐθεασάμεθα
800 2471 908 2542 γὰρ
927 2469 1034 2528 οὖν
1061 2474 1128 2545 δὴ
1152 2477 1241 2531 καὶ
1260 2480 1423 2531 τοῦτο
1445 2498 1559 2532 των
1578 2480 1782 2532 δεινων

90 2548 406 2616 θεαμάτων.
470 2549 654 2621 ἐπειδὴ
693 2551 857 2623 ἐγγυς
902 2560 1006 2610 τοῦ
1046 2561 1277 2625 στομίου
1313 2551 1453 2627 ἦμεν
1489 2558 1783 2627 μέλλοντες

90 2624 302 2683 ἀνιέναι
322 2631 412 2685 καὶ
435 2625 606 2687 τᾶλλα
628 2634 812 2689 πάντα
829 2636 1191 2735 πεπονθότες,
1212 2637 1425 2694 ἐκεῖνόν
1452 2659 1511 2694 τε
1529 2642 1782 2695 κατείδο-

88 2728 192 2778 μεν
210 2712 468 2783 ἐξαίφνης
487 2715 577 2768 καὶ
597 2713 800 2780 ἄλλους
825 2717 1022 2786 σχεδόν
1051 2739 1102 2773 τι
1121 2716 1309 2774 αὐτων
1332 2717 1463 2785 τοὺς
1491 2725 1782 2787 πλείστους

86 2790 426 2857 τυράννους·
464 2787 608 2864 ἦσαν
629 2799 686 2850 δὲ
717 2798 806 2852 καὶ
836 2802 1053 2855 ἰδιῶταί
1065 2821 1211 2866 τινες
1233 2808 1346 2856 ταῖν
1367 2800 1579 2873 μεγάλα
1597 2799 1768 2874 ἡμαρ-
