1962 3236
674 186 1161 235 ΠΟΛΙΤΕΙΑΣ
1189 179 1249 232 δ’.
1699 181 1801 234 133

122 403 464 476 ἐπιτηδεύειν
482 404 573 459 καὶ
592 401 732 458 εἶναι
757 407 991 471 δίκαιον,
1021 403 1121 458 ἐάν
1148 422 1207 457 τε
1235 397 1495 471 λανθάνῃ
1515 397 1616 453 εὀἱν
1640 417 1698 452 τε
1727 396 1802 468 μὴ

123 491 372 550 τοιοῦτος
391 506 490 554 ων,
504 507 537 554 η
517 482 770 538 ”ἆδικει“ν
787 505 845 537 τε
860 485 950 538 καὶ
970 483 1169 538 ἄδικον
1189 479 1326 537 εἶναι
1331 481 1560 549 ,ἐάνπερ
1574 477 1647 549 μὴ
1667 481 1804 550 διδῷ

126 573 287 639 δίκην
302 566 437 638 μηδὲ
455 569 690 637 βελτίων
706 568 958 634 γίγνηται
979 563 1359 634 κολαζόμενος.
1411 558 1576 630 ”,Αλλ
1604 564 1729 631 ἔφη,
1757 554 1803 614 ῶ

124 649 436 716 Σώκρατες,
454 649 673 713 γελοῖον
692 647 875 712 ἔμοιγε
895 649 1150 713 φαίνεται
1179 642 1240 698 τό
1273 646 1485 714 σκέμμα
1512 647 1805 712 γίγνεσθαι

125 730 246 800 ἤδη,
282 732 334 783 εί
367 731 469 781 τοῦ
509 725 612 795 μὲν
650 723 903 795 σώματος
949 730 1046 796 τῆς
1084 725 1305 794 φύσεως
1341 727 1804 795 διαφθειρομένης

20 835 21 840 ’
123 813 279 864 δοκεῖ
299 804 368 862 οὐ
400 804 605 878 βιωτὸν
642 804 782 860 εἶναι
813 803 944 860 οὐδὲ
971 805 1106 876 μετὰ
1139 805 1365 859 πάντων
1397 811 1585 860 σιτίων
1622 827 1680 860 τε
1716 805 1806 860 καὶ

124 895 310 946 ποτῶν
331 890 420 944 καὶ
444 886 652 951 παντὸς
672 885 918 942 πλούτου
947 889 1039 942 καὶ
1067 884 1248 956 πάσης
1279 884 1466 957 ἀρχῆς,
1500 891 1596 958 τῆς
1616 889 1674 941 δὲ
1703 884 1808 940 αὐ-

126 978 229 1028 τοῦ
247 973 452 1027 τούτου
472 962 518 1042 ᾦ
542 974 718 1039 ζῶμεν
737 968 958 1038 φύσεως
985 970 1388 1039 ταραττομένης
1419 970 1513 1024 καὶ
1543 971 1804 1038 διαφθει-

127 1059 358 1124 ρομένης
373 1047 576 1121 βιωτὸν
596 1049 702 1118 ἄρα
719 1053 884 1116 ἔσται,
917 1050 1120 1118 ἐάνπερ
1151 1071 1232 1114 τις
1256 1055 1387 1121 ποιῇ
1406 1046 1436 1105 ὃ
1456 1045 1529 1105 ὃν
1547 1054 1809 1122 βουληθῇ

125 1136 260 1191 ἄλλο
282 1130 428 1204 πλὴν
447 1137 631 1199 τοῦτο,
654 1128 869 1186 ὁπόθεν
887 1137 1081 1195 κακίας
1099 1131 1200 1202 μὲν
1220 1132 1312 1187 καὶ
1331 1130 1546 1196 ἀδικίας
1558 1129 1808 1186 ἀπαλλα-

126 1219 366 1287 γήσεται,
388 1211 751 1282 δικαιοσύνην
771 1214 830 1266 δὲ
857 1213 948 1266 καὶ
978 1209 1180 1282 ἀρετὴν
1209 1213 1481 1284 κτήσεται,
1512 1211 1807 1283 ἐπειδήπερ

125 1298 303 1367 ἐφάνη
328 1317 391 1365 γε
410 1294 544 1351 ὄντα
565 1293 794 1362 ἑκάτερα
813 1287 901 1348 οἷα
928 1290 1082 1363 ἡμεῖς
1112 1295 1536 1364 διεληλύθαμεν.
1575 1299 1805 1350 Γελοῖον

125 1379 250 1448 γάρ,
270 1372 342 1449 ἦν
362 1375 414 1432 δ’
438 1376 547 1446 ἐγώ
562 1398 573 1409 ·
614 1372 733 1430 ἀλλ’
758 1373 907 1445 ὅμως
924 1376 1145 1444 ἐπείπερ
1164 1378 1414 1431 ἐνταῦθα
1432 1374 1801 1447 ἐληλύθαμεν,

126 1459 262 1515 ὅσον
280 1454 365 1515 οἷό
369 1481 403 1513 ν
420 1480 477 1514 τε
493 1460 809 1527 σαφέστατα
829 1460 1071 1513 κατιδεῖν
1090 1455 1176 1512 ὅτι
1193 1462 1367 1512 ταῦτα
1388 1454 1566 1521 οὕτως
1585 1460 1708 1529 ἔχει,
1736 1453 1805 1512 οὐ

123 1539 223 1611 χρὴ
246 1538 605 1610 ἀποκάμνειν.
632 1537 864 1593 ’Ὴκιστα
884 1538 953 1609 νὴ
981 1535 1079 1594 τὸν
1097 1544 1227 1608 Δία,
1259 1543 1385 1610 ἔφη,
1412 1538 1641 1594 πάντων
1666 1536 1806 1594 ἄπο-

124 1624 372 1692 κμητέον.
409 1626 599 1687 Δεῦρο
617 1624 746 1687 νῦν,
757 1612 828 1690 ἦν
848 1617 902 1674 δ’
929 1619 1054 1690 ἐγώ,
1072 1623 1164 1674 ἵνα
1183 1620 1274 1675 καὶ
1295 1623 1431 1692 ἰδῃς,
1453 1618 1559 1675 ὅσα
1578 1621 1669 1675 καὶ
1689 1623 1803 1690 εἴδη

123 1707 230 1771 ἔχει
249 1700 283 1774 ἡ
303 1708 486 1770 κακία,
506 1699 578 1765 ὡς
595 1703 712 1771 ἐμοὶ
731 1704 899 1768 δοκεῖ,
921 1698 957 1754 ἅ
975 1722 1036 1770 γε
1071 1700 1139 1771 δὴ
1171 1703 1261 1756 καὶ
1290 1702 1415 1766 ἄξια
1445 1703 1597 1765 θέας.
1638 1698 1806 1756 ‘'Eno-

124 1805 239 1853 μαι,
278 1788 408 1854 ἔφη·
442 1781 620 1853 μόνον
649 1785 787 1851 λέγε.
832 1784 940 1836 Καὶ
976 1781 1102 1853 μήν,
1133 1777 1205 1852 ἦν
1238 1781 1291 1836 δ’
1325 1781 1449 1852 ἐγώ,
1481 1781 1667 1852 ὥσπερ
1696 1779 1804 1837 ἀπὸ

127 1868 360 1927 σκοπιᾶς
378 1884 471 1934 μοι
491 1868 762 1932 φαίνεται,
783 1862 967 1932 ἐπειδὴ
988 1866 1237 1918 ἐνταῦθα
1263 1862 1686 1936 ἀναβεβήκαμεν
1701 1867 1806 1918 τοῦ

125 1946 312 2016 λόγου.
329 1947 391 1999 ἓν
410 1944 511 2014 μὲν
530 1942 670 1999 εἶναι
689 1942 832 2009 εἶδος
850 1949 946 2016 τῆς
958 1941 1171 2015 ἀρετῆς,
1188 1943 1385 2014 ἄπειρα
1408 1947 1467 1999 δὲ
1486 1948 1582 2015 τῆς
1594 1949 1804 2014 κακίας,

123 2031 349 2094 τέτταρα
381 2023 432 2078 δ’
470 2026 531 2079 έν
560 2022 747 2089 αὐτοῖς
776 2024 911 2080 ἅττα
950 2018 1032 2080 ῶν
1065 2027 1157 2081 καὶ
1189 2025 1345 2091 ἄξιον
1383 2027 1805 2097 ἐπιμνησθῆναι.

122 2111 253 2171 Πῶς
271 2110 470 2176 λέγεις;
490 2109 611 2177 ἔφη.
636 2103 810 2176 Ὅσοι,
829 2099 903 2177 ἦν
922 2103 972 2160 δ’
993 2106 1117 2175 ε’γῶ,
1144 2112 1437 2162 πολιτειῶν
1454 2106 1650 2176 τρόποι
1669 2106 1807 2162 εἰσὶν

124 2191 241 2259 εἴδη
279 2192 509 2258 ἔχοντες,
555 2192 811 2243 τοσοῦτοι
845 2188 1241 2244 κινδυνεύουσι
1274 2190 1364 2245 καὶ
1399 2194 1577 2260 ψυχῆς
1610 2187 1808 2260 τρόποι

124 2267 283 2324 εἶναι.
319 2268 495 2323 Πόσοι
516 2268 611 2339 δή;
648 2271 824 2325 Πέντε
836 2274 954 2341 μέν,
978 2263 1050 2341 ἦν
1079 2270 1132 2325 δ’
1162 2271 1287 2341 ἐγώ,
1308 2275 1619 2339 πολιτειῶν,
1642 2271 1804 2326 πέντε

125 2350 182 2405 δὲ
203 2356 392 2419 ψυχῆς.
419 2352 573 2420 Λέγε,
596 2355 720 2422 ἔφη,
739 2356 896 2417 τίνες.
922 2353 1099 2422 Λέγω,
1122 2350 1296 2421 εἶπον,
1324 2351 1410 2407 ὅτι
1429 2347 1504 2417 εἶς
1522 2352 1626 2423 μὲν
1645 2345 1808 2415 οὗτος

126 2426 194 2483 ὃν
213 2427 364 2498 ἡμεῖς
391 2432 800 2503 διεληλύθαμεν
828 2439 1101 2499 πολιτείας
1130 2442 1213 2505 εἴη
1256 2430 1327 2490 ἂν
1354 2434 1575 2505 τρόπος,
1607 2436 1806 2489 ἐπονο-

126 2516 362 2580 μασθειή
384 2507 435 2564 δ’
457 2509 530 2565 ἄν
549 2515 639 2567 καὶ
662 2515 784 2584 διχῇ
797 2537 807 2545 ·
829 2516 1194 2583 ἐγγενομένου
1213 2514 1315 2585 μὲν
1332 2514 1439 2585 γὰρ
1459 2512 1665 2585 ἀνδρὸς
1684 2513 1808 2579 ἑνὸς

125 2613 184 2645 εν
210 2603 322 2654 τοῖς
341 2590 572 2661 ἄρχουσι
591 2596 951 2663 διαφέροντος
966 2593 1269 2666 βασιλεία’“
1233 2619 1307 2651 αν
1336 2603 1586 2667 κληθείη,
1618 2596 1807 2651 πλειό-

126 2693 243 2726 νων
279 2670 335 2727 δὲ
373 2671 774 2740 ἀριστοκρατία.
813 2673 1037 2746 Ἀληθῆ,
1075 2682 1194 2747 ἔφη.
1246 2682 1425 2733 Τοῦτο
1461 2679 1565 2748 μὲν
1593 2681 1804 2748 τοίνυν,

125 2747 195 2824 ἦν
223 2753 279 2809 δ’
309 2756 432 2824 ἐγώ.
467 2759 529 2811 ἓν
558 2755 701 2823 εἶδος
729 2759 894 2828 λέγω·
934 2759 1062 2815 οὔτε
1092 2759 1199 2829 γὰρ
1227 2783 1299 2816 αν
1329 2766 1552 2826 πλείους
1582 2760 1711 2818 οὔτε
1731 2757 1807 2828 εἷς

62 376 65 378 ,
123 329 279 390 σθαι,
302 321 540 389 πότερον
565 314 640 374 αὖ
660 326 934 374 λυσιτελεῖ
947 318 1131 374 δίκαιά
1159 338 1219 372 τε
1247 316 1510 388 πράττειν
1538 317 1630 372 καὶ
1660 314 1802 372 καλοὶ
1831 333 1916 378 445

1843 2299 1873 2337 D

123 2836 420 2907 έγγενόμει
424 2858 482 2902 ος
500 2838 780 2910 κινήσειεν
800 2863 872 2895 αν
890 2846 1003 2897 τῶν
1018 2841 1185 2908 α’ξιων
1201 2843 1373 2913 λόγου
1386 2842 1576 2915 νόμων
1591 2849 1686 2915 τῆς
1702 2844 1800 2900 πό-
1841 2862 1871 2900 κ
