1962 3236
686 169 1174 216 ΠΟΛΙΤΕΙΑΣ
1207 159 1270 230 η’.
1707 164 1813 219 949

27 305 53 378 ξ
122 303 312 373 ἄρχειν
332 306 391 357 ἐν
418 302 589 375 ταύτῃ
608 309 675 375 τῇ
696 302 871 370 πόλει,
900 298 1032 372 μηδ’
1052 295 1127 363 ἄν
1149 279 1215 372 ᾗς
1235 297 1424 364 ἱκανὸς
1445 298 1651 370 ἄρχειν,
1675 305 1814 372 μηδὲ

28 384 46 423 ‘⁶
125 378 198 438 αὖ
218 383 507 452 ἄρχεσθαι,
529 381 628 438 ἐὰν
646 380 719 452 μὴ
742 382 940 452 βούλῃ,
960 381 1096 451 μηδὲ
1117 386 1377 451 πολεμεῖν
1395 380 1810 451 πολεμούντων,

123 465 260 536 μηδὲ
282 465 511 534 εἰρήνην
529 464 685 534 ἄγειν
695 470 807 518 ταῖν
819 461 1009 518 ἄλλων
1026 461 1299 532 ἀγόντων,
1325 460 1422 518 ἐὰν
1440 460 1513 533 μὴ
1536 465 1814 534 ἐπιθυμῇς

124 546 362 617 εἰρήνης,
382 542 514 616 μηδ’
536 539 627 613 αὖ,
650 543 749 600 ἐάν
767 567 849 610 τις
870 543 1062 614 ἄρχειν
1085 544 1255 614 νόμος
1282 561 1343 599 σε
1363 544 1645 616 διακωλύῃ
1665 540 1702 615 ἢ
1729 547 1814 599 δι-

123 629 325 695 κάζειν,
347 626 521 697 μηδὲν
537 619 702 696 ἦττον
722 627 811 681 καὶ
831 624 1020 695 ἄρχειν
1040 628 1132 680 καὶ
1152 626 1409 691 δικάζειν,
1431 625 1530 681 ἐὰν
1549 622 1700 698 αὐτῷ
1726 641 1815 680 σοι

122 711 265 780 ἐπίῃ,
291 702 382 776 ἆρ’
408 705 476 763 ού
495 713 762 763 θεσπεσία
786 706 858 772 ὠς
875 705 1031 778 ἡδεῖα
1061 705 1094 777 ἡ
1124 709 1350 778 τοιαύτη
1383 706 1627 779 διαγωγὴ
1650 710 1711 763 ἐν
1738 712 1814 779 τῷ
1842 721 1930 766 558

122 797 462 859 παραυτίκα;
485 788 658 857 Ἴσως,
683 793 806 860 ἔφη,
827 794 889 843 ἔν
924 810 988 859 γε
1024 789 1220 862 τούτῳ.
1267 795 1335 843 Τί
1352 794 1467 856 δαίς
1503 787 1536 860 ἡ
1570 790 1816 860 πραότης

125 875 289 928 ἐνίων
307 877 420 927 τῶν
441 873 825 926 δικασθέντων
849 869 918 925 οὐ
938 872 1126 942 κομψή
1136 897 1149 935 ;
1185 866 1223 942 ἦ
1251 869 1407 926 οὔπω
1441 870 1579 935 εἶδες
1608 874 1670 926 ἐν
1699 891 1816 925 τοι-

125 954 266 1025 αύτῃ
285 959 545 1024 πολιτείᾳ,
567 952 892 1020 ανθρώπων
921 955 1468 1024 καταψηφισθέντων
1491 952 1752 1008 θανάτου
1777 974 1814 1022 η

127 1057 324 1105 φυγης,
347 1027 567 1089 οὐδὲν
533 1056 697 1104 ηττον
719 1032 905 1089 αὐτῶν
926 1035 1213 1105 μενόντων
1224 1056 1281 1089 τε
1300 1036 1390 1089 καὶ
1409 1032 1816 1104 αναστρεφομέ-

124 1139 240 1172 νων
259 1121 322 1172 ἐν
340 1120 506 1187 μέσῳ,
525 1118 615 1170 καὶ
637 1137 710 1179 ως
733 1115 862 1171 ούτε
884 1121 1274 1185 φροντιζοντος
1297 1115 1423 1171 οὔτε
1445 1113 1690 1186 ὁρωντος
1715 1113 1819 1170 ού-

125 1199 283 1262 δενός
304 1209 616 1267 περινοστεῖ
638 1196 823 1265 ωσπερ
854 1196 1028 1267 ἤρως;
1063 1198 1175 1252 Και
1212 1196 1455 1261 πολλούς
1484 1195 1561 1269 γ’,
1599 1203 1722 1268 ἔφη.
1751 1194 1825 1254 ‘H

125 1281 182 1336 δὲ
197 1280 496 1350 συγγνώμη
512 1281 602 1335 καὶ
619 1277 745 1334 οὐδ’
766 1277 1084 1334 ὁπωστιοῦν
1101 1285 1463 1350 σμικρολογία
1476 1277 1662 1350 αὐτῆς,
1675 1277 1815 1336 ἀλλὰ
1841 1290 1874 1330 Β

126 1363 540 1432 καταφρόνησις
578 1354 657 1417 ὦν
691 1360 846 1433 ἡμεῖς
875 1364 1133 1432 ἐλέγομεν
1173 1362 1563 1432 σεμνύνοντες,
1595 1359 1687 1417 ὅτε
1716 1361 1820 1433 τὴν

128 1446 292 1499 πόλιν
313 1442 596 1516 ᾠκίζομεν,
620 1441 693 1507 ὥς
715 1449 764 1498 εί
781 1442 855 1513 μή
877 1466 959 1508 τις
979 1441 1471 1515 ὑπερβεβλημένην
1490 1444 1668 1514 φύσιν
1689 1449 1817 1515 ἔχοι,

129 1526 326 1581 οὔποτ’
350 1522 425 1580 ιῖν
444 1528 659 1595 γένοιτο
681 1522 827 1595 ἀνὴρ
847 1524 1079 1595 ἀγαθός,
1096 1532 1146 1582 εί
1163 1524 1235 1597 μή
1256 1537 1381 1590 παῖς
1402 1522 1483 1580 ὢν
1504 1525 1681 1591 εὐθὺς
1700 1532 1820 1582 παί·

126 1613 203 1674 ζοι
225 1611 285 1663 ἐν
306 1615 494 1671 καλοῖς
512 1609 599 1662 καὶ
628 1607 939 1678 ἐπιτηδεύοι
963 1605 1030 1662 τα
1055 1615 1281 1662 τοιαῦτα
1311 1607 1512 1679 πάντα,
1545 1606 1620 1672 ὠς
1649 1631 1821 1679 μεγα-

126 1696 414 1757 λοπρεπῶς
434 1688 846 1761 καταπατησασ’
878 1688 1097 1745 ἅπαντα
1121 1697 1295 1745 ταῦτα
1326 1689 1494 1747 οὐδὲν
1524 1696 1819 1762 φροντίζει,

126 1775 180 1836 ἐξ
217 1770 425 1826 ὁποίων
462 1770 536 1825 ἄν
582 1794 660 1835 τις
699 1773 1150 1842 ἐπιτηδευμάτων
1198 1774 1285 1827 ἐπὶ
1326 1773 1391 1827 τὰ
1430 1771 1679 1827 πολιτικὰ
1720 1771 1821 1828 ἰών

128 1854 357 1923 πράττῃ,
375 1849 514 1907 ἀλλὰ
534 1859 680 1923 τιμᾷ,
703 1852 802 1907 ἐὰν
822 1861 900 1925 φῇ
917 1854 1096 1923 μόνον
1117 1853 1319 1919 εὔνους
1338 1853 1479 1909 εἶναι
1500 1861 1576 1924 τῷ
1596 1854 1815 1926 πλήθει.
1849 1862 1883 1905 C

128 1935 293 1988 Πάνυ
328 1931 405 2002 γ’,
443 1938 568 2004 ἔφη,
605 1941 848 2003 γενναία.
893 1935 1079 1989 Ταῦτά
1106 1956 1164 1990 τε
1192 1934 1276 2006 δή,
1308 1941 1468 2008 ἔφην,
1491 1940 1602 2006 ἔχοι
1633 1933 1705 1992 οἲν
1730 1935 1822 1992 καὶ

130 2016 346 2069 τούτων
380 2013 521 2070 ἄλλα
568 2014 783 2085 ἀδελφὰ
831 2020 1186 2087 δημοκρατία,
1228 2018 1319 2072 καὶ
1358 2025 1461 2087 εἴη,
1505 2015 1576 2082 ὡς
1622 2023 1821 2086 ἔοικεν,

130 2094 287 2165 ἡδεῖα
331 2103 574 2152 πολιτεία
618 2101 709 2152 καὶ
750 2097 989 2168 ἄναρχος
1031 2100 1121 2154 καὶ
1158 2104 1395 2169 ποικίλη,
1436 2099 1661 2170 ἰσότητά
1699 2121 1823 2155 τινα

130 2174 330 2246 ὁμοίως
357 2186 496 2244 ἴσοις
524 2201 578 2235 τε
602 2182 692 2235 καὶ
713 2179 925 2246 ἀνίσοις
953 2183 1304 2251 διανέμουσα.
1357 2183 1463 2238 Καὶ
1503 2181 1656 2253 μάλ’,
1696 2188 1820 2254 ἔφη,

133 2261 383 2329 γνώριμα
401 2267 587 2331 λέγεις.

274 2345 380 2397 xu.
423 2341 619 2411 ’Λθρει
645 2343 731 2416 δή,
771 2339 842 2416 ἦν
878 2345 931 2401 δ’
971 2345 1094 2417 ἐγώ,
1134 2352 1215 2410 τίς
1257 2343 1286 2402 ὁ
1325 2353 1577 2412 τοιοῦτος
1615 2351 1742 2420 ἰδίᾳ.
1788 2342 1824 2418 ἢ

132 2431 353 2491 πρῶτον
374 2429 655 2495 σκεπτέον,
679 2425 864 2496 ὥσπερ
884 2429 986 2499 τὴν
1009 2435 1290 2484 πολιτείαν
1307 2430 1681 2501 ἐσκεψάμεθα,
1702 2436 1823 2486 τίνα

132 2504 339 2572 τρόπον
360 2511 633 2575 γίγνεται,
672 2513 802 2576 Ναί,
829 2513 952 2580 ἔφη.
984 2504 1102 2580 Ἆρ’
1134 2504 1240 2566 οὖν
1270 2509 1373 2582 οὐχ
1403 2504 1540 2578 ὦδε;
1578 2519 1681 2567 τοῦ
1700 2533 1809 2582 φει-
1850 2555 1853 2558 «

134 2590 318 2642 δωλυῦ
338 2589 558 2642 ἐκεινου
577 2592 666 2644 καὶ
688 2587 1045 2660 ὀλιγαρχικοῦ
1062 2589 1256 2661 γένοιτ’
1278 2590 1368 2662 ἄν,
1391 2592 1557 2662 οἶμαι,
1572 2591 1692 2658 υίὸς
1713 2590 1823 2648 υπό
1850 2602 1884 2644 0

132 2690 205 2739 τῳ
228 2672 385 2734 πατρὶ
409 2672 792 2741 τεθραμμένος
811 2674 873 2727 ἐν
891 2684 1006 2736 τοῖς
1026 2674 1243 2727 ἐκείνου
1262 2671 1491 2743 ἤθεσιν;
1523 2679 1593 2729 Τί
1604 2695 1712 2746 γαρ
1730 2672 1803 2730 οὕ

133 2756 234 2822 Βία
252 2750 320 2822 δὴ
343 2753 433 2806 καὶ
461 2744 623 2817 οὗτος
642 2754 831 2823 ἅρχων
848 2760 961 2808 τῶν
993 2755 1053 2809 ἐν
1074 2752 1227 2809 αύτω
1254 2753 1496 2825 ἡδονῶν,
1530 2754 1659 2811 ὅσαι
1688 2754 1828 2812 ἄνα-

133 2835 354 2888 lantocai
373 2834 493 2903 μέν
522 2837 937 2906 χρηματιστικαὶ
969 2835 1027 2891 δε
1056 2835 1159 2908 μή·
1200 2841 1261 2891 αἲ
1292 2834 1359 2907 δὴ
1400 2834 1505 2891 οὐκ
1534 2821 1828 2909 α’ναγκαῑαι
