1962 3236
606 157 782 205 ΙΙΟΛ
795 158 937 204 ΙΤΕ
948 156 1093 204 ΙΑΣ
1125 150 1176 216 ζ’.
1611 154 1715 207 225

35 285 494 359 ’νειροπολοῦντα
507 292 598 346 καὶ
609 286 985 359 ὑπνώττοντα,
1000 291 1133 359 πρὶν
1152 288 1351 346 ἐνθάδ’
1373 292 1713 361 ἐξεγρέσθαι,

22 378 101 437 εἰς
137 370 331 427 Ἅιδου
362 370 636 442 πρότερον
655 369 1001 442 ἀφικόμενον
1035 374 1231 436 τελέως
1262 371 1714 441 ἐπικαταδαρθά·
1746 397 1781 436 1)

24 475 168 520 νειν;
203 452 294 524 Νὴ
316 451 416 509 τὸν
435 459 562 523 Διά,
583 446 620 524 ἦ
637 449 690 507 δ’
713 451 789 520 ὃς,
813 451 1034 522 σφόδρα
1054 473 1117 522 γε
1138 452 1320 508 πάντα
1339 457 1514 508 ταῦτα
1534 451 1712 525 φήσω.

24 533 179 592 Αλλά
199 534 311 606 μὴν
330 535 458 599 τούς
474 556 537 605 γε
554 538 770 588 σαυτοῦ
801 536 1015 603 παῖδας,
1039 532 1136 598 οὓς
1153 540 1233 607 τῷ
1251 533 1397 608 λόγῳ
1417 538 1638 606 τρέφεις
1658 555 1717 590 τε

25 618 116 672 καὶ
146 615 442 683 παιδεύεις,
476 623 531 670 εἶ
554 634 685 669 ποτε
715 618 857 685 ἔργῳ
887 616 1126 683 τρέφοις,
1157 611 1261 670 οὐκ
1293 611 1365 670 ἂν
1402 613 1607 685 ἐάσαις,
1642 612 1717 680 ὡς

20 690 248 770 ἐγῷμαι,
282 696 519 765 ἀλόγους
547 694 712 758 ὄντας
745 692 931 763 ὥσπερ
958 695 1215 765 γραμμάς
1249 695 1519 766 ἄρχοντας
1554 699 1615 752 ἐν
1650 703 1719 768 τῇ

24 779 183 834 πόλει
220 784 450 847 κυρίους
476 782 591 832 τῶν
622 781 895 847 μεγίστων
926 775 1082 838 εἶναι.
1162 775 1248 831 Οὐ
1282 776 1391 848 γὰρ
1429 772 1552 848 οὖν,
1594 782 1715 850 ἔφη.

24 858 441 931 Νομοθετήσεις
478 857 544 929 δὴ
584 857 772 924 αὐτοῖς
808 857 1013 929 ταύτης
1059 858 1296 929 μάλιστα
1335 865 1431 930 τῆς
1466 863 1716 926 παιδείας

21 939 549 1013 ἀντιλαμβάνεσθαι,
573 942 624 1006 ἐξ
643 934 708 1011 ἧς
727 943 939 1012 ἐρωτᾷν
958 961 1016 995 τε
1034 942 1126 995 καὶ
1155 939 1564 1011 ἀποκρίνεσθαι
1593 945 1715 997 ἐπι-
1747 961 1778 1001 E

22 1026 430 1094 στημονέστατα
450 1018 623 1077 οἷοίτ’
646 1027 895 1087 ἐσονταις
927 1021 1328 1093 Νομοθετήσω,
1350 1026 1476 1094 ἔφη,
1497 1022 1632 1094 μετά
1651 1046 1716 1093 γε

26 1111 148 1159 σοῦ.
188 1098 307 1174 Ἆρ’
340 1098 447 1159 οὖν
477 1107 634 1159 δοκεῖ
655 1120 760 1173 σοι,
792 1108 934 1175 ἔφην
965 1103 1090 1174 ἐγώ,
1125 1102 1310 1175 ὥσπερ
1340 1102 1575 1174 θριγκὸς
1605 1117 1719 1170 τοῖς

22 1183 404 1258 μαθήμασινὴ
427 1185 735 1254 διαλεκτικὴ
766 1182 897 1255 ἡμῖν
927 1183 1113 1240 ἐπάνω
1140 1193 1378 1255 κεῖσθαι,
1406 1187 1498 1241 καὶ
1531 1183 1714 1242 οὐκέτ’

21 1266 159 1323 αλλο
197 1266 401 1322 τούτου
438 1265 672 1337 μάθημα
717 1262 979 1335 ἀνωτέρω
1017 1263 1204 1336 ὀρθῶς
1240 1263 1314 1320 α“ν
1350 1269 1717 1336 ἐπιτίθεσθαι,

19 1346 147 1405 ἀλλ’
169 1353 309 1419 ἔχειν
331 1348 437 1420 ἤδη
457 1352 610 1412 τέλος
628 1345 695 1402 τὰ
717 1353 829 1402 τῶν
847 1346 1222 1418 μαθημάτων;
1259 1346 1478 1418 ’Έμοιγ’
1483 1390 1499 1418 ,
1522 1352 1643 1419 ἔφη.
1747 1361 1836 1407 535

167 1434 270 1485 XV.
310 1428 563 1501 Διανομὴ
585 1434 794 1499 τοίνυν,
815 1431 885 1499 ἠν
907 1427 960 1484 δ’
990 1428 1115 1499 ἐγώ,
1147 1429 1208 1484 τὸ
1239 1429 1437 1485 λοιπόν
1469 1447 1574 1500 σοι,
1609 1435 1717 1486 τίσι

0 1516 199 1578 ,ταῦτα
236 1534 303 1566 τα
338 1511 642 1582 μαθήματα
672 1511 923 1582 δωσομεν
955 1512 1046 1566 καὶ
1084 1515 1207 1566 τίνα
1236 1511 1460 1609 τρόπον.
1502 1517 1715 1583 Δῆλον,

0 1597 149 1665 bem.
201 1595 499 1665 Μέμνησαι
525 1588 634 1648 οὖν
667 1591 770 1664 τὴν
797 1595 1074 1664 προτέραν
1101 1590 1339 1664 έκλογην
1366 1599 1480 1648 τῶν
1511 1592 1718 1664 αρχόν-
1774 1655 1777 1659 ,

0 1697 151 1745 tvm,
174 1679 326 1740 οἴους
346 1677 685 1746 ἐξελέξαμεν;
706 1680 838 1740 Πῶς
855 1674 980 1745 γάρ,
1003 1669 1039 1746 ἦ
1060 1673 1112 1729 δ’
1129 1673 1208 1744 ὅς,
1230 1673 1305 1730 οὕ
1318 1699 1331 1741 ;
1358 1674 1438 1730 Τὰ
1455 1675 1557 1745 μὲν
1577 1674 1718 1731 ἄλλα

0 1780 6 1810 ι
25 1763 239 1827 τοίνυν,
255 1751 329 1828 ἦν
349 1756 407 1812 δ’
435 1757 560 1827 ἐγώ,
582 1760 793 1822 ἐκείνας
811 1754 909 1821 τὰς
927 1756 1126 1827 φύσεις
1144 1765 1269 1812 οἴου
1289 1761 1406 1812 §erm
1433 1758 1718 1822 ἐκλεκτέας

0 1865 3 1891 ι
27 1836 166 1893 εἶναι
180 1859 191 1871 ·
229 1836 360 1902 τούς
382 1859 439 1892 τε
457 1836 567 1907 γὰρ
586 1837 980 1931 βεβαιοτάτους
1002 1839 1092 1891 καὶ
1126 1837 1258 1901 τούς
1286 1835 1715 1909 ἀνδρειοτάτους

0 1939 3 1966 ι
21 1918 401 1986 προαιρετέον,
427 1915 675 1971 καὶκατὰ
694 1915 935 1987 δύναμιν
954 1916 1086 1981 τοὺς
1107 1914 1547 1983 εὐειδεστάτους·
1576 1915 1717 1989 πρὸς

0 1998 83 2053 δὲ
102 1998 316 2063 τούτοις
339 2003 592 2069 ζητητέον
610 1998 683 2069 μὴ
702 2000 879 2069 μόνον
898 2004 1191 2069 γενναίους
1207 2021 1267 2055 τε
1283 2002 1374 2056 καὶ
1393 1998 1711 2083 βλοσυροὺς
1744 2016 1773 2056 Β

0 2102 3 2131 ι
21 2101 88 2136 τα
106 2077 240 2151 ἤθη,
259 2077 400 2135 ἄλλα
421 2101 512 2135 και
532 2077 567 2134 ἃ
590 2084 715 2151 τῇδε
730 2086 798 2151 τῇ
820 2086 1036 2137 παιδεία
1056 2087 1153 2153 τῆς
1171 2100 1394 2153 φυσεως
1413 2084 1712 2156 πρόσφορα

0 2162 210 2218 ιὲκτέον
248 2159 446 2226 αὐτοῖς.
486 2168 631 2217 Ποῖα
669 2160 735 2232 δὴ
770 2165 1095 2230 διαστέλλει;
1135 2164 1479 2236 Δριμύτητα,
1520 2186 1561 2220 ω
1602 2186 1712 2236 μα-

0 2245 198 2315 ικάριε,
220 2248 380 2315 ἔφην,
406 2247 495 2299 δεῖ
511 2243 697 2310 αὐτοῖς
717 2244 856 2316 πρὸς
883 2267 950 2301 τα
979 2246 1278 2319 μαθήματα
1301 2246 1589 2319 ὑπάρχειν,
1619 2251 1714 2303 καὶ

0 2325 98 2398 ,μὴ
122 2330 370 2395 χαλεπῶς
405 2325 747 2395 μανθάνειν·
783 2326 930 2383 πολὺ
968 2330 1076 2398 γάρ
1114 2351 1198 2384 τοι
1235 2334 1451 2400 μᾶλλον
1484 2329 1711 2386 α’ποδει-

0 2413 183 2463 ὶλιιῆσι
201 2408 369 2476 ψυχαὶ
389 2409 450 2463 ἐν
479 2412 719 2478 ἰσχυροῖς
739 2411 1063 2482 μαθήμασιν
1095 2408 1130 2482 ἢ
1156 2416 1215 2467 ἐν
1243 2417 1598 2484 γυμνασίοις·
1630 2418 1714 2469 οἰ-

0 2526 1 2529 =
26 2486 300 2556 κειότερος
326 2490 434 2557 γὰρ
465 2487 655 2555 αὐταῖς
683 2488 712 2545 ὁ
747 2493 937 2562 πόνος,
980 2497 1118 2557 ἴδιος
1150 2491 1276 2550 ἀλλ’
1312 2494 1381 2551 οὐ
1412 2494 1600 2560 κοινὸς
1633 2493 1713 2551 (ὃν

0 2613 2 2619 .
22 2568 156 2640 μετὰ
196 2576 298 2623 τοῦ
334 2570 599 2640 σώματος.
641 2568 862 2644 Ἀληθῆ,
905 2577 1024 2643 ἔφη.
1072 2576 1182 2629 Καὶ
1218 2576 1475 2647 μκνήμονα
1514 2573 1581 2646 δὴ
1621 2578 1712 2632 καὶ

0 2674 3 2680 ’
22 2650 268 2722 ἄρρατον
286 2656 374 2708 καὶ
394 2654 573 2728 πάντῃ
594 2657 904 2725 φιλόπονον
929 2660 1197 2729 ζητητέον.
1218 2657 1255 2729 ἥ
1272 2681 1379 2714 τινι
1399 2659 1588 2733 τρόπῳ
1610 2666 1711 2715 οἴει
1746 2672 1775 2711 c

0 2756 2 2765 ·
21 2733 90 2789 τά
108 2754 167 2788 τε
186 2740 287 2789 τοῦ
307 2735 556 2806 σώματος
576 2739 862 2809 ἐθελήσειν
878 2738 1000 2794 τινὰ
1024 2743 1309 2796 διαπονεῖν
1324 2743 1415 2797 καὶ
1433 2741 1712 2812 τοσαύτην

22 2814 344 2939 μάξησίνιτὸ
368 2821 456 2873 καὶ
478 2823 708 2891 μελέτην
739 2823 1022 2883 ἐπιτελεῖν;
1077 2821 1314 2892 Οὐδένα,
1344 2818 1380 2896 ἦ
1412 2823 1468 2878 δ’
1502 2822 1578 2894 ὅς,
1612 2822 1710 2879 ἐὰν

129 2908 247 2939 uso
346 2933 354 2939 .
1400 2908 1451 2950 15
