<?xml version="1.0" encoding="UTF-8"?>
<!DOCTYPE html PUBLIC "-//W3C//DTD XHTML 1.0 Transitional//EN"
    "http://www.w3.org/TR/xhtml1/DTD/xhtml1-transitional.dtd">
<html xmlns="http://www.w3.org/1999/xhtml" xml:lang="en" lang="en">
 <head>
  <title>
</title>
<meta http-equiv="Content-Type" content="text/html;charset=utf-8" />
  <meta name='ocr-system' content='tesseract 3.04.00' />
  <meta name='ocr-capabilities' content='ocr_page ocr_carea ocr_par ocr_line ocrx_word'/>
</head>
<body>
  <div class='ocr_page' id='page_1' title='image "./dialogisecumdumt04platuoft_0073.png"; bbox 0 0 1962 3236; ppageno 0'>
   <div class='ocr_carea' id='block_1_1' title="bbox 704 194 1838 265">
    <p class='ocr_par' dir='ltr' id='par_1_1' title="bbox 704 194 1838 265">
     <span class='ocr_line' id='line_1_1' title="bbox 704 194 1838 265; baseline -0.006 -14"><span class='ocrx_word' id='word_1_1' title='bbox 704 201 1192 251; x_wconf 81' lang='grc' dir='ltr'><em>ΠΟΛΙΤΕΙΑΣ</em></span> <span class='ocrx_word' id='word_1_2' title='bbox 1216 194 1278 265; x_wconf 71' lang='lat' dir='ltr'><strong><em>p‘.</em></strong></span> <span class='ocrx_word' id='word_1_3' title='bbox 1770 200 1838 252; x_wconf 87' lang='lat'><strong><em>37</em></strong></span> 
     </span>
    </p>
   </div>
   <div class='ocr_carea' id='block_1_2' title="bbox 0 331 1957 2948">
    <p class='ocr_par' dir='ltr' id='par_1_2' title="bbox 0 331 1957 2948">
     <span class='ocr_line' id='line_1_2' title="bbox 147 331 1957 407; baseline 0.002 -18"><span class='ocrx_word' id='word_1_4' title='bbox 147 357 266 405; x_wconf 84' lang='grc' dir='ltr'><strong><em>ται,</em></strong></span> <span class='ocrx_word' id='word_1_5' title='bbox 287 346 399 400; x_wconf 80' lang='grc' dir='ltr'><strong><em>τοῖς</em></strong></span> <span class='ocrx_word' id='word_1_6' title='bbox 417 333 491 407; x_wconf 84' lang='grc' dir='ltr'><strong><em>μὴ</em></strong></span> <span class='ocrx_word' id='word_1_7' title='bbox 515 336 847 405; x_wconf 77' lang='grc' dir='ltr'><strong><em>δυναμένοις</em></strong></span> <span class='ocrx_word' id='word_1_8' title='bbox 865 332 925 390; x_wconf 82' lang='grc' dir='ltr'><strong><em>τὸ</em></strong></span> <span class='ocrx_word' id='word_1_9' title='bbox 946 336 1047 404; x_wconf 76' lang='grc' dir='ltr'><strong><em>μὲν</em></strong></span> <span class='ocrx_word' id='word_1_10' title='bbox 1066 331 1359 404; x_wconf 81' lang='grc' dir='ltr'><strong><em>ἐκφεύγειν</em></strong></span> <span class='ocrx_word' id='word_1_11' title='bbox 1376 331 1437 388; x_wconf 87' lang='grc' dir='ltr'>τό</span> <span class='ocrx_word' id='word_1_12' title='bbox 1462 333 1521 389; x_wconf 74' lang='grc' dir='ltr'><strong><em>δὲ</em></strong></span> <span class='ocrx_word' id='word_1_13' title='bbox 1543 336 1720 404; x_wconf 73' lang='grc' dir='ltr'><strong><em>αἱρεῖν</em></strong></span> <span class='ocrx_word' id='word_1_14' title='bbox 1742 339 1841 391; x_wconf 78' lang='grc' dir='ltr'><strong><em>δο-</em></strong></span> <span class='ocrx_word' id='word_1_15' title='bbox 1866 343 1957 392; x_wconf 82' lang='grc'><strong><em>359</em></strong></span> 
     </span>
     <span class='ocr_line' id='line_1_3' title="bbox 149 412 1837 487; baseline -0.001 -14"><span class='ocrx_word' id='word_1_16' title='bbox 149 428 239 473; x_wconf 86' lang='grc' dir='ltr'><strong><em>κεῖ</em></strong></span> <span class='ocrx_word' id='word_1_17' title='bbox 253 425 557 474; x_wconf 72' lang='grc' dir='ltr'><strong><em>λυσιτελεῖν</em></strong></span> <span class='ocrx_word' id='word_1_18' title='bbox 576 418 889 483; x_wconf 77' lang='grc' dir='ltr'><strong><em>ξυνθέσθαι</em></strong></span> <span class='ocrx_word' id='word_1_19' title='bbox 909 412 1167 486; x_wconf 84' lang='grc' dir='ltr'><strong><em>ἀλλήλοις</em></strong></span> <span class='ocrx_word' id='word_1_20' title='bbox 1185 412 1314 486; x_wconf 84' lang='grc' dir='ltr'><strong><em>μήτ’</em></strong></span> <span class='ocrx_word' id='word_1_21' title='bbox 1346 412 1558 471; x_wconf 75' lang='grc' dir='ltr'><strong><em>ἀδικεῖν</em></strong></span> <span class='ocrx_word' id='word_1_22' title='bbox 1573 415 1691 487; x_wconf 87' lang='grc' dir='ltr'><strong><em>μήτ’</em></strong></span> <span class='ocrx_word' id='word_1_23' title='bbox 1715 414 1837 472; x_wconf 79' lang='grc' dir='ltr'><strong><em>ἀδι-</em></strong></span> 
     </span>
     <span class='ocr_line' id='line_1_4' title="bbox 145 493 1837 567; baseline -0.001 -13"><span class='ocrx_word' id='word_1_24' title='bbox 145 506 369 555; x_wconf 90' lang='grc' dir='ltr'><strong><em>κεῖσθαι</em></strong></span> <span class='ocrx_word' id='word_1_25' title='bbox 386 522 397 533; x_wconf 90' lang='grc'><em>·</em></span> <span class='ocrx_word' id='word_1_26' title='bbox 436 498 529 552; x_wconf 84' lang='grc' dir='ltr'><strong><em>καὶ</em></strong></span> <span class='ocrx_word' id='word_1_27' title='bbox 550 499 817 551; x_wconf 82' lang='grc' dir='ltr'><strong><em>ἐντεῦθεν</em></strong></span> <span class='ocrx_word' id='word_1_28' title='bbox 836 493 903 567; x_wconf 83' lang='grc' dir='ltr'><strong><em>δὴ</em></strong></span> <span class='ocrx_word' id='word_1_29' title='bbox 927 494 1202 564; x_wconf 77' lang='grc' dir='ltr'><strong><em>ἄρξασθαι</em></strong></span> <span class='ocrx_word' id='word_1_30' title='bbox 1220 494 1430 567; x_wconf 90' lang='grc' dir='ltr'><strong><em>νόμους</em></strong></span> <span class='ocrx_word' id='word_1_31' title='bbox 1447 500 1709 552; x_wconf 90' lang='grc' dir='ltr'><strong><em>τίθεσθαι</em></strong></span> <span class='ocrx_word' id='word_1_32' title='bbox 1748 499 1837 553; x_wconf 86' lang='grc' dir='ltr'><strong><em>καὶ</em></strong></span> 
     </span>
     <span class='ocr_line' id='line_1_5' title="bbox 147 575 1835 651; baseline -0.001 -16"><span class='ocrx_word' id='word_1_33' title='bbox 147 579 431 651; x_wconf 82' lang='grc' dir='ltr'><strong><em>ξυνθήκας</em></strong></span> <span class='ocrx_word' id='word_1_34' title='bbox 442 576 657 646; x_wconf 77' lang='grc' dir='ltr'><strong><em>αὐτῶν,</em></strong></span> <span class='ocrx_word' id='word_1_35' title='bbox 671 580 762 634; x_wconf 88' lang='grc' dir='ltr'><strong><em>καὶ</em></strong></span> <span class='ocrx_word' id='word_1_36' title='bbox 785 575 1059 648; x_wconf 85' lang='grc' dir='ltr'><strong><em>ὀνομάσαι</em></strong></span> <span class='ocrx_word' id='word_1_37' title='bbox 1076 576 1137 634; x_wconf 84' lang='grc' dir='ltr'><strong><em>τὸ</em></strong></span> <span class='ocrx_word' id='word_1_38' title='bbox 1153 575 1263 634; x_wconf 84' lang='grc' dir='ltr'><strong><em>ὑπὸ</em></strong></span> <span class='ocrx_word' id='word_1_39' title='bbox 1287 583 1391 633; x_wconf 87' lang='grc' dir='ltr'><strong><em>τοῦ</em></strong></span> <span class='ocrx_word' id='word_1_40' title='bbox 1409 576 1592 649; x_wconf 88' lang='grc' dir='ltr'><strong><em>νόμου</em></strong></span> <span class='ocrx_word' id='word_1_41' title='bbox 1613 580 1835 649; x_wconf 84' lang='grc' dir='ltr'><strong><em>ἐπίταγ-</em></strong></span> 
     </span>
     <span class='ocr_line' id='line_1_6' title="bbox 145 658 1839 733; baseline -0.001 -16"><span class='ocrx_word' id='word_1_42' title='bbox 145 684 222 733; x_wconf 91' lang='grc' dir='ltr'><strong><em>μα</em></strong></span> <span class='ocrx_word' id='word_1_43' title='bbox 239 658 475 732; x_wconf 86' lang='grc' dir='ltr'><strong><em>νόμιμόν.</em></strong></span> <span class='ocrx_word' id='word_1_44' title='bbox 492 680 550 714; x_wconf 91' lang='grc' dir='ltr'><strong><em>τε</em></strong></span> <span class='ocrx_word' id='word_1_45' title='bbox 570 661 661 714; x_wconf 84' lang='grc' dir='ltr'><strong><em>καὶ</em></strong></span> <span class='ocrx_word' id='word_1_46' title='bbox 680 662 895 714; x_wconf 84' lang='grc' dir='ltr'><strong><em>δίκαιον</em></strong></span> <span class='ocrx_word' id='word_1_47' title='bbox 908 702 923 731; x_wconf 88' lang='grc'><strong><em>,</em></strong></span> <span class='ocrx_word' id='word_1_48' title='bbox 957 664 1046 714; x_wconf 89' lang='grc' dir='ltr'><strong><em>καὶ</em></strong></span> <span class='ocrx_word' id='word_1_49' title='bbox 1068 659 1207 715; x_wconf 81' lang='grc' dir='ltr'><strong><em>εἶναι</em></strong></span> <span class='ocrx_word' id='word_1_50' title='bbox 1227 660 1294 730; x_wconf 90' lang='grc' dir='ltr'><strong><em>δὴ</em></strong></span> <span class='ocrx_word' id='word_1_51' title='bbox 1314 658 1523 732; x_wconf 89' lang='grc' dir='ltr'><strong><em>ταύτην</em></strong></span> <span class='ocrx_word' id='word_1_52' title='bbox 1542 664 1763 731; x_wconf 83' lang='grc' dir='ltr'><strong><em>γένεσίν</em></strong></span> <span class='ocrx_word' id='word_1_53' title='bbox 1781 683 1839 716; x_wconf 89' lang='grc' dir='ltr'><strong><em>τε</em></strong></span> 
     </span>
     <span class='ocr_line' id='line_1_7' title="bbox 147 734 1835 815; baseline 0.001 -16"><span class='ocrx_word' id='word_1_54' title='bbox 147 746 238 799; x_wconf 85' lang='grc' dir='ltr'><strong><em>καὶ</em></strong></span> <span class='ocrx_word' id='word_1_55' title='bbox 259 740 457 798; x_wconf 87' lang='grc' dir='ltr'><strong><em>ούσίαν</em></strong></span> <span class='ocrx_word' id='word_1_56' title='bbox 472 739 842 812; x_wconf 82' lang='grc' dir='ltr'><strong><em>δικαιοσύνης,</em></strong></span> <span class='ocrx_word' id='word_1_57' title='bbox 855 739 1058 812; x_wconf 83' lang='grc' dir='ltr'><strong><em>μεταξὺ</em></strong></span> <span class='ocrx_word' id='word_1_58' title='bbox 1073 734 1252 797; x_wconf 81' lang='grc' dir='ltr'><strong><em>οὖσαν</em></strong></span> <span class='ocrx_word' id='word_1_59' title='bbox 1260 748 1360 798; x_wconf 91' lang='grc' dir='ltr'><strong><em>τοῦ</em></strong></span> <span class='ocrx_word' id='word_1_60' title='bbox 1372 743 1476 814; x_wconf 74' lang='grc' dir='ltr'><strong><em>μὲν</em></strong></span> <span class='ocrx_word' id='word_1_61' title='bbox 1493 741 1724 815; x_wconf 88' lang='grc' dir='ltr'><strong><em>ἀρίστου</em></strong></span> <span class='ocrx_word' id='word_1_62' title='bbox 1734 742 1835 800; x_wconf 83' lang='grc' dir='ltr'><strong><em>ὅν-</em></strong></span> 
     </span>
     <span class='ocr_line' id='line_1_8' title="bbox 146 822 1839 896; baseline 0 -15"><span class='ocrx_word' id='word_1_63' title='bbox 146 846 255 893; x_wconf 86' lang='grc' dir='ltr'><strong><em>τος,</em></strong></span> <span class='ocrx_word' id='word_1_64' title='bbox 286 822 387 880; x_wconf 80' lang='grc' dir='ltr'><strong><em>ἐὰν</em></strong></span> <span class='ocrx_word' id='word_1_65' title='bbox 407 822 619 880; x_wconf 74' lang='grc' dir='ltr'><strong><em>ἀδικῶν</em></strong></span> <span class='ocrx_word' id='word_1_66' title='bbox 638 822 711 894; x_wconf 86' lang='grc' dir='ltr'><strong><em>μὴ</em></strong></span> <span class='ocrx_word' id='word_1_67' title='bbox 735 825 868 896; x_wconf 82' lang='grc' dir='ltr'><strong><em>διδῷ</em></strong></span> <span class='ocrx_word' id='word_1_68' title='bbox 892 826 1068 894; x_wconf 89' lang='grc' dir='ltr'><strong><em>δίκην,</em></strong></span> <span class='ocrx_word' id='word_1_69' title='bbox 1082 828 1186 877; x_wconf 86' lang='grc' dir='ltr'><strong><em>τοῦ</em></strong></span> <span class='ocrx_word' id='word_1_70' title='bbox 1206 822 1266 878; x_wconf 75' lang='grc' dir='ltr'><strong><em>δὲ</em></strong></span> <span class='ocrx_word' id='word_1_71' title='bbox 1284 830 1575 894; x_wconf 82' lang='grc' dir='ltr'><strong><em>κακίστου,</em></strong></span> <span class='ocrx_word' id='word_1_72' title='bbox 1597 822 1698 880; x_wconf 73' lang='grc' dir='ltr'><strong><em>ἐὰν</em></strong></span> <span class='ocrx_word' id='word_1_73' title='bbox 1714 824 1839 881; x_wconf 88' lang='grc' dir='ltr'><strong><em>ἀδι-</em></strong></span> 
     </span>
     <span class='ocr_line' id='line_1_9' title="bbox 144 898 1837 982; baseline 0.001 -19"><span class='ocrx_word' id='word_1_74' title='bbox 144 908 418 979; x_wconf 88' lang='grc' dir='ltr'><strong><em>κούμενος</em></strong></span> <span class='ocrx_word' id='word_1_75' title='bbox 435 913 795 978; x_wconf 85' lang='grc' dir='ltr'><strong><em>τιμωρεῖσθαι</em></strong></span> <span class='ocrx_word' id='word_1_76' title='bbox 819 902 1095 969; x_wconf 85' lang='grc' dir='ltr'><strong><em>ἀδύνατος</em></strong></span> <span class='ocrx_word' id='word_1_77' title='bbox 1118 898 1188 978; x_wconf 78' lang='grc' dir='ltr'><strong><em>ᾗ,</em></strong></span> <span class='ocrx_word' id='word_1_78' title='bbox 1210 904 1270 961; x_wconf 82' lang='grc' dir='ltr'><strong><em>τὸ</em></strong></span> <span class='ocrx_word' id='word_1_79' title='bbox 1294 907 1354 961; x_wconf 76' lang='grc' dir='ltr'><strong><em>δὲ</em></strong></span> <span class='ocrx_word' id='word_1_80' title='bbox 1374 910 1590 962; x_wconf 90' lang='grc' dir='ltr'><strong><em>δίκαιον</em></strong></span> <span class='ocrx_word' id='word_1_81' title='bbox 1610 909 1671 962; x_wconf 89' lang='grc' dir='ltr'><strong><em>ἐν</em></strong></span> <span class='ocrx_word' id='word_1_82' title='bbox 1688 910 1837 982; x_wconf 79' lang='grc' dir='ltr'><strong><em>μέσςο</em></strong></span> 
     </span>
     <span class='ocr_line' id='line_1_10' title="bbox 148 984 1905 1058; baseline 0.001 -14"><span class='ocrx_word' id='word_1_83' title='bbox 148 984 216 1044; x_wconf 85' lang='grc' dir='ltr'><strong><em>ὂν</em></strong></span> <span class='ocrx_word' id='word_1_84' title='bbox 240 988 452 1043; x_wconf 88' lang='grc' dir='ltr'><strong><em>τούτων</em></strong></span> <span class='ocrx_word' id='word_1_85' title='bbox 466 985 797 1058; x_wconf 77' lang='grc' dir='ltr'><strong><em>ἀμφοτέρων</em></strong></span> <span class='ocrx_word' id='word_1_86' title='bbox 809 984 1136 1057; x_wconf 72' lang='grc' dir='ltr'><strong><em>ἀγαπᾶσθαι</em></strong></span> <span class='ocrx_word' id='word_1_87' title='bbox 1160 984 1261 1058; x_wconf 81' lang='grc' dir='ltr'><strong><em>οὐχ</em></strong></span> <span class='ocrx_word' id='word_1_88' title='bbox 1283 984 1356 1053; x_wconf 73' lang='grc' dir='ltr'><strong><em>ὡς</em></strong></span> <span class='ocrx_word' id='word_1_89' title='bbox 1371 985 1611 1058; x_wconf 90' lang='grc' dir='ltr'><strong><em>ἀγαθόν,</em></strong></span> <span class='ocrx_word' id='word_1_90' title='bbox 1626 985 1741 1046; x_wconf 87' lang='grc' dir='ltr'><strong><em>ἀλλ’</em></strong></span> <span class='ocrx_word' id='word_1_91' title='bbox 1767 988 1839 1055; x_wconf 78' lang='grc' dir='ltr'><strong><em>ὦς</em></strong></span> <span class='ocrx_word' id='word_1_92' title='bbox 1871 1004 1905 1046; x_wconf 84' lang='grc' dir='ltr'><strong>Β</strong></span> 
     </span>
     <span class='ocr_line' id='line_1_11' title="bbox 147 1067 1836 1143; baseline 0.002 -19"><span class='ocrx_word' id='word_1_93' title='bbox 147 1069 427 1143; x_wconf 78' lang='grc' dir='ltr'><strong><em>ἀρρωστίᾳ</em></strong></span> <span class='ocrx_word' id='word_1_94' title='bbox 463 1075 567 1125; x_wconf 87' lang='grc' dir='ltr'><strong><em>τοῦ</em></strong></span> <span class='ocrx_word' id='word_1_95' title='bbox 604 1067 816 1125; x_wconf 80' lang='grc' dir='ltr'><strong><em>ἀδικεῖν</em></strong></span> <span class='ocrx_word' id='word_1_96' title='bbox 851 1068 1187 1140; x_wconf 88' lang='grc' dir='ltr'><strong><em>τιμώμενον·</em></strong></span> <span class='ocrx_word' id='word_1_97' title='bbox 1248 1071 1363 1125; x_wconf 85' lang='grc' dir='ltr'><strong><em>ἐπεὶ</em></strong></span> <span class='ocrx_word' id='word_1_98' title='bbox 1394 1068 1495 1125; x_wconf 86' lang='grc' dir='ltr'><strong><em>τόν</em></strong></span> <span class='ocrx_word' id='word_1_99' title='bbox 1516 1070 1836 1143; x_wconf 78' lang='grc' dir='ltr'><strong><em>δυνάμενον</em></strong></span> 
     </span>
     <span class='ocr_line' id='line_1_12' title="bbox 148 1148 1838 1222; baseline 0.001 -14"><span class='ocrx_word' id='word_1_100' title='bbox 148 1151 283 1208; x_wconf 82' lang='grc' dir='ltr'><strong><em>αὐτὸ</em></strong></span> <span class='ocrx_word' id='word_1_101' title='bbox 319 1163 497 1207; x_wconf 84' lang='grc' dir='ltr'><strong><em>ποιεῖν</em></strong></span> <span class='ocrx_word' id='word_1_102' title='bbox 527 1153 619 1207; x_wconf 80' lang='grc' dir='ltr'><strong><em>καὶ</em></strong></span> <span class='ocrx_word' id='word_1_103' title='bbox 650 1149 723 1216; x_wconf 75' lang='grc' dir='ltr'><strong><em>ὦς</em></strong></span> <span class='ocrx_word' id='word_1_104' title='bbox 748 1148 976 1221; x_wconf 75' lang='grc' dir='ltr'><strong><em>ἀληθῶς</em></strong></span> <span class='ocrx_word' id='word_1_105' title='bbox 1003 1150 1183 1222; x_wconf 76' lang='grc' dir='ltr'><strong><em>ἄνδρα</em></strong></span> <span class='ocrx_word' id='word_1_106' title='bbox 1204 1148 1327 1206; x_wconf 84' lang='grc' dir='ltr'><strong><em>οὐδ’</em></strong></span> <span class='ocrx_word' id='word_1_107' title='bbox 1351 1150 1422 1206; x_wconf 71' lang='grc' dir='ltr'><strong><em>ἂν</em></strong></span> <span class='ocrx_word' id='word_1_108' title='bbox 1452 1152 1539 1208; x_wconf 85' lang='grc' dir='ltr'><strong><em>ἑνί</em></strong></span> <span class='ocrx_word' id='word_1_109' title='bbox 1551 1172 1684 1209; x_wconf 89' lang='grc' dir='ltr'><strong><em>ποτε</em></strong></span> <span class='ocrx_word' id='word_1_110' title='bbox 1703 1156 1838 1220; x_wconf 82' lang='grc' dir='ltr'><strong><em>ξυν-</em></strong></span> 
     </span>
     <span class='ocr_line' id='line_1_13' title="bbox 145 1228 1836 1305; baseline 0 -17"><span class='ocrx_word' id='word_1_111' title='bbox 145 1235 354 1288; x_wconf 84' lang='grc' dir='ltr'><strong><em>θέσθαι</em></strong></span> <span class='ocrx_word' id='word_1_112' title='bbox 403 1232 465 1287; x_wconf 89' lang='grc' dir='ltr'>τό</span> <span class='ocrx_word' id='word_1_113' title='bbox 518 1231 654 1303; x_wconf 86' lang='grc' dir='ltr'><strong><em>μήτε</em></strong></span> <span class='ocrx_word' id='word_1_114' title='bbox 704 1228 915 1287; x_wconf 84' lang='grc' dir='ltr'><strong><em>ἀδικεῖν</em></strong></span> <span class='ocrx_word' id='word_1_115' title='bbox 954 1231 1090 1303; x_wconf 83' lang='grc' dir='ltr'><strong><em>μήτε</em></strong></span> <span class='ocrx_word' id='word_1_116' title='bbox 1138 1230 1480 1288; x_wconf 86' lang='grc' dir='ltr'><strong><em>ἀδικεῖσθαι·</em></strong></span> <span class='ocrx_word' id='word_1_117' title='bbox 1538 1240 1836 1305; x_wconf 89' lang='grc' dir='ltr'><strong><em>μαίνεσθαι</em></strong></span> 
     </span>
     <span class='ocr_line' id='line_1_14' title="bbox 144 1307 1834 1390; baseline 0.003 -20"><span class='ocrx_word' id='word_1_118' title='bbox 144 1315 252 1387; x_wconf 82' lang='grc' dir='ltr'><strong><em>γὰρ</em></strong></span> <span class='ocrx_word' id='word_1_119' title='bbox 273 1315 361 1372; x_wconf 81' lang='grc' dir='ltr'><strong><em>ἄν.</em></strong></span> <span class='ocrx_word' id='word_1_120' title='bbox 398 1312 432 1386; x_wconf 83' lang='grc' dir='ltr'><em>ἡ</em></span> <span class='ocrx_word' id='word_1_121' title='bbox 456 1318 557 1386; x_wconf 77' lang='grc' dir='ltr'><strong><em>μὲν</em></strong></span> <span class='ocrx_word' id='word_1_122' title='bbox 588 1307 697 1371; x_wconf 79' lang='grc' dir='ltr'><strong><em>οὖν</em></strong></span> <span class='ocrx_word' id='word_1_123' title='bbox 726 1313 793 1387; x_wconf 86' lang='grc' dir='ltr'><strong><em>δὴ</em></strong></span> <span class='ocrx_word' id='word_1_124' title='bbox 826 1315 996 1386; x_wconf 89' lang='grc' dir='ltr'><strong><em>φύσις</em></strong></span> <span class='ocrx_word' id='word_1_125' title='bbox 1026 1314 1406 1387; x_wconf 83' lang='grc' dir='ltr'><strong><em>δικαιοσύνης,</em></strong></span> <span class='ocrx_word' id='word_1_126' title='bbox 1448 1310 1494 1370; x_wconf 79' lang='grc' dir='ltr'><strong><em>ώ</em></strong></span> <span class='ocrx_word' id='word_1_127' title='bbox 1520 1318 1834 1390; x_wconf 84' lang='grc' dir='ltr'><strong><em>Σώκρατες,</em></strong></span> 
     </span>
     <span class='ocr_line' id='line_1_15' title="bbox 147 1397 1836 1470; baseline 0.001 -18"><span class='ocrx_word' id='word_1_128' title='bbox 147 1420 288 1468; x_wconf 89' lang='grc' dir='ltr'><strong><em>αυτη</em></strong></span> <span class='ocrx_word' id='word_1_129' title='bbox 321 1418 379 1452; x_wconf 90' lang='grc' dir='ltr'><strong><em>τε</em></strong></span> <span class='ocrx_word' id='word_1_130' title='bbox 403 1399 495 1452; x_wconf 82' lang='grc' dir='ltr'><strong><em>καὶ</em></strong></span> <span class='ocrx_word' id='word_1_131' title='bbox 525 1397 784 1468; x_wconf 85' lang='grc' dir='ltr'><strong><em>τοιαύτη,</em></strong></span> <span class='ocrx_word' id='word_1_132' title='bbox 823 1399 915 1452; x_wconf 84' lang='grc' dir='ltr'><strong><em>καὶ</em></strong></span> <span class='ocrx_word' id='word_1_133' title='bbox 946 1399 999 1463; x_wconf 81' lang='grc' dir='ltr'><strong><em>ἐξ</em></strong></span> <span class='ocrx_word' id='word_1_134' title='bbox 1030 1419 1111 1453; x_wconf 87' lang='grc' dir='ltr'><strong><em>ων</em></strong></span> <span class='ocrx_word' id='word_1_135' title='bbox 1150 1399 1366 1469; x_wconf 80' lang='grc' dir='ltr'><strong><em>πέφυκε</em></strong></span> <span class='ocrx_word' id='word_1_136' title='bbox 1400 1405 1655 1470; x_wconf 89' lang='grc' dir='ltr'><strong><em>τοιαῦτα,</em></strong></span> <span class='ocrx_word' id='word_1_137' title='bbox 1698 1397 1772 1466; x_wconf 74' lang='grc' dir='ltr'><strong><em>ὥς</em></strong></span> <span class='ocrx_word' id='word_1_138' title='bbox 1808 1397 1836 1453; x_wconf 88' lang='grc' dir='ltr'>ὁ</span> 
     </span>
     <span class='ocr_line' id='line_1_16' title="bbox 146 1479 327 1550; baseline 0.012 -17"><span class='ocrx_word' id='word_1_139' title='bbox 146 1479 327 1550; x_wconf 80' lang='grc' dir='ltr'><strong><em>λόγος.</em></strong></span> 
     </span>
     <span class='ocr_line' id='line_1_17' title="bbox 288 1557 1840 1636; baseline 0.002 -22"><span class='ocrx_word' id='word_1_140' title='bbox 288 1563 373 1614; x_wconf 90' lang='lat'>111.</span> <span class='ocrx_word' id='word_1_141' title='bbox 405 1557 497 1626; x_wconf 77' lang='grc' dir='ltr'><strong><em>Ὡς</em></strong></span> <span class='ocrx_word' id='word_1_142' title='bbox 534 1561 595 1617; x_wconf 72' lang='grc' dir='ltr'><strong><em>δὲ</em></strong></span> <span class='ocrx_word' id='word_1_143' title='bbox 622 1563 713 1616; x_wconf 84' lang='grc' dir='ltr'><strong><em>καὶ</em></strong></span> <span class='ocrx_word' id='word_1_144' title='bbox 742 1564 800 1617; x_wconf 80' lang='grc' dir='ltr'><strong><em>οἰ</em></strong></span> <span class='ocrx_word' id='word_1_145' title='bbox 824 1561 1238 1633; x_wconf 83' lang='grc' dir='ltr'><strong><em>ἐπιτηδεύοντες</em></strong></span> <span class='ocrx_word' id='word_1_146' title='bbox 1267 1561 1546 1636; x_wconf 79' lang='grc' dir='ltr'><strong><em>ἀδυναμίᾳ</em></strong></span> <span class='ocrx_word' id='word_1_147' title='bbox 1585 1570 1688 1618; x_wconf 86' lang='grc' dir='ltr'><strong><em>τοῦ</em></strong></span> <span class='ocrx_word' id='word_1_148' title='bbox 1717 1561 1840 1618; x_wconf 87' lang='grc' dir='ltr'><strong><em>ἀδι-</em></strong></span> 
     </span>
     <span class='ocr_line' id='line_1_18' title="bbox 146 1640 1836 1717; baseline 0.001 -18"><span class='ocrx_word' id='word_1_149' title='bbox 146 1654 265 1699; x_wconf 84' lang='grc' dir='ltr'><strong><em>κεῖν</em></strong></span> <span class='ocrx_word' id='word_1_150' title='bbox 286 1642 515 1708; x_wconf 80' lang='grc' dir='ltr'><strong><em>ὅῖκοντες</em></strong></span> <span class='ocrx_word' id='word_1_151' title='bbox 534 1640 671 1699; x_wconf 79' lang='grc' dir='ltr'><strong><em>αὐτὸ</em></strong></span> <span class='ocrx_word' id='word_1_152' title='bbox 695 1644 1110 1716; x_wconf 90' lang='grc' dir='ltr'><strong><em>ἐπιτηδεύουσι,</em></strong></span> <span class='ocrx_word' id='word_1_153' title='bbox 1137 1644 1362 1716; x_wconf 86' lang='grc' dir='ltr'><strong><em>μάλιστ’</em></strong></span> <span class='ocrx_word' id='word_1_154' title='bbox 1386 1642 1458 1701; x_wconf 72' lang='grc' dir='ltr'><strong><em>ἂν</em></strong></span> <span class='ocrx_word' id='word_1_155' title='bbox 1479 1649 1836 1717; x_wconf 85' lang='grc' dir='ltr'><strong><em>αἰσθοίμεθα,</em></strong></span> 
     </span>
     <span class='ocr_line' id='line_1_19' title="bbox 147 1725 1903 1799; baseline -0.001 -18"><span class='ocrx_word' id='word_1_156' title='bbox 147 1731 198 1782; x_wconf 90' lang='grc' dir='ltr'><strong><em>εἰ</em></strong></span> <span class='ocrx_word' id='word_1_157' title='bbox 214 1725 428 1782; x_wconf 88' lang='grc' dir='ltr'><strong><em>τοιόνδε</em></strong></span> <span class='ocrx_word' id='word_1_158' title='bbox 448 1727 777 1798; x_wconf 81' lang='grc' dir='ltr'><strong><em>ποιήσαιμεν</em></strong></span> <span class='ocrx_word' id='word_1_159' title='bbox 796 1734 865 1799; x_wconf 83' lang='grc' dir='ltr'><strong><em>τῇ</em></strong></span> <span class='ocrx_word' id='word_1_160' title='bbox 885 1731 1101 1798; x_wconf 82' lang='grc' dir='ltr'><strong><em>διανοίᾳ</em></strong></span> <span class='ocrx_word' id='word_1_161' title='bbox 1116 1750 1127 1761; x_wconf 89' lang='grc'><em>·</em></span> <span class='ocrx_word' id='word_1_162' title='bbox 1167 1726 1359 1793; x_wconf 88' lang='grc' dir='ltr'><strong><em>δόντες</em></strong></span> <span class='ocrx_word' id='word_1_163' title='bbox 1378 1730 1634 1796; x_wconf 82' lang='grc' dir='ltr'><strong><em>ἐξουσίαν</em></strong></span> <span class='ocrx_word' id='word_1_164' title='bbox 1652 1729 1838 1784; x_wconf 82' lang='grc' dir='ltr'><strong><em>ἑκατέ-</em></strong></span> <span class='ocrx_word' id='word_1_165' title='bbox 1872 1737 1903 1780; x_wconf 83' lang='lat' dir='ltr'>G</span> 
     </span>
     <span class='ocr_line' id='line_1_20' title="bbox 149 1805 1835 1885; baseline 0.002 -22"><span class='ocrx_word' id='word_1_166' title='bbox 149 1830 228 1882; x_wconf 77' lang='grc' dir='ltr'><strong><em>ρῳ</em></strong></span> <span class='ocrx_word' id='word_1_167' title='bbox 262 1820 439 1865; x_wconf 87' lang='grc' dir='ltr'><strong><em>ποιεῖν</em></strong></span> <span class='ocrx_word' id='word_1_168' title='bbox 459 1807 492 1864; x_wconf 82' lang='grc' dir='ltr'>ὅ</span> <span class='ocrx_word' id='word_1_169' title='bbox 514 1832 565 1864; x_wconf 91' lang='grc' dir='ltr'><strong><em>τι</em></strong></span> <span class='ocrx_word' id='word_1_170' title='bbox 598 1805 669 1864; x_wconf 72' lang='grc' dir='ltr'><strong><em>ἂν</em></strong></span> <span class='ocrx_word' id='word_1_171' title='bbox 690 1810 986 1881; x_wconf 87' lang='grc' dir='ltr'><strong><em>βούληται,</em></strong></span> <span class='ocrx_word' id='word_1_172' title='bbox 1017 1818 1096 1884; x_wconf 71' lang='grc' dir='ltr'><strong><em>τῷ</em></strong></span> <span class='ocrx_word' id='word_1_173' title='bbox 1122 1831 1181 1866; x_wconf 88' lang='grc' dir='ltr'><strong><em>τε</em></strong></span> <span class='ocrx_word' id='word_1_174' title='bbox 1210 1814 1402 1884; x_wconf 77' lang='grc' dir='ltr'><strong><em>δικαίῳ</em></strong></span> <span class='ocrx_word' id='word_1_175' title='bbox 1430 1813 1523 1866; x_wconf 86' lang='grc' dir='ltr'><strong><em>καὶ</em></strong></span> <span class='ocrx_word' id='word_1_176' title='bbox 1542 1818 1622 1885; x_wconf 73' lang='grc' dir='ltr'><strong><em>τῷ</em></strong></span> <span class='ocrx_word' id='word_1_177' title='bbox 1642 1808 1835 1885; x_wconf 79' lang='grc' dir='ltr'><strong><em>ἀδίκῳ,</em></strong></span> 
     </span>
     <span class='ocr_line' id='line_1_21' title="bbox 148 1889 1839 1965; baseline 0.003 -20"><span class='ocrx_word' id='word_1_178' title='bbox 148 1889 246 1945; x_wconf 85' lang='grc' dir='ltr'><strong><em>εἶτ’</em></strong></span> <span class='ocrx_word' id='word_1_179' title='bbox 286 1890 842 1964; x_wconf 82' lang='grc' dir='ltr'><strong><em>ἐπακολουθήσαιμεν</em></strong></span> <span class='ocrx_word' id='word_1_180' title='bbox 876 1892 1180 1964; x_wconf 86' lang='grc' dir='ltr'><strong><em>θεώμενοι,</em></strong></span> <span class='ocrx_word' id='word_1_181' title='bbox 1218 1905 1317 1948; x_wconf 89' lang='grc' dir='ltr'><strong><em>ποῖ</em></strong></span> <span class='ocrx_word' id='word_1_182' title='bbox 1338 1890 1372 1965; x_wconf 84' lang='grc' dir='ltr'><strong><em>ἡ</em></strong></span> <span class='ocrx_word' id='word_1_183' title='bbox 1400 1894 1669 1964; x_wconf 87' lang='grc' dir='ltr'><strong><em>ἐπιθυμία</em></strong></span> <span class='ocrx_word' id='word_1_184' title='bbox 1706 1893 1839 1950; x_wconf 81' lang='grc' dir='ltr'><strong><em>ἐκά-</em></strong></span> 
     </span>
     <span class='ocr_line' id='line_1_22' title="bbox 147 1969 1837 2051; baseline 0.003 -24"><span class='ocrx_word' id='word_1_185' title='bbox 147 1993 310 2040; x_wconf 82' lang='grc' dir='ltr'><strong><em>τερον</em></strong></span> <span class='ocrx_word' id='word_1_186' title='bbox 328 1971 459 2038; x_wconf 80' lang='grc' dir='ltr'><strong><em>ὁὶξει.</em></strong></span> <span class='ocrx_word' id='word_1_187' title='bbox 484 1972 558 2028; x_wconf 79' lang='grc' dir='ltr'><strong><em>ἐπ’</em></strong></span> <span class='ocrx_word' id='word_1_188' title='bbox 585 1971 896 2050; x_wconf 74' lang='grc' dir='ltr'><strong><em>αὐτοφώρῳ</em></strong></span> <span class='ocrx_word' id='word_1_189' title='bbox 919 1969 1024 2030; x_wconf 78' lang='grc' dir='ltr'><strong><em>οὖν</em></strong></span> <span class='ocrx_word' id='word_1_190' title='bbox 1043 1975 1307 2047; x_wconf 89' lang='grc' dir='ltr'><strong><em>λάβοιμεν</em></strong></span> <span class='ocrx_word' id='word_1_191' title='bbox 1327 1971 1399 2030; x_wconf 74' lang='lat' dir='ltr'><em>o&#39;c&#39;v</em></span> <span class='ocrx_word' id='word_1_192' title='bbox 1411 1973 1511 2031; x_wconf 83' lang='grc' dir='ltr'><strong><em>τὸν</em></strong></span> <span class='ocrx_word' id='word_1_193' title='bbox 1527 1979 1743 2032; x_wconf 88' lang='grc' dir='ltr'><strong><em>δίκαιον</em></strong></span> <span class='ocrx_word' id='word_1_194' title='bbox 1762 1982 1837 2051; x_wconf 78' lang='grc' dir='ltr'><strong><em>τῷ</em></strong></span> 
     </span>
     <span class='ocr_line' id='line_1_23' title="bbox 149 2051 1840 2128; baseline 0.003 -20"><span class='ocrx_word' id='word_1_195' title='bbox 149 2051 322 2128; x_wconf 75' lang='grc' dir='ltr'><strong><em>ἀδίκῳ</em></strong></span> <span class='ocrx_word' id='word_1_196' title='bbox 345 2058 422 2119; x_wconf 88' lang='grc' dir='ltr'><strong><em>εἰς</em></strong></span> <span class='ocrx_word' id='word_1_197' title='bbox 439 2053 648 2111; x_wconf 84' lang='grc' dir='ltr'><strong><em>ταύτὸν</em></strong></span> <span class='ocrx_word' id='word_1_198' title='bbox 668 2055 825 2112; x_wconf 85' lang='grc' dir='ltr'><strong><em>ἰόντα</em></strong></span> <span class='ocrx_word' id='word_1_199' title='bbox 847 2055 936 2113; x_wconf 76' lang='grc' dir='ltr'><strong><em>διὰ</em></strong></span> <span class='ocrx_word' id='word_1_200' title='bbox 955 2054 1057 2128; x_wconf 84' lang='grc' dir='ltr'><strong><em>τὴν</em></strong></span> <span class='ocrx_word' id='word_1_201' title='bbox 1077 2060 1424 2127; x_wconf 85' lang='grc' dir='ltr'><strong><em>πλεονεξίαν,</em></strong></span> <span class='ocrx_word' id='word_1_202' title='bbox 1447 2054 1481 2112; x_wconf 80' lang='grc' dir='ltr'><em>ὂ</em></span> <span class='ocrx_word' id='word_1_203' title='bbox 1500 2063 1650 2112; x_wconf 81' lang='grc' dir='ltr'><strong><em>ποῖσα</em></strong></span> <span class='ocrx_word' id='word_1_204' title='bbox 1670 2057 1840 2128; x_wconf 90' lang='grc' dir='ltr'><strong><em>φύσις</em></strong></span> 
     </span>
     <span class='ocr_line' id='line_1_24' title="bbox 148 2135 1839 2212; baseline 0.002 -21"><span class='ocrx_word' id='word_1_205' title='bbox 148 2135 371 2192; x_wconf 88' lang='grc' dir='ltr'><strong><em>διώκειν</em></strong></span> <span class='ocrx_word' id='word_1_206' title='bbox 394 2140 642 2208; x_wconf 85' lang='grc' dir='ltr'><strong><em>πέφυκεν</em></strong></span> <span class='ocrx_word' id='word_1_207' title='bbox 663 2136 736 2204; x_wconf 73' lang='grc' dir='ltr'><strong><em>ὥς</em></strong></span> <span class='ocrx_word' id='word_1_208' title='bbox 757 2136 1006 2209; x_wconf 87' lang='grc' dir='ltr'><strong><em>ἀγαθόν,</em></strong></span> <span class='ocrx_word' id='word_1_209' title='bbox 1038 2137 1193 2212; x_wconf 77' lang='grc' dir='ltr'><strong><em>νόμῳ</em></strong></span> <span class='ocrx_word' id='word_1_210' title='bbox 1220 2136 1280 2194; x_wconf 74' lang='grc' dir='ltr'><strong><em>δὲ</em></strong></span> <span class='ocrx_word' id='word_1_211' title='bbox 1303 2143 1399 2211; x_wconf 79' lang='grc' dir='ltr'><strong><em>βίᾳ</em></strong></span> <span class='ocrx_word' id='word_1_212' title='bbox 1428 2137 1734 2210; x_wconf 75' lang='grc' dir='ltr'><strong><em>παράγεται</em></strong></span> <span class='ocrx_word' id='word_1_213' title='bbox 1752 2141 1839 2195; x_wconf 85' lang='grc' dir='ltr'><strong><em>ἐπὶ</em></strong></span> 
     </span>
     <span class='ocr_line' id='line_1_25' title="bbox 0 2215 1840 2296; baseline 0.003 -25"><span class='ocrx_word' id='word_1_214' title='bbox 0 2267 7 2296; x_wconf 66' lang='lat' dir='ltr'>a</span> <span class='ocrx_word' id='word_1_215' title='bbox 147 2215 251 2287; x_wconf 86' lang='grc' dir='ltr'><strong><em>τὴν</em></strong></span> <span class='ocrx_word' id='word_1_216' title='bbox 284 2225 387 2274; x_wconf 85' lang='grc' dir='ltr'><strong><em>τοῦ</em></strong></span> <span class='ocrx_word' id='word_1_217' title='bbox 409 2226 537 2275; x_wconf 72' lang='grc' dir='ltr'><strong><em>ἴσου</em></strong></span> <span class='ocrx_word' id='word_1_218' title='bbox 564 2220 742 2293; x_wconf 81' lang='grc' dir='ltr'><strong><em>τιμήν.</em></strong></span> <span class='ocrx_word' id='word_1_219' title='bbox 791 2228 874 2292; x_wconf 81' lang='grc' dir='ltr'><strong><em>εἰή</em></strong></span> <span class='ocrx_word' id='word_1_220' title='bbox 905 2217 961 2276; x_wconf 90' lang='grc' dir='ltr'><strong><em>δ’</em></strong></span> <span class='ocrx_word' id='word_1_221' title='bbox 989 2216 1060 2275; x_wconf 78' lang='grc' dir='ltr'><strong><em>ἀν</em></strong></span> <span class='ocrx_word' id='word_1_222' title='bbox 1087 2218 1120 2291; x_wconf 86' lang='grc' dir='ltr'><strong><em>ἡ</em></strong></span> <span class='ocrx_word' id='word_1_223' title='bbox 1158 2222 1377 2286; x_wconf 82' lang='grc' dir='ltr'><strong><em>ἐξουσία</em></strong></span> <span class='ocrx_word' id='word_1_224' title='bbox 1397 2217 1468 2292; x_wconf 81' lang='grc' dir='ltr'><strong><em>ἢν</em></strong></span> <span class='ocrx_word' id='word_1_225' title='bbox 1487 2224 1629 2291; x_wconf 86' lang='grc' dir='ltr'><strong><em>λέγω</em></strong></span> <span class='ocrx_word' id='word_1_226' title='bbox 1651 2220 1840 2278; x_wconf 86' lang='grc' dir='ltr'><strong><em>τοιάδε</em></strong></span> 
     </span>
     <span class='ocr_line' id='line_1_26' title="bbox 5 2298 1841 2377; baseline 0.003 -25"><span class='ocrx_word' id='word_1_227' title='bbox 5 2298 7 2330; x_wconf 74' lang='lat'>⁵</span> <span class='ocrx_word' id='word_1_228' title='bbox 148 2298 415 2371; x_wconf 84' lang='grc' dir='ltr'><strong><em>μάλιστα,</em></strong></span> <span class='ocrx_word' id='word_1_229' title='bbox 456 2306 506 2358; x_wconf 81' lang='grc' dir='ltr'><strong><em>εἰ</em></strong></span> <span class='ocrx_word' id='word_1_230' title='bbox 541 2301 729 2369; x_wconf 81' lang='grc' dir='ltr'><strong><em>αὐτοῖς</em></strong></span> <span class='ocrx_word' id='word_1_231' title='bbox 765 2306 980 2374; x_wconf 83' lang='grc' dir='ltr'><strong><em>γένοιτο</em></strong></span> <span class='ocrx_word' id='word_1_232' title='bbox 1009 2305 1134 2358; x_wconf 81' lang='grc' dir='ltr'><strong><em>οἵαν</em></strong></span> <span class='ocrx_word' id='word_1_233' title='bbox 1160 2305 1295 2358; x_wconf 87' lang='grc' dir='ltr'><strong><em>ποτέ</em></strong></span> <span class='ocrx_word' id='word_1_234' title='bbox 1323 2319 1462 2374; x_wconf 88' lang='grc' dir='ltr'><strong><em>φασι</em></strong></span> <span class='ocrx_word' id='word_1_235' title='bbox 1491 2303 1730 2375; x_wconf 90' lang='grc' dir='ltr'><strong><em>δύναμιν</em></strong></span> <span class='ocrx_word' id='word_1_236' title='bbox 1762 2308 1841 2377; x_wconf 73' lang='grc' dir='ltr'><strong><em>τῷ</em></strong></span> 
     </span>
     <span class='ocr_line' id='line_1_27' title="bbox 150 2379 1905 2459; baseline 0.002 -24"><span class='ocrx_word' id='word_1_237' title='bbox 150 2379 380 2452; x_wconf 89' lang='grc' dir='ltr'><strong><em>[Γύγου]</em></strong></span> <span class='ocrx_word' id='word_1_238' title='bbox 402 2389 503 2439; x_wconf 90' lang='grc' dir='ltr'><strong><em>τοῦ</em></strong></span> <span class='ocrx_word' id='word_1_239' title='bbox 520 2388 717 2440; x_wconf 84' lang='grc' dir='ltr'><strong><em>Λυδοῦ</em></strong></span> <span class='ocrx_word' id='word_1_240' title='bbox 735 2385 997 2459; x_wconf 78' lang='grc' dir='ltr'><strong><em>προγόνῳ</em></strong></span> <span class='ocrx_word' id='word_1_241' title='bbox 1016 2388 1294 2455; x_wconf 85' lang='grc' dir='ltr'><strong><em>γενέσθαι.</em></strong></span> <span class='ocrx_word' id='word_1_242' title='bbox 1328 2384 1468 2441; x_wconf 84' lang='grc' dir='ltr'><strong><em>εἶναι</em></strong></span> <span class='ocrx_word' id='word_1_243' title='bbox 1486 2386 1587 2457; x_wconf 77' lang='grc' dir='ltr'><strong><em>μὲν</em></strong></span> <span class='ocrx_word' id='word_1_244' title='bbox 1605 2383 1714 2457; x_wconf 82' lang='grc' dir='ltr'><strong><em>γὰρ</em></strong></span> <span class='ocrx_word' id='word_1_245' title='bbox 1736 2381 1840 2439; x_wconf 85' lang='grc' dir='ltr'><strong><em>αύ-</em></strong></span> <span class='ocrx_word' id='word_1_246' title='bbox 1871 2402 1905 2440; x_wconf 90' lang='lat' dir='ltr'>D</span> 
     </span>
     <span class='ocr_line' id='line_1_28' title="bbox 152 2461 1839 2540; baseline 0.002 -23"><span class='ocrx_word' id='word_1_247' title='bbox 152 2461 250 2519; x_wconf 86' lang='grc' dir='ltr'><strong><em>τόν</em></strong></span> <span class='ocrx_word' id='word_1_248' title='bbox 287 2467 519 2535; x_wconf 82' lang='grc' dir='ltr'><strong><em>ποιμένα</em></strong></span> <span class='ocrx_word' id='word_1_249' title='bbox 555 2465 868 2537; x_wconf 87' lang='grc' dir='ltr'><strong><em>θητεύοντα</em></strong></span> <span class='ocrx_word' id='word_1_250' title='bbox 906 2466 1055 2538; x_wconf 78' lang='grc' dir='ltr'><strong><em>παρὰ</em></strong></span> <span class='ocrx_word' id='word_1_251' title='bbox 1092 2473 1170 2540; x_wconf 76' lang='grc' dir='ltr'><strong><em>τῷ</em></strong></span> <span class='ocrx_word' id='word_1_252' title='bbox 1207 2466 1330 2523; x_wconf 86' lang='grc' dir='ltr'><strong><em>τότε</em></strong></span> <span class='ocrx_word' id='word_1_253' title='bbox 1362 2470 1570 2531; x_wconf 84' lang='grc' dir='ltr'><strong><em>Λυδίας</em></strong></span> <span class='ocrx_word' id='word_1_254' title='bbox 1598 2467 1839 2538; x_wconf 79' lang='grc' dir='ltr'><strong><em>ἄρχοντι,</em></strong></span> 
     </span>
     <span class='ocr_line' id='line_1_29' title="bbox 153 2543 1838 2620; baseline 0.004 -23"><span class='ocrx_word' id='word_1_255' title='bbox 153 2543 370 2615; x_wconf 79' lang='grc' dir='ltr'><strong><em>ὄμβρου</em></strong></span> <span class='ocrx_word' id='word_1_256' title='bbox 391 2544 450 2600; x_wconf 70' lang='grc' dir='ltr'><strong><em>δὲ</em></strong></span> <span class='ocrx_word' id='word_1_257' title='bbox 471 2553 683 2603; x_wconf 87' lang='grc' dir='ltr'><strong><em>πολλοῦ</em></strong></span> <span class='ocrx_word' id='word_1_258' title='bbox 703 2552 1009 2619; x_wconf 83' lang='grc' dir='ltr'><strong><em>γενομένου</em></strong></span> <span class='ocrx_word' id='word_1_259' title='bbox 1043 2550 1134 2604; x_wconf 83' lang='grc' dir='ltr'><strong><em>καὶ</em></strong></span> <span class='ocrx_word' id='word_1_260' title='bbox 1156 2556 1389 2620; x_wconf 81' lang='grc' dir='ltr'><strong><em>σεισμοῦ</em></strong></span> <span class='ocrx_word' id='word_1_261' title='bbox 1409 2552 1651 2620; x_wconf 81' lang='grc' dir='ltr'><strong><em>ῥαγῆναί</em></strong></span> <span class='ocrx_word' id='word_1_262' title='bbox 1676 2570 1725 2604; x_wconf 91' lang='grc' dir='ltr'><strong><em>τι</em></strong></span> <span class='ocrx_word' id='word_1_263' title='bbox 1743 2555 1838 2618; x_wconf 82' lang='grc' dir='ltr'><strong><em>τῆς</em></strong></span> 
     </span>
     <span class='ocr_line' id='line_1_30' title="bbox 150 2622 1840 2702; baseline 0.001 -21"><span class='ocrx_word' id='word_1_264' title='bbox 150 2633 250 2697; x_wconf 83' lang='grc' dir='ltr'><strong><em>γῆς</em></strong></span> <span class='ocrx_word' id='word_1_265' title='bbox 271 2628 360 2682; x_wconf 84' lang='grc' dir='ltr'><strong><em>καὶ</em></strong></span> <span class='ocrx_word' id='word_1_266' title='bbox 380 2629 643 2696; x_wconf 80' lang='grc' dir='ltr'><strong><em>γενέσθαι</em></strong></span> <span class='ocrx_word' id='word_1_267' title='bbox 659 2627 839 2700; x_wconf 88' lang='grc' dir='ltr'><strong><em>χάσμα</em></strong></span> <span class='ocrx_word' id='word_1_268' title='bbox 871 2630 1009 2685; x_wconf 77' lang='grc' dir='ltr'><strong><em>κατὰ</em></strong></span> <span class='ocrx_word' id='word_1_269' title='bbox 1029 2628 1130 2685; x_wconf 81' lang='grc' dir='ltr'><strong><em>τὸν</em></strong></span> <span class='ocrx_word' id='word_1_270' title='bbox 1149 2629 1324 2686; x_wconf 86' lang='grc' dir='ltr'><strong><em>τόπον</em></strong></span> <span class='ocrx_word' id='word_1_271' title='bbox 1343 2622 1380 2702; x_wconf 85' lang='grc' dir='ltr'><em>ᾗ</em></span> <span class='ocrx_word' id='word_1_272' title='bbox 1400 2634 1592 2701; x_wconf 83' lang='grc' dir='ltr'><strong><em>ἔνεμεν</em></strong></span> <span class='ocrx_word' id='word_1_273' title='bbox 1606 2652 1616 2662; x_wconf 91' lang='grc'><em>·</em></span> <span class='ocrx_word' id='word_1_274' title='bbox 1649 2629 1840 2686; x_wconf 83' lang='grc' dir='ltr'><strong><em>ἰδόντα</em></strong></span> 
     </span>
     <span class='ocr_line' id='line_1_31' title="bbox 152 2707 1842 2783; baseline 0.004 -21"><span class='ocrx_word' id='word_1_275' title='bbox 152 2707 211 2763; x_wconf 76' lang='grc' dir='ltr'><strong><em>δὲ</em></strong></span> <span class='ocrx_word' id='word_1_276' title='bbox 233 2710 323 2763; x_wconf 83' lang='grc' dir='ltr'><strong><em>καὶ</em></strong></span> <span class='ocrx_word' id='word_1_277' title='bbox 342 2709 714 2780; x_wconf 83' lang='grc' dir='ltr'><strong><em>θαυμάσαντα</em></strong></span> <span class='ocrx_word' id='word_1_278' title='bbox 745 2717 1051 2782; x_wconf 87' lang='grc' dir='ltr'><strong><em>καταβῆναι</em></strong></span> <span class='ocrx_word' id='word_1_279' title='bbox 1066 2754 1080 2781; x_wconf 89' lang='grc'><strong><em>,</em></strong></span> <span class='ocrx_word' id='word_1_280' title='bbox 1119 2715 1209 2767; x_wconf 84' lang='grc' dir='ltr'><strong><em>καὶ</em></strong></span> <span class='ocrx_word' id='word_1_281' title='bbox 1236 2716 1374 2767; x_wconf 86' lang='grc' dir='ltr'><strong><em>ἰδεῖν</em></strong></span> <span class='ocrx_word' id='word_1_282' title='bbox 1395 2711 1534 2767; x_wconf 74' lang='grc' dir='ltr'><strong><em>ἄλλα</em></strong></span> <span class='ocrx_word' id='word_1_283' title='bbox 1565 2733 1622 2767; x_wconf 92' lang='grc' dir='ltr'><strong><em>τε</em></strong></span> <span class='ocrx_word' id='word_1_284' title='bbox 1645 2710 1711 2783; x_wconf 85' lang='grc' dir='ltr'><strong><em>δὴ</em></strong></span> <span class='ocrx_word' id='word_1_285' title='bbox 1732 2733 1842 2782; x_wconf 90' lang='grc' dir='ltr'><strong><em>μυ-</em></strong></span> 
     </span>
     <span class='ocr_line' id='line_1_32' title="bbox 149 2791 1840 2865; baseline 0 -18"><span class='ocrx_word' id='word_1_286' title='bbox 149 2797 459 2861; x_wconf 84' lang='grc' dir='ltr'><strong><em>θολογοῦσι</em></strong></span> <span class='ocrx_word' id='word_1_287' title='bbox 478 2791 779 2863; x_wconf 79' lang='grc' dir='ltr'><strong><em>θαυμαστὰ</em></strong></span> <span class='ocrx_word' id='word_1_288' title='bbox 801 2795 891 2848; x_wconf 79' lang='grc' dir='ltr'><strong><em>καὶ</em></strong></span> <span class='ocrx_word' id='word_1_289' title='bbox 911 2797 1081 2849; x_wconf 82' lang='grc' dir='ltr'><strong><em>ἵππον</em></strong></span> <span class='ocrx_word' id='word_1_290' title='bbox 1098 2801 1343 2865; x_wconf 83' lang='grc' dir='ltr'><strong><em>χαλκοῦν</em></strong></span> <span class='ocrx_word' id='word_1_291' title='bbox 1361 2800 1576 2864; x_wconf 85' lang='grc' dir='ltr'><strong><em>κοῖλον,</em></strong></span> <span class='ocrx_word' id='word_1_292' title='bbox 1601 2797 1840 2865; x_wconf 88' lang='grc' dir='ltr'><strong><em>θυρίδας</em></strong></span> 
     </span>
     <span class='ocr_line' id='line_1_33' title="bbox 151 2871 1841 2948; baseline 0.002 -21"><span class='ocrx_word' id='word_1_293' title='bbox 151 2876 371 2943; x_wconf 78' lang='grc' dir='ltr'><strong><em>ἔχοντα,</em></strong></span> <span class='ocrx_word' id='word_1_294' title='bbox 392 2871 529 2929; x_wconf 86' lang='grc' dir='ltr'><strong><em>καθ’</em></strong></span> <span class='ocrx_word' id='word_1_295' title='bbox 551 2874 615 2939; x_wconf 76' lang='grc' dir='ltr'><strong><em>ἃς</em></strong></span> <span class='ocrx_word' id='word_1_296' title='bbox 635 2875 953 2944; x_wconf 82' lang='grc' dir='ltr'><strong><em>ἐγκύψαντα</em></strong></span> <span class='ocrx_word' id='word_1_297' title='bbox 975 2880 1112 2932; x_wconf 85' lang='grc' dir='ltr'><strong><em>ἰδεῖν</em></strong></span> <span class='ocrx_word' id='word_1_298' title='bbox 1131 2874 1329 2931; x_wconf 86' lang='grc' dir='ltr'><strong><em>ἐνόντα</em></strong></span> <span class='ocrx_word' id='word_1_299' title='bbox 1350 2875 1555 2948; x_wconf 88' lang='grc' dir='ltr'><strong><em>νεκρόν</em></strong></span> <span class='ocrx_word' id='word_1_300' title='bbox 1570 2919 1584 2946; x_wconf 94' lang='grc'><strong><em>,</em></strong></span> <span class='ocrx_word' id='word_1_301' title='bbox 1616 2873 1688 2941; x_wconf 78' lang='grc' dir='ltr'><strong><em>ὡς</em></strong></span> <span class='ocrx_word' id='word_1_302' title='bbox 1709 2880 1841 2947; x_wconf 74' lang='grc' dir='ltr'><strong><em>φαί·</em></strong></span> 
     </span>
    </p>
   </div>
   <div class='ocr_carea' id='block_1_3' title="bbox 0 2333 18 3236">
    <p class='ocr_par' dir='ltr' id='par_1_3' title="bbox 0 2333 18 3236">
     <span class='ocr_line' id='line_1_34' title="bbox 0 2333 18 3236; baseline 0 0"><span class='ocrx_word' id='word_1_303' title='bbox 0 2333 18 3236; x_wconf 95' lang='lat' dir='ltr'><strong><em> </em></strong></span> 
     </span>
    </p>
   </div>
  </div>
 </body>
</html>
