1962 3236
200 163 304 215 214
817 167 1297 215 ΠΛΑΤΩΝΟΣ

200 304 344 368 σίαν,
369 296 552 368 ῶσπερ
577 299 662 352 ἐπὶ
681 303 782 352 τοῦ
811 298 1088 353 δακτύλου
1109 301 1390 370 ἐλέγομεν·
1430 307 1480 357 εἰ
1508 299 1559 356 δ’
1591 299 1680 356 ἀεί
1704 324 1755 356 τι
1779 306 1884 356 αύ-

198 385 278 454 τῷ
298 379 410 451 ἅμα
441 377 633 447 ὁρᾶται
665 382 990 450 ἐναντίωμα,
1026 379 1164 435 ῶστε
1195 381 1367 451 μηδὲν
1395 387 1608 454 μᾶλλον
1639 385 1700 438 ἓν
1727 379 1762 453 ἢ
1792 386 1882 439 καὶ

201 458 535 516 τούναντίον
556 466 874 531 φαίνεσθαι,
895 466 996 515 τοῦ
1017 464 1434 530 ἐπικρινοῦντος
1455 462 1521 533 δὴ
1552 466 1665 519 δέοι
1686 459 1757 519 ἂν
1775 462 1879 535 ἤδη
1931 514 1934 515 ⁷

202 544 294 598 καὶ
314 541 664 612 ἀναγκάζοιτ’
686 537 758 596 ἄν
778 545 838 597 ἐν
858 540 1009 617 αὐτῷ
1031 541 1174 615 ψυχὴ
1198 541 1428 614 ἀπορεῖν
1448 547 1540 601 καὶ
1569 550 1761 617 ζητεῖν,
1793 568 1880 601 κι-
1925 546 1939 601 f'

198 630 376 678 νοῦσα
393 626 453 678 ἐν
476 625 643 695 ἑαυτῇ
662 621 765 694 τὴν
785 628 1023 693 ἔννοιαν,
1045 626 1135 680 καὶ
1165 624 1469 699 ἀνερωτᾷν,
1498 634 1552 682 τί
1576 624 1700 682 ποτ’
1734 629 1880 682 ἐστὶν
1930 627 1935 638 ”

80 724 166 767 525
201 702 335 759 αὐτὸ
356 705 416 759 τὸ
439 705 516 772 ἕν,
538 706 627 760 καὶ
640 702 784 760 οὕτω
804 713 916 761 τῶν
936 705 1171 777 ἀγωγῶν
1191 703 1262 764 ἀν
1281 716 1364 779 εἴη
1382 711 1472 765 καὶ
1491 727 1880 779 μεταστρεπτι-
1928 740 1930 742 v

205 793 323 842 κῶν
343 789 428 841 ἐπὶ
448 785 551 857 τὴν
571 793 672 842 τοῦ
693 786 854 853 ὄντος
872 791 1013 843 θέαν
1031 788 1065 859 ἡ
1087 791 1210 858 περὶ
1238 790 1298 844 τὸ
1329 793 1391 845 ἓν
1414 792 1673 861 μάθησις.
1716 789 1877 846 Ἀλλά
1930 783 1935 846 ,³

202 869 406 936 μέντοι,
427 873 550 939 ἔφη,
575 869 741 924 τοῦτο’
759 867 812 938 γ’
841 875 946 940 ἔχει
967 867 1067 939 οὐχ
1084 868 1280 944 ἥκιστα
1295 869 1328 941 ἡ
1344 873 1471 970 περὶ
1491 869 1550 926 τὸ
1575 871 1708 927 αὐτὸ
1730 871 1878 938 ὄψις·

200 946 312 1017 ἅμα
330 949 437 1019 γάρ
457 949 662 1006 ταύτὸν
685 948 755 1015 ὡς
773 952 835 1005 ἕν
864 973 919 1005 τε·
953 950 1172 1021 ὁρῶμεν
1199 954 1291 1007 καὶ
1322 950 1393 1017 ὡς
1425 952 1622 1023 ἄπειρα
1651 951 1712 1008 τὰ
1738 960 1881 1024 πλῆ-
1925 1002 1935 1018 ,γ

199 1038 317 1094 θος.
361 1029 590 1086 Οὐκοῦν
611 1039 762 1100 εἰπερ
781 1030 840 1087 τὸ
865 1033 943 1102 ἕν,
966 1035 1037 1103 ἦν
1059 1031 1110 1088 δ’
1143 1035 1268 1105 ἐγώ,
1299 1035 1389 1090 καὶ
1411 1035 1624 1106 ξύμπας
1642 1032 1881 1106 ἀριθμὸς
1931 1109 1935 1112 ⁴

197 1110 406 1167 ταύτὸν
424 1115 673 1169 πέπονθε
692 1115 897 1189 τούτςο;
931 1121 1062 1179 Πῶς
1082 1114 1133 1170 δ’
1156 1115 1226 1171 οὔ
1239 1140 1253 1182 ;
1287 1113 1446 1172 Ἀλλά
1466 1115 1579 1188 μὴν
1597 1118 1877 1188 λογιστική

197 1218 254 1251 τε
275 1198 364 1251 καὶ
384 1193 718 1267 ἀριθμητικὴ
741 1200 863 1269 περὶ
883 1195 1130 1267 ἀριθμὸν
1157 1205 1321 1253 πᾶσα.
1360 1201 1468 1254 Καὶ
1487 1200 1648 1270 μάλα.
1694 1206 1877 1255 Ταῦτα

129 1304 162 1345 Β
197 1282 260 1333 δέ
272 1299 335 1348 γε
355 1284 608 1349 φαίνεται
627 1276 816 1348 ἀγωγὰ
839 1277 975 1348 πρὸς
995 1278 1278 1350 ἀλήθειαν.
1295 1278 1615 1353 ’Τπερφυῶς
1635 1283 1735 1353 μὲν
1755 1276 1872 1337 οὖν.
1932 1343 1934 1346 ,

186 1353 288 1415 Ὧν
308 1365 576 1431 ζητοῦμεν
596 1360 721 1432 ἄρα,
744 1359 814 1426 ὡς
831 1366 990 1433 ἔοικε,
1013 1362 1358 1433 μαθημάτων
1378 1360 1449 1419 ἀν
1470 1372 1578 1435 εἴη·
1602 1371 1878 1438 πολεμικῷ
1930 1355 1934 1361 R

195 1445 297 1512 μὲν
325 1442 431 1512 γὰρ
470 1441 559 1497 διὰ
594 1440 690 1507 τὰς
724 1444 898 1509 τάξεις
929 1442 1233 1514 ἀναγκαῖον
1264 1453 1471 1515 μαθεῖν
1500 1451 1689 1513 ταῦτα,
1711 1452 1873 1515 φιλο-

195 1522 355 1598 σόφῳ
377 1524 436 1580 δὲ
463 1524 551 1579 διὰ
572 1523 632 1580 τὸ
657 1532 749 1596 τῆς
769 1524 961 1591 οὐσίας
981 1525 1183 1582 ἁπτέον
1217 1526 1357 1583 εἶναι
1385 1530 1650 1597 γενέσεως
1678 1531 1872 1594 ἐξανα-

195 1607 422 1677 δύντι,
396 1631 428 1678 η
423 1606 721 1678 μηδέποτε
750 1616 1041 1683 λογιστικῶ
1067 1612 1345 1679 γενέσθαι
1371 1609 1518 1666 Ἐστι
1547 1607 1702 1665 ταῦτ’
1708 1615 1875 1681 ,ἔφη

187 1685 246 1743 Ὁ
268 1690 330 1743 δέ
345 1710 407 1757 γε
425 1685 684 1759 ἡμέτερος
706 1690 886 1760 φύλαξ
907 1691 1202 1761 πολεμικός
1220 1715 1277 1747 τε
1306 1694 1395 1748 καὶ
1415 1692 1724 1764 φιλόσοφος
1741 1715 1877 1763 τυγ-

190 1770 346 1840 χάνει
386 1769 479 1826 ὤν.
528 1776 595 1826 Τί
626 1772 761 1843 μήνς
797 1777 1096 1844 Προσῆκον
1127 1772 1191 1845 δὴ
1226 1772 1286 1829 τὸ
1323 1775 1555 1872 μάθημα
1591 1798 1662 1830 αν
1699 1779 1874 1846 elma}
1943 1786 1947 1798 '

194 1851 484 1923 Γλαύκων,
504 1860 879 1925 νομοθετῆσαι
898 1858 988 1910 καὶ
1009 1862 1226 1911 πείθειν
1245 1855 1376 1922 τοὺς
1395 1860 1694 1928 μέλλοντας
1723 1861 1782 1912 ἐν
1810 1864 1876 1928 τῇ

128 1966 158 2007 0
194 1935 350 1991 πόλει
360 1941 473 1990 τῶν
484 1942 757 2007 μεγίστων
767 1939 1036 2009 μεθέξειν,
1051 1942 1135 1994 ἐπὶ
1148 1938 1464 2010 λογιστικὴν
1477 1942 1614 1995 ἰέναι
1627 1940 1715 1995 καὶ
1729 1938 1875 1993 ἀνθ-
1936 1974 1939 1977 1

193 2019 469 2075 άπτεσθαι
506 2019 675 2091 αὐτῆς
713 2020 785 2092 μὴ
819 2027 1120 2091 ἰδιωτικῶς,
1143 2019 1264 2077 ἀλλ’
1298 2024 1400 2084 ἕως
1421 2018 1496 2074 ἀν
1514 2023 1600 2075 ἐπὶ
1619 2022 1761 2075 θέαν
1779 2026 1874 2090 τῆς

190 2107 306 2156 τῶν
342 2100 602 2171 ἀριθμῶν
633 2105 855 2173 φύσεως
894 2102 1203 2174 ἀφίκωνται
1237 2108 1302 2174 τῇ
1341 2101 1530 2173 νοήσει
1573 2099 1727 2173 αὐτῇ,
1769 2099 1871 2156 οὐκ

191 2180 338 2253 ὠνῆς
358 2181 490 2238 οὐδὲ
509 2184 762 2253 πράσεως
778 2186 942 2255 χάριν
964 2183 1037 2250 ὡς
1057 2184 1332 2255 ἐμπόρους
1351 2180 1387 2255 ἢ
1411 2184 1694 2255 καπήλους
1713 2191 1873 2254 μελε-
1942 2238 1944 2242 .

188 2271 416 2336 τῶντας,
439 2263 562 2321 ἀλλ’
591 2267 752 2322 ἕνεκα
773 2270 1017 2338 πολέμου
1037 2289 1094 2322 τε
1123 2269 1214 2322 καὶ
1246 2267 1414 2336 αὐτῆς
1441 2272 1535 2336 τῆς
1564 2272 1739 2336 ψυχῆς
1768 2269 1871 2337 ῥᾳ-

190 2346 404 2418 στωνης
422 2369 478 2402 τε
498 2356 879 2452 μεταστροφῆς
898 2347 1004 2405 ἀπὸ
1027 2353 1291 2419 γενέσεως
1309 2346 1395 2403 ἐπ’
1417 2346 1687 2447 ἀλήθειάν
1704 2367 1761 2402 τε
1782 2348 1871 2401 καὶ

190 2428 404 2484 οὐσίαν.
444 2429 713 2486 Κάλλιστ’
717 2435 877 2503 ,ἕφη,
901 2434 1087 2502 λέγεις
1127 2433 1235 2486 Καὶ
1256 2431 1385 2502 μήν,
1417 2432 1490 2501 ῆν
1521 2427 1572 2484 δ’
1603 2430 1727 2499 ἐγώ,
1761 2436 1870 2484 νῦν

128 2530 160 2569 D
189 2513 280 2566 καὶ
305 2513 481 2567 ἐννοῶ
501 2514 771 2583 ρηθέντος
790 2520 890 2569 τοῦ
913 2516 1036 2584 περὶ
1055 2513 1185 2579 τοὺς
1204 2510 1509 2587 λογισμούς
1523 2512 1866 2582 μαθήματος,

189 2591 261 2657 ῶς
281 2594 501 2664 κομψόν
528 2597 640 2650 ἐστι
667 2598 758 2651 καὶ
783 2603 1028 2668 πολλαχῇ
1051 2595 1320 2667 χρήσιμον
1348 2592 1480 2665 ἡμῖν
1507 2592 1645 2662 πρὸς
1669 2591 1701 2647 ὃ
1728 2598 1868 2662 βου-

186 2675 417 2746 λόμεθα,
433 2676 532 2732 ἐὰν
542 2684 643 2733 τοῦ
662 2683 949 2749 γνωρίζειν
968 2678 1130 2733 ἕνεκά
1150 2700 1229 2742 τις
1247 2674 1382 2732 αὐτὸ
1405 2673 1712 2745 ἐπιτηδεύῃ,
1729 2671 1866 2728 ἀλλα

70 2798 81 2804 ⁷.
153 2823 159 2827 Ι
185 2753 258 2824 μὴ
281 2762 379 2811 τοῦ
401 2757 746 2828 καπηλεύειν.
787 2766 877 2830 Πῇ
897 2759 964 2830 δή
978 2783 992 2826 ;
1014 2763 1135 2829 ἔφη.
1178 2758 1357 2813 Τοῦτό
1375 2778 1455 2826 γε,
1478 2755 1509 2811 ὅ
1529 2761 1638 2810 νῦν
1663 2754 1728 2824 δὴ
1751 2758 1868 2810 ἕλε’-
1956 2826 1962 2837 ·.

184 2858 373 2907 γομεν,
399 2837 472 2902 ὠς
493 2840 714 2909 σφόδρα
737 2840 853 2895 ἄνω
874 2861 968 2896 ποι
997 2840 1119 2910 ἄγει
1146 2839 1249 2910 τὴν
1277 2836 1461 2909 ψυχὴν
1491 2839 1581 2892 καὶ
1611 2839 1732 2904 περὶ
1763 2836 1868 2890 αὐ-
1919 2883 1927 2914 3
