1962 3236
80 173 140 220 ³⁵
773 164 1166 214 ΤΙΜΛΙοΣ
1667 162 1772 214 353

0 300 24 380 ξ
83 300 395 374 ἡττωμένης
413 298 523 357 ὑπὸ
545 304 782 364 πειθοῦς
802 302 1081 369 ἔμφρονος
1100 296 1249 353 οὕτω
1271 294 1393 354 κατ’
1426 295 1599 367 ἀρχὰς
1619 302 1774 363 ξυνί-

0 381 14 439 ἱ
82 401 248 439 στατο
271 384 402 439 τόδε
421 380 484 438 τὰ
506 386 638 437 πᾶν.
677 387 731 436 εἰ
740 401 823 445 τις
841 372 948 434 οὖν
966 370 1004 450 ᾗ
1020 380 1216 450 γέγονε
1235 399 1374 434 κατα
1391 384 1566 434 ταῦτα
1596 378 1774 444 ὅντως

0 447 11 535 ᾗ
81 465 207 533 ἐρεῖ,
219 464 445 535 μικτέον
463 463 555 519 καὶ
573 460 636 516 τὸ
655 464 754 531 τῆς
770 461 1136 530 πλανωμένης
1155 457 1299 524 εἶδος
1311 452 1562 528 αἰτίας,
1523 481 1558 531 ῃ
1580 461 1772 530 φέρειν

0 550 4 574 ³
82 545 357 614 πέφυκεν·
408 538 518 600 ωδε
550 536 658 598 οὖν
693 540 866 596 πάλιν
911 538 1326 613 ἀναχωρητέον,
1364 542 1457 596 καὶ
1502 547 1772 613 λαβοῦσιν

0 691 2 694 y
80 624 271 681 αὐτῶν
287 626 505 682 τούτων
535 622 934 694 προσήκουσαν
954 623 1146 691 ἑτέραν
1168 621 1346 693 ἀρχὴν
1372 616 1541 688 αὖθις
1559 617 1650 694 αὖ,
1671 640 1781 680 noc-⁴
1799 644 1831 684 B

81 707 270 775 θάπερ
291 708 550 775 περὶτῶν
575 705 718 774 τότε,
751 709 862 758 νῦν
893 701 1041 758 οὕτω
1071 705 1196 773 περὶ
1223 703 1440 759 τούτων
1469 706 1638 760 πάλιν
1670 703 1774 776 ἀρ-

0 855 3 858 ,
82 791 245 844 κτέον
265 785 364 842 ἀπ’
386 784 556 859 ἀρχῆς
574 806 586 819 ·
626 783 731 857 τὴν
751 784 817 855 δὴ
838 783 946 855 πρὸ
967 785 1065 855 τῆς
1094 783 1342 852 οὐρανοῦ
1373 789 1638 856 γενέσεως
1664 807 1775 842 πυ-

83 869 181 938 ρὸς
199 866 404 934 ὕδατός
426 890 484 924 τε
503 869 594 923 καὶ
614 864 775 936 ἀέρος
793 867 883 921 καὶ
913 872 1014 937 γῆς
1042 864 1217 936 φύσιν
1233 869 1470 922 θεατέον
1489 866 1666 938 αὐτὴν
1685 871 1775 924 καὶ

67 949 150 1006 ’τά
170 949 279 1020 πρὸ
299 950 507 1006 τούτου
525 950 698 1019 πάθη.
738 953 849 1003 νῦν
876 945 983 1019 γὰρ
1014 946 1196 1013 οὐδείς
1224 969 1311 1004 πω
1340 951 1562 1019 γένεσιν
1588 947 1777 1004 αὐτῶν

86 1033 424 1103 μεμήνυκεν,
458 1029 582 1086 ἀλλ’
624 1028 695 1094 ὡς
719 1028 909 1099 εἰδόσι,
930 1035 1044 1097 πῦρ
1076 1027 1109 1084 ὅ
1138 1034 1194 1084 τί
1217 1050 1348 1084 ποτε
1375 1033 1487 1085 ἔστι
1519 1031 1610 1085 καὶ
1648 1031 1776 1086 ἕκα-

85 1133 219 1170 στον
238 1112 445 1182 αὐτῶν,
469 1115 701 1183 λέγομεν
724 1110 895 1182 ἀρχὰς
914 1109 1055 1167 αὐτὰ
1089 1118 1391 1181 τιθέμενοι,
1422 1123 1658 1183 στοιχεῖα
1675 1119 1777 1168 τοῦ

87 1195 310 1264 παντός,
330 1200 616 1264 προσῆκον
635 1191 823 1257 αὐτοῖς
841 1191 966 1247 οὐδ’
1003 1188 1074 1247 ἀν
1105 1191 1180 1257 ὡς
1211 1194 1273 1247 ἐν
1299 1199 1579 1264 συλλαβῆς
1609 1197 1777 1250 εἴδεσι

85 1276 264 1347 μόνον
280 1276 503 1340 εἰκότως
522 1274 632 1330 ὑπὸ
653 1281 756 1329 τοῦ
774 1276 866 1328 καὶ
877 1274 1058 1344 βραχύ
1073 1278 1424 1343 φρονοῦντος
1437 1273 1774 1343 ἀπεικασθῆ-
1805 1291 1837 1331 C

87 1379 194 1412 ναι·
233 1364 341 1413 νῦν
360 1356 420 1413 δὲ
440 1350 544 1412 οὖν
563 1355 627 1411 τό
648 1377 710 1426 γε
739 1352 872 1427 παρ’
893 1353 1052 1426 ἡμῶν
1072 1348 1180 1410 ὦδε
1199 1355 1362 1425 ἐχέτω
1378 1377 1388 1388 ·
1408 1356 1512 1426 τὴν
1531 1358 1632 1427 μὲν
1652 1359 1777 1425 περὶ

87 1438 355 1495 ἁπάντων
393 1447 501 1495 εἴτε
531 1437 705 1510 ἀρχὴν
743 1446 850 1494 εἴτε
887 1434 1057 1507 ἀρχὰς
1095 1444 1201 1492 εἴτε
1239 1435 1351 1510 ὅπῃ
1376 1441 1532 1494 δοκεῖ
1561 1438 1779 1494 τούτων

88 1524 213 1586 πέρι
254 1518 315 1576 τό
355 1526 462 1575 νῦν
494 1519 563 1575 οὐ
599 1521 812 1590 ῥητέον,
852 1516 924 1574 δι’
965 1517 1101 1574 ἄλλο
1141 1517 1243 1589 μὲν
1271 1517 1456 1587 οὐδέν,
1498 1519 1589 1575 διὰ
1626 1520 1685 1576 δὲ
1714 1519 1776 1576 τὸ

82 1602 326 1672 χαλεπὸν
367 1600 507 1658 εἶναι
538 1600 676 1657 κατὰ
716 1600 817 1657 τὸν
857 1600 1108 1671 παρόντα
1143 1600 1356 1670 τρόπον
1392 1607 1489 1672 τῆς
1523 1602 1778 1670 διεξόδου

92 1688 334 1754 δηλῶσαι
369 1682 436 1738 τὰ
473 1686 767 1753 δοκοῦντα,
809 1680 935 1752 μήτ’
975 1675 1082 1736 οὖν
1111 1677 1267 1751 ὑμεῖς
1306 1689 1496 1738 οἴεσθε
1532 1686 1650 1739 δεῖν
1684 1686 1779 1755 ἐμὲ

90 1768 287 1835 λέγειν,
312 1762 431 1819 οὔτ’
459 1763 625 1828 αὐτὸς
646 1757 719 1818 αὖ
748 1768 968 1818 πείθειν
997 1760 1238 1833 ἐμαυτὸν
1267 1770 1389 1833 εἴην
1417 1760 1488 1819 ὄὶν
1521 1766 1776 1837 δυνατός,

93 1844 166 1911 ὠς
185 1844 375 1916 ὀρθῶς
402 1843 696 1916 ἐγχειροῑμ’
732 1841 805 1900 ἀν
831 1851 1102 1901 τοσοῦτον
1129 1845 1558 1917 ἐπιβαλλόμενος
1586 1851 1775 1918 ἔργον·

92 1925 154 1983 τό
185 1928 244 1982 δὲ
276 1926 400 1982 κατ’
440 1925 609 1997 ἀρχὰς
634 1926 811 1998 ῥηθὲν
840 1926 1248 1998 διαφυλάττων,
1271 1925 1373 1997 τὴν
1402 1934 1515 1984 τῶν
1548 1929 1779 1987 εἰκότων
1812 1955 1845 1995 1)

92 2009 278 2078 λόγων
308 2007 566 2079 δύναμιν,
597 2007 923 2079 πειράσομαι
953 2006 1190 2079 μηδενὸς
1210 2001 1378 2080 ἦττον
1402 2010 1603 2083 εἰκότα,
1638 2017 1780 2083 μᾶλ-

93 2097 195 2146 λον
215 2090 382 2144 δὲκαὶ
413 2092 733 2159 ἔμπροσθεν
765 2087 863 2144 ἀπ’
894 2086 1065 2160 ἀρχῆς
1093 2092 1217 2159 περὶ
1246 2090 1492 2146 ἑκάστων
1522 2094 1612 2148 καὶ
1644 2098 1782 2164 ξυμ-

95 2171 324 2226 πάντων
341 2174 533 2240 λέγειν.
568 2168 712 2226 θεὸν
730 2169 797 2242 δὴ
820 2172 912 2226 καὶ
937 2177 1045 2225 νῦν
1065 2167 1153 2225 ἐπ’
1177 2169 1315 2243 ἀρχῇ
1336 2178 1450 2227 τῶν
1468 2176 1782 2245 λεγομένων

95 2258 316 2322 σωτῆρα
340 2252 395 2316 ἐξ
412 2250 626 2308 ἀτόπου
650 2253 739 2307 καὶ
758 2250 976 2323 ἀήθους
1008 2252 1310 2324 διηγήσεως
1328 2251 1466 2324 πρὸς
1486 2251 1546 2309 τὸ
1571 2262 1684 2310 τῶν
1705 2260 1782 2311 εἰ-

95 2332 277 2388 κότων
290 2332 468 2402 δόγμα
492 2332 776 2399 διασώζειν
792 2331 934 2405 ἡμᾶς
951 2334 1404 2405 ἐπικαλεσάμενοι
1424 2334 1592 2391 πάλιν
1610 2335 1781 2407 ἀρχαί·
1812 2353 1841 2392 Ε

97 2421 244 2484 μεθα
265 2417 457 2483 λέγειν.
743 2417 770 2438 ”

241 2498 413 2550 xvul.
444 2493 509 2550 'H
528 2492 582 2550 δ’
616 2488 721 2551 οὖν
754 2489 921 2560 αὖθις
951 2493 1087 2566 ἀρχὴ
1119 2499 1242 2566 περὶ
1275 2503 1378 2552 τοῦ
1410 2498 1614 2563 παντὸς
1645 2501 1782 2554 ἔστω

100 2578 363 2648 μειζόνως
380 2584 476 2648 τῆς
501 2577 754 2646 πρόσθεν
772 2580 1089 2650 διῃρημένη.
1127 2578 1251 2634 τότε
1273 2577 1375 2649 μὲν
1393 2576 1500 2648 γὰρ
1532 2578 1633 2634 δύο
1667 2583 1782 2651 εἰδη

99 2661 438 2755 διειλόμεθα,
462 2665 570 2715 νῦν
589 2662 647 2715 δὲ
665 2667 852 2728 τρίτον
872 2658 1008 2715 ἄλλο
1040 2662 1199 2731 γένος
1227 2658 1358 2732 ἡμῖν
1385 2662 1675 2731 δηλωτέον.
1715 2661 1783 2718 τὰ

100 2739 203 2812 μὲν
234 2739 341 2811 γὰρ
373 2741 475 2796 δύο
509 2736 729 2797 [κανᾶ
695 2764 766 2812 ην
794 2743 879 2797 ἐπὶ
906 2753 1016 2807 τοῖς
1046 2746 1365 2813 ἔμπροσθεν
1394 2749 1691 2815 λεχθεῖσιν,
1723 2746 1786 2800 ἓν

101 2820 209 2944 μὲν)
243 2819 315 2887 ὥς
350 2825 790 2947 '1¹xf‘⁰“⁰⁶l²‘“⁰“⁰⁹
828 2822 970 2888 εἶδος
1005 2820 1297 2894 ὑποτεθέν,
1335 2843 1541 2950 νοητιῖιέ
1576 2826 1667 2914 καὶ
1702 2821 1786 2881 ἀεὶ

213 2914 328 2946 LATO
