1962 3236
118 205 174 247 21
803 194 1182 243 ΤΙΜΛΙΟΣ.
1693 190 1798 242 339

18 347 34 366 ,-
120 327 258 399 πρὸς
283 331 456 399 μέσην
474 328 740 394 ἑκατέραν
767 325 1026 397 ἀλλήλαις
1054 321 1175 382 οἷον
1201 337 1258 397 χῖ
1281 324 1616 398 προσβαλῶν
1639 329 1798 382 κατέ-

122 420 358 479 καμψεν,
378 412 456 473 εἰς
474 410 536 463 ἓν
554 406 743 480 κύκλῳ
763 407 1011 472 ξυνάψας
1031 403 1221 472 αὐταῖς
1249 428 1307 463 τε
1336 409 1427 464 καὶ
1457 405 1717 479 ἀλλήλαις
1739 408 1800 462 ἐν
1826 415 1858 459 G

120 498 199 563 τῷ
233 487 571 560 καταντικρύ
605 494 703 559 τῆς
739 495 1072 559 προσβολῆς,
1105 491 1196 545 καὶ
1231 497 1298 562 τῇ
1334 488 1472 547 κατὰ
1501 488 1672 546 ταύτά
1707 492 1801 549 καὶ

119 573 180 626 έν
216 568 398 642 ταύτῶ
442 569 814 640 περιαγομένῃ
849 569 1061 639 κινήσει
1098 573 1251 638 πέριξ
1287 569 1458 636 αῦτάς
1492 576 1671 643 ἔλαβε,
1710 573 1802 627 καὶ

121 649 219 706 τὸν
239 650 341 721 μὲν
369 653 489 718 ἔξω,
507 646 608 703 τὸν
628 647 684 703 δ’
712 647 865 713 ε’ντός
889 651 1119 704 ε’ποιεΐτο
1149 657 1263 705 τῶν
1289 651 1529 707 κύκλων.
1566 651 1669 724 τὴν
1698 652 1801 723 μὲν

120 725 226 786 οὖν
246 735 346 796 ἔξω
370 727 555 798 φοράν
572 729 909 800 ε’πεφήμισεν
929 729 1068 785 εἶναι
1089 738 1183 801 τῆς
1203 730 1410 788 ταύτοῦ
1439 734 1677 804 φύσεως,
1697 731 1800 805 τὴν

124 812 180 866 δ’
219 811 374 874 ἐντὸς
397 816 492 880 τῆς
526 813 784 879 θατέρου.
839 809 942 882 τὴν
978 814 1080 882 μὲν
1116 811 1182 882 δὴ
1209 811 1418 868 ταύτοῦ
1453 816 1590 871 κατὰ
1629 821 1802 871 πλευ-

121 891 228 960 ράν
246 894 330 947 ε’πι
351 889 499 956 δεξιὰ
519 890 831 962 περιήγαγε,
854 891 957 964 τὴν
975 891 1035 948 δὲ
1063 896 1310 993 θατέρου
1338 894 1475 950 κατὰ
1507 897 1802 967 διάμετρον

121 971 208 1029 ἐπ’
228 970 506 1043 ἀριστερά,
527 971 727 1059 κράτος
749 972 801 1027 δ’
825 977 996 1029 ἔδωκε
1026 980 1093 1046 τῇ
1125 973 1335 1031 ταύτοῦ
1363 973 1504 1032 καὶ“
1478 982 1674 1047 ομοίου
1702 999 1803 1033 πε-

123 1060 353 1126 ριφορᾷ·
393 1059 524 1124 μίαν
559 1052 666 1123 γαρ
706 1050 882 1124 αὐτὴν
918 1054 1180 1125 ἄσχιστον
1217 1063 1383 1128 εἴασε,
1419 1057 1526 1128 τὴν
1563 1055 1617 1113 δ’
1650 1056 1805 1123 ἐντὸς
1834 1071 1868 1112 D

122 1139 308 1204 σχίσας
325 1136 485 1205 εξαχῇ
503 1133 635 1190 επτά
654 1135 896 1200 κύκλους
922 1134 1149 1201 ἀνίσους
1179 1136 1315 1193 κατὰ
1345 1136 1447 1210 τὴν
1475 1144 1577 1195 τοῦ
1607 1142 1804 1194 διπλα-

122 1220 247 1269 σίου
264 1215 355 1270 καὶ
374 1219 699 1280 τριπλασίου
720 1216 1007 1270 διάστασιν
1029 1217 1281 1287 ἑκάστην,
1309 1214 1498 1274 ουσῶν
1529 1220 1804 1288 ἑκατέρων

122 1301 319 1366 τριῶν,
366 1293 505 1350 κατὰ
547 1294 809 1351 τάναντία
853 1296 954 1366 μὲν
1001 1295 1258 1367 ἀλλήλοις
1295 1301 1628 1367 προσέταξεν
1664 1301 1805 1355 ἰέναι

121 1376 252 1441 τοὺς
275 1377 536 1446 κύκλους,
555 1377 705 1447 τάχει
725 1378 784 1433 δὲ
810 1389 954 1447 τρεῖς
982 1378 1084 1448 μὲν
1114 1376 1331 1449 ὁμοίως,
1365 1377 1496 1444 τούς
1528 1381 1588 1436 δὲ
1618 1383 1804 1435 τέττα-

122 1478 221 1527 ρας
238 1456 491 1527 ἀλλήλοις
510 1460 601 1513 καὶ
620 1469 731 1522 τοῖς
749 1461 926 1530 τρισὶν
956 1457 1246 1530 ἀνομοίως,
1279 1462 1340 1515 έν
1370 1461 1518 1534 λόγῳ
1552 1462 1612 1517 δὲ
1633 1482 1806 1532 φερο-

122 1541 336 1608 μένους.

261 1623 342 1673 lx.
379 1619 519 1675 Ἐπεὶ
557 1622 615 1675 δὲ
653 1618 788 1675 κατὰ
830 1626 971 1675 νοῦν
1008 1628 1086 1693 τῷ
1123 1621 1437 1687 ξυνιστάντι
1466 1627 1615 1677 πᾶσα
1644 1621 1677 1693 ἡ
1710 1629 1806 1694 τῆς

120 1706 295 1771 ψυχῆς
309 1701 563 1766 ξύστασις
581 1702 885 1772 ἐγεγένητο,
906 1701 1038 1771 μετὰ
1055 1707 1218 1757 τοῦτο
1238 1708 1350 1757 πᾶν
1367 1702 1427 1758 τὸ
1442 1704 1806 1774 σωματοειδὲς

121 1783 275 1847 ἐντὸς
295 1780 464 1852 αὐτῆς
480 1784 815 1837 ἐτεκταίνετο
835 1784 924 1837 καὶ
943 1786 1115 1852 μέσον
1134 1785 1272 1854 μέσῃ
1292 1781 1620 1853 ξυναγαγών
1631 1804 1801 1855 προς-
1831 1801 1863 1841 Ε
1894 1851 1898 1855 ,

119 1862 414 1934 η’ρμοττεν·
471 1861 503 1933 ἡ
553 1862 605 1918 δ’
657 1866 716 1918 ἐκ
762 1865 935 1934 μέσου
982 1863 1119 1930 πρὸς
1153 1862 1254 1919 τὸν
1288 1867 1517 1934 ἔσχατον
1557 1862 1807 1935 οὐρανὸν

121 1944 297 2015 πάντη
333 1947 689 1999 διαπλακεϊσα
724 1944 909 2017 κύκλῳ
945 1965 1001 1999 τε
1040 1943 1216 1999 αὐτὸν
1253 1948 1463 2010 ἔξωθεν
1499 1945 1805 2015 περικαλύ-

122 2036 287 2094 ψασα,
325 2022 462 2095 αὐτὴ
503 2027 564 2080 ἐν
601 2023 743 2096 αὐτῇ
779 2028 1140 2096 στρεφομένη,
1180 2031 1345 2080 θείαν
1382 2024 1557 2097 ἀρχὴν
1602 2025 1804 2097 ἤρξατο

119 2104 408 2162 ἀπαύστου
427 2108 516 2161 καὶ
541 2110 818 2177 ἔμφρονος
836 2112 963 2178 βίου
981 2107 1118 2175 πρὸς
1138 2105 1237 2163 τὸν
1256 2108 1545 2178 ξύμπαντα
1565 2107 1775 2179 χρόνον
1791 2127 1802 2139 ·

119 2189 211 2243 καὶ
245 2186 307 2242 τό
345 2189 446 2256 μὲν
475 2185 542 2257 δὴ
582 2194 739 2258 σῶμα
768 2186 973 2257 ὁρατὸν
1003 2185 1254 2258 ούρανοῦ
1284 2191 1528 2259 γέγονεν,
1573 2186 1711 2260 αὐτὴ
1747 2189 1806 2244 δὲ

122 2266 355 2336 ἀόρατος
380 2271 499 2337 μέν,
537 2275 804 2338 λογισμοῦ
834 2268 893 2325 δὲ
920 2273 1220 2340 μετέχουσα
1249 2271 1341 2325 καὶ
1369 2267 1637 2340 ἁρμονίας
1657 2269 1802 2341 ψυχὴ
1828 2295 1882 2340 37

123 2355 235 2403 τῶν
264 2354 475 2418 νοητῶν
495 2346 584 2404 ἀεί
597 2371 653 2404 τε
676 2349 874 2419 ὅντων,
902 2348 1011 2406 ὑπὸ
1033 2358 1136 2406 τοῦ
1155 2349 1387 2421 ἀρίστου
1417 2350 1611 2423 ἀρίστη
1641 2372 1805 2422 γενο-

122 2434 257 2499 μένη
287 2434 401 2483 τῶν
439 2434 842 2500 γεννηθέντων.
881 2431 975 2487 ἅτε
1008 2426 1114 2487 οῦν
1142 2435 1200 2487 ἐκ
1231 2439 1326 2503 τῆς
1354 2430 1564 2487 ταύτοῦ
1591 2432 1684 2488 καὶ
1712 2439 1807 2504 τῆς

123 2512 366 2579 θατέρου
387 2511 607 2579 φύσεως
626 2516 685 2567 ἔκ
705 2532 760 2565 τε
785 2511 974 2577 οὐσίας
996 2519 1164 2580 τριῶν
1182 2512 1396 2568 τούτων
1424 2518 1806 2583 συγκραθεῖσα

122 2597 351 2662 μοιρῶν,
374 2593 462 2646 καὶ
492 2589 599 2645 ἀνὰ
622 2592 790 2661 λόγον
819 2601 1141 2662 μερισθεῖσα
1173 2594 1262 2648 καὶ
1286 2598 1635 2663 ξυνδεθεῖσα,
1664 2590 1807 2664 αύτή

123 2694 176 2727 τε
219 2670 676 2743 ἀνακυκλουμένη
709 2674 846 2743 πρὸς
876 2671 1066 2745 αὑτήν,
1098 2671 1231 2729 ὅταν
1264 2672 1465 2730 οὐσίαν
1494 2673 1805 2745 σκεδαστὴν

123 2755 340 2824 ἔχοντός
358 2776 507 2818 τινος
527 2754 832 2826 ἐφάπτηται
852 2759 939 2811 καὶ
962 2755 1096 2812 ὅταν
1115 2754 1426 2827 ἀμέριστον,
1448 2760 1591 2827 λέγει
1609 2776 1806 2814 κινου-

121 2836 258 2906 μένη
281 2834 368 2891 διὰ
388 2835 567 2906 πάσης
588 2838 798 2907 ἑαυτῆς,
821 2836 929 2910 ὅτῳ
954 2837 1005 2892 τ’
1026 2837 1096 2892 ι’ἰν
1121 2861 1168 2893 τι
1188 2836 1393 2894 ταύτόν
1411 2831 1446 2907 ἦ
1467 2839 1554 2894 καὶ
1577 2836 1711 2894 ὅτου
1733 2836 1805 2893 ἄν

1431 2922 1487 2964 22
1501 2913 1524 2946 ⁴¹
