1962 3236
0 0 45 25 [3.
53 0 126 25 ¹327

10 135 15 141 ’
64 149 123 194 85
724 137 1105 186 ΤΙΜΑΙΟΣ.
1639 135 1744 188 403

65 273 245 329 πάντα
268 269 334 327 τὰ
354 277 595 339 τοιαῦτα,
615 266 750 325 καθ’
771 267 909 325 ὅσον
927 264 1000 322 ἄν
1022 262 1060 339 ᾖ
1076 289 1152 341 τω
1173 266 1358 339 σχολή,
1372 265 1494 324 ἀλλ’
1517 267 1585 324 οὐ
1607 291 1745 339 φαρ·
1774 286 1808 326 D

65 354 379 426 μακεύοντα
406 350 581 408 κακὸν
601 351 878 407 δύσκολον
898 352 1228 421 ἐρεθιστέον.

204 437 372 489 XLIII.
409 435 519 489 Καὶ
539 434 662 502 περὶ
679 432 783 502 μὲν
801 435 903 485 τοῦ
922 437 1119 485 κοινοῦ
1140 430 1284 495 ζώου
1301 430 1391 485 καὶ
1410 436 1512 484 τοῦ
1527 427 1664 485 κατὰ
1683 426 1744 484 τό

66 521 222 586 σῶμα
241 512 419 568 αὐτοῦ
437 517 655 584 μέρους,
675 504 712 583 ᾖ
732 533 811 574 τις
830 510 902 564 ἂν
923 513 1013 566 καὶ
1033 514 1494 581 διαπαιδαγωγῶν
1512 511 1603 567 καὶ
1623 514 1744 565 δια-

66 594 591 664 παιδαγωγούμενος
611 590 714 662 ὑφ’
736 589 913 645 αὑτοῦ
931 588 1151 661 μάλιστ’
1171 590 1243 645 ἄν
1261 589 1399 647 κατὰ
1427 592 1598 663 λόγον
1617 591 1742 664 ζῴη,

64 677 239 747 ταύτῃ
258 677 500 744 λελέχθω
516 696 526 705 ·
546 671 607 729 τὸ
629 674 690 729 δὲ
709 671 775 744 δὴ
797 676 1225 743 παιδαγωγῆσον
1244 673 1379 730 αὐτὸ
1399 668 1616 746 μᾶλλόν
1634 694 1746 730 που

66 761 155 815 καὶ
174 757 446 826 πρότερον
464 757 951 826 παρασκευαστέον
969 759 1043 818 εἰς
1065 755 1306 825 δύναμιν
1326 754 1359 810 ὅ
1375 777 1427 811 τι
1451 756 1747 812 κάλλιστον

63 841 156 896 καὶ
178 837 407 909 ἄριστον
425 840 501 900 εἰς
518 833 620 906 τὴν
638 838 1019 905 παιδαγωγίαν
1038 833 1192 890 εἶναι.
1251 833 1323 890 δι’
1344 834 1626 908 ἀκριβείας
1646 836 1746 907 μὲν

65 914 175 976 οὖν
205 919 329 986 περὶ
357 917 571 972 τούτων
602 920 847 972 διελθεῖν
877 913 1075 971 ἰκανὸν
1106 912 1180 971 ἂν
1202 918 1417 987 γένοιτο
1444 916 1579 973 αὐτὸ
1610 917 1743 973 καθ’

67 997 201 1055 αὐτὸ
240 998 418 1070 μόνον
446 1002 637 1068 ἔργον·
675 995 737 1053 τό
769 996 820 1052 δ’
853 999 914 1052 ἐν
941 998 1198 1071 παρέργῳ
1231 995 1368 1054 κατὰ
1396 995 1461 1054 τά
1493 998 1748 1066 πρόσθεν
1781 1011 1815 1052 Ε

67 1080 331 1151 ἑπόμενος
359 1080 431 1134 ἄν
459 1101 539 1144 τις
566 1077 670 1134 οὐκ
707 1078 816 1133 ἄπο
851 1079 1063 1149 τρόπου
1100 1083 1229 1151 τῇδε
1266 1085 1491 1135 σκοπῶν
1524 1073 1632 1136 ὦδε
1669 1086 1748 1153 τῷ

67 1162 214 1234 λόγῳ
244 1159 620 1230 διαπεράναιτ’
660 1159 748 1215 ἄν.
786 1158 1042 1229 καθάπερ
1081 1167 1306 1231 εἴπομεν
1341 1161 1621 1232 πολλάκις,
1661 1160 1748 1217 ὅτι

65 1249 188 1313 τρία
218 1248 373 1313 τριχῇ
400 1247 576 1313 ψυχῆς
603 1246 664 1297 έν
690 1240 821 1313 ἡμῖν
858 1246 978 1311 εἴδη
1008 1240 1355 1314 κατῴκισται,
1391 1244 1652 1314 τυγχάνει
1687 1243 1746 1298 δὲ

65 1328 297 1380 ἕκαστον
326 1324 567 1394 κινήσεις
588 1327 732 1393 ἔχον,
754 1322 902 1379 οὕτω
921 1321 1059 1378 κατὰ
1089 1321 1261 1379 ταύτὰ
1291 1326 1383 1379 καὶ
1412 1331 1520 1379 νῦν
1551 1325 1623 1389 ὥς
1654 1323 1744 1380 διὰ

64 1404 424 1477 βραχυτάτων
455 1406 668 1476 ῥητέον,
701 1403 785 1460 ὅτι
818 1403 879 1459 τό
909 1403 1011 1474 μὲν
1043 1403 1228 1459 αὐτῶν
1266 1404 1326 1459 ἐν
1357 1401 1522 1477 ἀργίᾳ
1552 1405 1747 1474 διάγον

63 1490 156 1541 καὶ
194 1493 307 1540 ταῖν
345 1486 546 1541 ἑαυτοῦ
583 1486 854 1555 κινήσεων
887 1482 1122 1554 ἡσυχίαν
1158 1485 1299 1554 ἄγον
1335 1482 1746 1541 ἆσθενεστατον

64 1566 276 1637 ἀνάγκη
298 1573 607 1637 γίγνεσθαι,
629 1563 689 1622 τὸ
713 1563 772 1620 δ’
801 1567 862 1620 ἐν
889 1570 1212 1636 γυμνασίοις
1240 1566 1743 1636 ἐρρωμενέστατον·

66 1652 150 1705 διὸ
178 1651 510 1719 φυλακτέον,
539 1647 688 1712 ὅπως
706 1645 780 1703 ἄν
804 1650 962 1717 ἔχωσι
977 1644 1073 1710 τὰς
1101 1645 1340 1717 κινήσεις
1367 1644 1503 1718 πρὸς
1531 1646 1740 1718 ἄλληλα
1768 1672 1828 1722 90

67 1731 427 1799 συμμέτρους.
464 1725 527 1784 τό
549 1727 609 1783 δὲ
637 1730 761 1797 περὶ
779 1733 881 1782 τοῦ
901 1726 1245 1795 κυριωτάτου
1263 1725 1398 1797 παρ’
1418 1725 1551 1799 ἡμῖν
1569 1735 1745 1799 ψυχῆς

65 1814 247 1875 εἴδους
279 1814 622 1866 διανοεῖσθαι
651 1814 739 1865 δεῖ
760 1812 907 1881 τῇδε,
947 1805 1020 1872 ὡς
1046 1806 1156 1877 ἄρα
1185 1806 1319 1864 αὐτὸ
1350 1811 1584 1879 δαίμονα
1610 1809 1745 1876 θεὸς

64 1891 273 1965 ἑκάστῳ
302 1893 523 1959 δέδωκε,
560 1892 722 1946 τοῦτο
751 1888 783 1944 ὂ
819 1887 887 1960 δή
915 1909 1096 1959 φαμεν
1133 1893 1305 1944 οἰκεῖν
1336 1887 1438 1960 μὲν
1466 1888 1625 1961 ἡμῶν
1653 1888 1741 1946 ἐπ’

64 1973 218 2046 ἄκρῳ
237 1978 316 2041 τῷ
334 1972 560 2042 σώματι,
583 1968 720 2041 πρὸς
740 1971 799 2026 δὲ
825 1969 927 2041 τὴν
956 1973 1018 2026 ἐν
1048 1967 1274 2044 οὐρανῷ
1293 1973 1612 2041 ξυγγένειαν
1631 1968 1740 2027 ἀπὸ

64 2061 165 2126 γῆς
181 2052 323 2124 ἡμᾶς
342 2059 519 2120 αἴρειν
539 2050 611 2116 (ὃς
630 2050 793 2116 ὄντας
822 2049 1001 2122 φυτὸν
1032 2050 1134 2106 οὐκ
1161 2055 1374 2122 ἔγγειον
1403 2049 1543 2108 α’λλοὶ
1573 2052 1745 2122 οὖρά-

66 2156 205 2202 νιον,
227 2131 508 2204 ὀρθότατα
527 2136 778 2203 λέγοντες
793 2154 805 2167 ·
843 2135 1059 2188 ἐκεῖθεν
1078 2133 1202 2203 γάρ,
1224 2130 1415 2204 ὄθενὴ
1438 2132 1628 2204 πρώτη
1650 2140 1745 2204 τῆς

66 2223 241 2285 ψυχῆς
258 2219 467 2284 γένεσις
485 2218 611 2284 ἔφυ,
629 2215 691 2269 τὸ
711 2221 872 2269 θεῖον
890 2214 992 2284 τήν
1011 2212 1262 2285 κεφαλὴν
1291 2216 1381 2269 καὶ
1402 2216 1557 2284 ῥίζαν
1584 2212 1744 2285 ἡμῶν
1776 2241 1810 2283 Β

64 2293 495 2365 ἀνακρεμαννύν
513 2293 685 2364 ὀρθοῖ
706 2301 820 2350 πᾶν
838 2293 900 2350 τὸ
925 2302 1096 2366 σῶμα.
1134 2302 1213 2369 τῷ
1231 2294 1332 2366 μὲν
1362 2288 1467 2351 οὖν
1495 2297 1620 2365 περὶ
1648 2293 1744 2360 τὰς

66 2378 364 2445 ἐπιθυμίας
380 2370 418 2444 ἦ
438 2375 562 2444 περὶ
581 2380 918 2443 φιλονεικίας
936 2375 1280 2431 τετευτακότι
1308 2379 1400 2431 καὶ
1427 2381 1600 2432 ταῦτα
1621 2380 1745 2431 δια-

65 2460 331 2511 πονοῦντι
352 2453 570 2524 σφόδρα
589 2455 768 2508 πάντα
787 2452 852 2508 τὰ
873 2453 1117 2525 δόγματα
1137 2454 1351 2527 ἀνάγκη
1378 2455 1559 2526 θνητὰ
1590 2459 1744 2526 ἐγγε-

68 2540 309 2606 γονέναι,
330 2537 419 2590 καὶ
439 2534 752 2590 παντάπασι
771 2532 895 2589 καθ’
920 2534 1058 2590 ὅσον
1077 2535 1310 2607 μάλιστα
1337 2536 1580 2592 δυνατὸν
1597 2545 1743 2607 θνη-

65 2624 139 2690 τῷ
159 2623 466 2686 γίγνεσθαι,
487 2616 691 2671 τούτου
713 2616 849 2686 μηδὲ
870 2616 1106 2686 σμικρὸν
1119 2621 1402 2686 ἐλλείπειν,
1425 2615 1519 2678 ἅτε
1546 2614 1606 2671 τὸ
1630 2638 1744 2672 τοι-

64 2704 232 2754 οῦτον
252 2695 533 2768 ηὖξηκότι·
571 2703 645 2771 τῷ
666 2698 724 2754 δὲ
746 2699 868 2765 περὶ
881 2704 1224 2768 φιλομαθίαν
1244 2699 1335 2753 καὶ
1354 2700 1476 2765 περὶ
1494 2694 1590 2761 τὰς
1608 2694 1744 2767 α’λη-

65 2785 183 2844 θεῖς
201 2778 499 2849 φρονήσεις
529 2777 891 2834 ἐσπουδακότι
917 2780 1009 2834 καὶ
1034 2785 1205 2834 ταῦτα
1234 2779 1469 2880 μάλιστα
1495 2784 1609 2834 ταῖν
1639 2775 1744 2832 αὖ·

1313 2861 1370 2905 26
1532 2865 1537 2870 '
