1962 3236
230 183 333 236 378
826 185 1304 232 ΠΛΑΤΩΝΟΣ
1846 194 1904 238 60

144 333 204 378 69
234 339 328 382 νος
349 324 495 390 βίου,
517 315 650 373 καθ’
674 315 812 371 ὅσον
828 314 987 386 ἡμῶν
1003 314 1038 387 ἡ
1057 316 1223 387 φύσις
1243 320 1540 387 ἐνδέχεται,
1570 315 1631 372 τὸ
1655 317 1713 373 δὲ
1732 317 1904 389 ἀναγ-

233 411 393 455 καῖον
422 401 650 453 ἐκείνων
681 397 859 468 χάριν,
896 399 1275 468 λογιζόμενον,
1314 396 1386 462 ὦς
1425 398 1563 454 ἄνευ
1590 400 1807 455 τούτων
1837 399 1906 454 ού

233 479 442 537 δυνατοὶ
458 477 597 533 αὐτὰ
617 482 816 543 ἐκεῖνα,
837 478 926 549 ἐφ’
944 476 1025 543 οἷς
1044 480 1438 550 σπουδάζομεν,
1451 481 1594 551 μόνα
1613 492 1905 537 κατανοεῖν

231 560 354 617 οὐδ’
376 554 451 615 αὖ
470 566 661 630 λαβεῖν
677 558 803 615 οὐδ’
831 561 1008 625 ἄλλως
1027 582 1141 626 πως
1161 573 1461 632 μετασχεῖν.

333 638 636 697 ΧΧΧῙ.Ὅτ’
659 636 764 696 οὖν
785 640 851 713 δὴ
866 640 932 697 τὰ
951 645 1060 696 νῦν
1081 638 1168 698 οἷα
1185 644 1434 698 τέκτοσιν
1451 639 1582 713 ἡμῖν
1600 642 1705 714 ὕλη
1726 637 1907 712 παρά-

229 745 400 778 κειται
420 721 486 778 τὰ
505 729 619 778 τῶν
639 728 830 779 αἰτίων
847 725 978 793 γένη
1000 725 1335 794 διυλισμένα,
1351 727 1402 789 ἐξ
1417 717 1494 778 ὧν
1512 722 1612 779 τὸν
1624 727 1908 781 ἐπίλοιπον

230 805 400 876 λόγον
420 810 507 861 δεῖ
529 808 975 877 ξυνυφανθῆναι,
1007 807 1173 862 πάλιν
1196 805 1281 861 ἐπ’
1312 804 1487 877 ἀρχὴν
1515 810 1907 878 ἐπανέλθωμεν

230 886 319 942 διὰ
342 890 607 958 βραχέων,
628 888 764 958 ταχύ
782 909 840 942 τε
861 892 936 952 εἰς
954 885 1159 942 ταύτὸν
1174 893 1559 956 πορευθῶμεν,
1581 885 1721 942 ὅθεν
1740 891 1906 957 δεῦρο

172 982 204 1022 Β
234 969 572 1039 ἀφικόμεθα,
592 971 684 1025 καὶ
703 968 964 1038 τελευτὴν
985 967 1089 1039 ἤδη
1121 969 1371 1040 κεφαλήν
1399 989 1458 1022 τε
1484 972 1564 1041 τῷ
1591 969 1757 1041 μύθςο
1788 989 1908 1025 πει-

230 1051 460 1122 ρώμεθα
479 1048 866 1120 ἁρμόττουσαν
881 1051 1152 1104 ἐπιθεῖναι
1171 1062 1283 1115 τοῖς
1303 1049 1569 1121 πρόσθεν.
1598 1048 1782 1120 ὥσπερ
1803 1045 1908 1106 οὖν

228 1132 318 1186 καὶ
347 1129 471 1186 κατ’
494 1129 662 1202 άρχάς
690 1133 906 1202 ἐλέχθη,
933 1138 1105 1187 ταῦτα
1135 1130 1377 1195 άτάκτως
1405 1135 1598 1201 ἔχοντα
1627 1129 1656 1187 ὁ
1684 1129 1818 1196 θεὸς
1845 1135 1907 1187 ἐν

229 1213 440 1286 ἑκάστῳ
459 1234 517 1268 τε
536 1211 689 1286 αὐτῷ
718 1212 855 1282 πρὸς
886 1211 1019 1268 αὑτὸ
1050 1214 1140 1268 καὶ
1170 1212 1307 1280 πρὸς
1336 1211 1546 1283 ἄλληλα
1573 1217 1906 1282 συμμετρίας

227 1297 564 1364 ἐνεποίησεν,
611 1294 744 1358 ὅσας
777 1316 836 1349 τε
874 1296 964 1350 καὶ
1002 1291 1110 1365 ὅπῃ
1149 1291 1392 1349 δυνατὸν
1424 1286 1496 1363 ἦν
1531 1290 1777 1363 άνάλογα
1813 1295 1904 1348 καὶ

229 1377 515 1446 σύμμετρα
543 1374 696 1431 εἶναι.
737 1375 859 1431 τότε
893 1375 1000 1445 γὰρ
1031 1375 1158 1430 οὔτε
1185 1375 1399 1429 τούτων
1430 1372 1564 1429 ὅσον
1584 1372 1657 1445 μὴ
1686 1374 1823 1446 τύχη
1853 1397 1905 1430 τι

227 1468 492 1528 μετεῖχεν,
515 1455 643 1512 οὔτε
663 1456 723 1512 τὸ
746 1458 1011 1525 παράπαν
1030 1454 1301 1526 ὀνομάσαι
1318 1462 1430 1510 τῶν
1448 1462 1556 1511 νῦν
1574 1454 1909 1526 ὀνομαζομέ-

234 1560 351 1593 νων
370 1536 662 1607 ἀξιόλογον
683 1531 755 1609 ἦν
778 1537 963 1607 οὐδέν,
986 1534 1106 1593 οἶον
1126 1545 1236 1608 πῦρ
1256 1539 1347 1592 καὶ
1365 1536 1518 1608 ὕδωρ
1544 1540 1633 1592 καὶ
1660 1546 1712 1594 εἴ
1725 1559 1777 1593 τι
1794 1544 1906 1593 τῶν

174 1635 210 1677 c
238 1619 448 1675 ἄλλων·
487 1617 626 1674 ἀλλὰ
655 1617 836 1674 πάντα
875 1624 1046 1674 ταῦτα
1079 1626 1299 1688 πρῶτον
1325 1619 1705 1690 διεκόσμησεν,
1739 1617 1905 1674 ἔπειτ’

231 1704 291 1755 ἐκ
310 1700 526 1756 τούτων
553 1707 667 1756 πᾶν
692 1701 822 1756 τόδε
849 1701 1234 1772 ξυνεστήσατο,
1274 1705 1414 1766 ζῶον
1444 1704 1505 1756 ἓν
1534 1705 1640 1767 ζῶα
1678 1705 1803 1771 ἔχον
1839 1702 1905 1756 τὰ

230 1782 412 1837 πάντα
445 1782 505 1836 ἐν
531 1778 680 1854 αὐτῷ
717 1782 900 1852 θνητὰ
930 1781 1187 1838 ἀθάνατοί
1216 1804 1287 1838 τε.
1336 1784 1427 1839 καὶ
1442 1790 1566 1839 ’τεᾶν
1603 1781 1703 1853 μὲν
1731 1786 1904 1837 θείων

229 1859 396 1927 αὐτὸς
414 1868 658 1932 γίγνεται
679 1865 1040 1934 δημιουργός,
1069 1871 1183 1920 τῶν
1215 1865 1273 1920 δὲ
1300 1871 1529 1935 θνητῶν
1559 1863 1662 1935 τὴν
1688 1865 1906 1934 γένεσιν

228 1955 340 2008 τοῖς
377 1945 581 1999 ἑαυτοῦ
615 1945 921 2015 γεννήμασι
955 1950 1309 2017 δημιουργεῖν
1350 1949 1707 2014 προσέταξεν·
1757 1948 1815 2000 οἰ
1844 1942 1904 1998 δὲ

228 2024 583 2095 μιμούμενοι,
629 2027 1043 2097 παραλαβόντες
1083 2026 1259 2098 ἀρχὴν
1287 2034 1462 2097 ψυχῆς
1495 2025 1799 2092 ἀθάνατον,
1837 2023 1897 2080 τὸ

230 2105 365 2175 μετὰ
385 2113 548 2162 τοῦτο
566 2106 782 2178 θνητὸν
801 2114 959 2179 σῶμα
988 2108 1130 2180 αὐτῇ
1157 2111 1617 2176 περιετόρνευσαν
1641 2105 1816 2177 ὅχημά
1844 2128 1902 2162 τε

228 2192 341 2240 πᾶν
357 2184 421 2242 τό
445 2194 604 2255 σῶμα
628 2191 827 2243 ἔδοσαν
846 2188 981 2244 ἄλλο
1013 2211 1070 2243 τε
1100 2188 1239 2253 εἶδος
1258 2191 1319 2245 ἐν
1347 2187 1498 2260 αὐτῷ
1531 2194 1707 2258 ψυχῆς
1735 2208 1903 2257 προς-

232 2267 562 2336 ῳκοδόμουν
611 2266 672 2322 τὸ
711 2270 944 2339 θνητόν,
1000 2268 1152 2324 δεινὰ
1194 2271 1283 2325 καὶ
1322 2269 1593 2339 ἀναγκαῖα
1630 2271 1690 2324 ἐν
1726 2269 1901 2340 ἑαυτῷ

166 2364 201 2404 D
231 2347 531 2418 παθήματα
550 2353 694 2418 ἔχον,
715 2358 935 2418 πρῶτον
954 2352 1056 2421 μὲν
1074 2349 1300 2421 ἡδονήν,
1334 2353 1592 2422 μέγιστον
1619 2357 1795 2406 κακοῦ
1814 2353 1903 2405 δέ-

231 2437 381 2499 λεαρ,
401 2434 585 2485 ἔπειτα
605 2431 800 2500 λύπας,
821 2430 1055 2502 άγαθοὸν
1074 2433 1272 2503 φυγάς,
1304 2438 1382 2488 ἔτι
1401 2431 1450 2488 δ’
1475 2426 1547 2487 αὖ
1570 2432 1782 2501 θάρρος
1811 2431 1902 2486 καὶ

228 2511 429 2583 φόβον,
468 2511 681 2581 ἄφρονε
714 2514 1025 2584 ξυμβούλω,
1062 2513 1251 2585 θυμὸν
1281 2515 1340 2571 δὲ·
1369 2513 1897 2583 δυσπαραμύθητον,

229 2595 420 2648 ἐλπίδα
459 2591 509 2648 δ’
556 2591 980 2665 εὐπαράγωγον·
1037 2595 1291 2665 αἰσθήσει
1339 2596 1398 2650 δὲ
1438 2593 1623 2667 ἀλόγῳ
1661 2594 1750 2648 καὶ
1783 2595 1900 2647 ε’πι-

227 2679 447 2746 χειρητῇ
483 2674 686 2739 παντὸς
705 2679 864 2744 ἔρωτι
901 2676 1366 2746 ξυγκερασάμενοι
1391 2682 1562 2730 ταῦτα
1592 2672 1900 2742 ἀναγκαίως
1960 2739 1962 2750 ¹

228 2753 288 2809 τὸ
309 2754 524 2825 θνητὸν
544 2758 704 2825 γένος
723 2758 1047 2822 ξυνέθεσαν.
1087 2758 1178 2812 καὶ
1207 2755 1297 2811 δια
1316 2761 1487 2811 ταῦτα
1516 2755 1582 2824 δὴ
1611 2753 1900 2823 σεβόμενοι

227 2841 467 2902 μιαίνειν
485 2834 546 2891 τὸ
564 2834 797 2906 θεῖον,“
761 2859 790 2891 ο
813 2859 864 2892 τι
883 2859 955 2907 μη
976 2844 1122 2892 πασα
1142 2859 1215 2907 ην
1233 2835 1463 2905 ἀνάγκη,
1502 2835 1665 2905 χωρὶς
1683 2835 1900 2888 ἐκείνου
