1962 3236
0 96 116 192 '²⁰13
728 137 1112 188 ΤΙΜΑιοΣ.
1626 131 1731 186 391

50 274 248 343 γητέον
282 275 446 331 ἰέναι·
486 275 647 328 δυοῖν
682 270 743 328 δὲ
780 280 904 327 ταῖν
939 267 1209 336 διεξόδοιν
1243 265 1462 338 οὔσαιν,
1497 271 1596 339 τῆς
1631 288 1734 338 μεν

50 354 190 410 κατά
210 352 271 411 τὸ
292 359 452 426 σῶμα
469 357 589 424 ἔξω,
610 359 706 423 τῆς
724 353 784 409 δὲ
801 345 877 407 αὖ
894 350 1033 407 κατὰ
1050 349 1113 407 τὰ
1136 350 1310 422 στόμα
1328 349 1420 406 καὶ
1437 347 1535 415 τὰς
1554 350 1726 421 ῥῖνας,
1755 355 1791 397 Ε

49 436 186 491 ὅταν
200 439 303 507 μὲν
321 438 408 492 ἐπὶ
426 435 640 504 θάτερα
658 431 896 505 ὁρμήσῃ,
916 432 1131 503 θάτερα
1150 436 1438 503 περιωθετ·
1467 427 1529 487 τὸ
1551 429 1613 487 δὲ
1632 447 1732 485 πε-

51 515 294 585 ριωσθὲν
323 520 400 581 εἰς
433 514 493 571 τό
534 521 648 585 πῦρ
683 517 953 584 ἐμπῖπτον
982 517 1359 585 θερμαίνεται,
1396 510 1459 567 τὸ
1493 508 1545 567 δ’
1586 513 1732 577 έξιον

50 596 294 667 ψύχεται.
326 595 775 668 μεταβαλλούσης
795 595 853 650 δὲ
872 598 970 665 τῆς
987 595 1332 666 θερμότητος
1351 595 1444 650 καὶ
1461 597 1576 650 ταῖν
1592 613 1732 649 κατα

46 675 150 747 τὴν
173 678 364 748 ἑτέραν
385 680 578 744 ἔξοδον
597 678 958 746 θερμοτέρων
980 677 1328 746 γιγνομένων
1355 677 1525 732 πάλιν
1553 677 1733 747 ἐκείνῃ

48 760 220 829 ῥέπον
238 753 313 813 αὖ
328 757 390 814 τὸ
419 757 765 830 θερμότερον
795 762 1024 827 μᾶλλον,
1057 756 1195 826 πρὸς
1222 756 1325 828 τὴν
1356 755 1533 814 αὑτοῦ
1559 756 1736 828 φύσιν

48 838 382 910 φερόμενον,
419 845 690 910 περιωθεῑ
719 836 778 893 τό
820 837 958 893 κατὰ
994 838 1208 908 θάτερα
1223 859 1234 870 ·
1286 838 1347 893 τὸ
1388 839 1448 895 δὲ
1486 838 1553 894 τὰ
1594 835 1734 893 αὐτα

50 919 266 990 πάσχον
284 922 376 975 καὶ
403 918 468 974 τά
500 918 642 974 αὐτοὶ
673 915 1047 974 ἀνταποδιδόν
1077 916 1179 990 ἀεί,
1212 919 1424 975 κύκλον
1453 917 1602 975 οὕτω
1633 934 1737 974 σα-

49 1002 356 1071 λευόμενον
374 1003 516 1057 ἔνθα
544 1002 636 1056 καὶ
655 1003 795 1057 ἔνθα
822 999 1265 1071 ἀπειργασμένον
1283 998 1381 1056 ὑπ’
1406 998 1736 1072 ἀμφοτέρων

49 1083 152 1153 τήν
170 1079 461 1153 ἀναπνοὴν
482 1084 573 1138 καὶ
601 1082 841 1152 ἐκπνοὴν
860 1087 1152 1153 γίγνεσθαι
1172 1083 1475 1154 παρέχεται.

47 1244 396 1315 παθημάτων
424 1251 569 1300 αἴτια
597 1246 688 1298 καὶ
717 1244 783 1298 τὰ
811 1249 908 1314 τῆς
938 1244 1292 1309 καταπόσεως
1319 1244 1387 1299 τά
1415 1266 1473 1300 τε
1503 1250 1619 1300 τῶν
1647 1246 1733 1317 (52-
1756 1248 1816 1294 80

51 1330 398 1396 πτουμένων,
418 1324 523 1382 ὅσα
543 1322 826 1395 ἀφεθέντα
845 1328 1090 1397 μετέωρα
1107 1328 1197 1381 καὶ
1218 1324 1322 1380 ὅσα
1342 1328 1430 1381 ἐπὶ
1446 1331 1549 1397 γῆς
1568 1329 1736 1398 φέρε-

47 1428 155 1477 ται,
182 1407 356 1479 ταύτῃ
376 1410 655 1475 διωκτέον,
676 1408 766 1462 καὶ
787 1405 909 1462 ὅσοι
935 1406 1182 1477 φθόγγοι
1200 1417 1378 1479 ταχεῖς
1393 1427 1452 1462 τε
1474 1408 1567 1462 καὶ
1594 1413 1735 1479 βρα-

49 1491 160 1554 δεῖς
184 1486 323 1554 ὀξεῖς
349 1510 407 1544 τε
445 1490 535 1544 καὶ
569 1494 754 1559 βαρεῖς
783 1494 1094 1559 φαίνονται,
1123 1490 1245 1545 τοτὲ
1264 1487 1365 1560 μὲν
1393 1485 1734 1560 ἀνάρμοστοι

49 1570 350 1640 φερόμενοι
371 1567 446 1625 δι’
465 1567 838 1641 ἀνομοιότητα
858 1575 954 1641 τῆς
982 1572 1044 1625 ἐν
1072 1568 1206 1641 ἡμῖν
1224 1567 1323 1625 ὑπ’
1357 1567 1547 1625 αὐτῶν
1573 1570 1735 1641 κινή-

47 1668 203 1722 σεως,
223 1651 344 1708 τοτὲ
365 1653 422 1706 δὲ
442 1650 731 1722 ξύμφωνοι
751 1651 825 1707 δι’
848 1649 1155 1723 ὁμοιότητα.
1194 1649 1291 1716 τάς
1310 1650 1417 1720 γὰρ
1448 1655 1563 1707 τῶν
1591 1669 1732 1723 προ-

47 1734 223 1801 τέρων
240 1733 332 1788 καὶ
353 1732 649 1788 θαττόνων
667 1737 724 1789 οί
746 1733 1076 1804 βραδύτεροι
1105 1732 1345 1804 κινήσεις
1373 1731 1733 1804 ἀποπαυομέ-

46 1834 146 1877 νας
162 1811 199 1883 ἤ
202 1815 267 1884 δη
286 1834 343 1868 τε
363 1818 439 1879 είς
457 1812 652 1884 ὅμοιον
670 1817 1021 1885 ἐληλυθυίας,
1035 1809 1119 1878 αἷς
1136 1812 1376 1885 ὕστερον
1387 1812 1544 1870 αὐτοὶ
1563 1834 1733 1885 προς·
1764 1817 1797 1858 Β

48 1894 348 1963 φερόμενοι
375 1900 629 1950 κινοῦσιν
661 1899 888 1964 ἐκείνας,
918 1895 1422 1967 καταλαμβάνουσι,
1453 1903 1734 1968 καταλαμ-

44 1973 310 2045 βάνοντες
331 1975 389 2030 δὲ
415 1973 518 2030 οὐκ
548 1975 724 2047 ἄλλην
753 1977 1189 2048 ἐπεμβάλλοντες
1209 1974 1555 2047 ἀνετάραξαν
1573 1983 1734 2050 κίνη-

47 2071 155 2125 σιν,
178 2052 301 2111 ἀλλ’
325 2053 500 2126 ἀρχὴν
527 2061 868 2127 βραδυτέρας
897 2065 1076 2127 φορᾶς
1102 2056 1239 2114 κατὰ
1267 2057 1371 2131 τὴν
1400 2065 1496 2131 τῆς
1524 2059 1732 2117 θάττο-

46 2158 159 2206 νος,
208 2135 596 2209 ἀποληγούσης
641 2139 699 2194 δὲ
739 2138 1034 2210 ὁμοιότητα
1072 2141 1461 2211 προσάψαντες
1498 2147 1631 2213 μίαν
1676 2144 1731 2208 ἐξ

45 2215 223 2284 ὀξείας
251 2219 341 2273 καὶ
368 2224 591 2289 βαρείας
621 2221 1059 2290 ξυνεκεράσαντο
1090 2222 1302 2294 πάθην,
1333 2221 1476 2279 ὅθεν
1516 2219 1731 2294 ἡδονὴν

45 2298 268 2368 μὲντοΐς
288 2295 547 2369 ἄφροσιν,
562 2298 922 2373 εὐφροσύνην
940 2301 998 2358 δὲ
1015 2313 1128 2368 τοῖς
1147 2308 1384 2374 ἕμφροσι
1405 2302 1494 2359 διά
1515 2301 1619 2375 τὴν
1636 2308 1732 2375 τῆς

45 2384 203 2443 θείας
222 2376 489 2449 ἁρμονίας
504 2387 731 2451 μίμησιν
743 2385 802 2436 ἐν
812 2390 1043 2453 θνηταῖς
1054 2387 1362 2456 γενομένην
1373 2397 1572 2456 φοραῖς
1586 2405 1731 2458 παρ-

46 2464 221 2530 έσχον.
259 2461 349 2515 καὶ
374 2458 441 2532 δὴ
473 2463 561 2516 καὶ
591 2462 656 2516 τὰ
682 2484 796 2517 των
825 2461 1046 2519 ὑδάτων
1077 2465 1257 2521 πάντα
1281 2467 1545 2537 ῥεύματα,
1574 2471 1652 2524 ἔτι
1673 2468 1733 2525 δὲ
1765 2474 1798 2517 C

46 2541 110 2596 τα
141 2547 255 2596 τῶν
285 2547 576 2609 κεραυνῶν
611 2542 870 2613 πτώματα
906 2546 996 2600 καὶ
1033 2545 1099 2599 τά
1137 2546 1534 2617 θαυμαζόμενα
1561 2545 1728 2619 ἠλέκ-

46 2642 195 2691 τρων
211 2625 333 2690 περὶ
357 2628 453 2693 τῆς
470 2623 663 2688 ἕλξεως
683 2626 773 2679 καὶ
793 2632 906 2679 τῶν
915 2623 1258 2694 Ἡρακλείων
1280 2633 1477 2697 λίθων,
1500 2627 1727 2684 πάντων

44 2702 259 2759 τούτων
283 2701 418 2775 ὁλκὴ
439 2707 541 2775 μὲν
559 2704 661 2760 οὐκ
684 2710 832 2761 ἔστιν
852 2704 1047 2762 οὐδενί
1069 2728 1219 2779 ποτε,
1238 2709 1299 2764 τὸ
1323 2709 1381 2765 δὲ
1400 2711 1569 2766 κενὸν
1587 2707 1727 2766 εἶναι

42 2785 217 2856 μηδὲν
236 2794 535 2854 περιωθεῖν
552 2808 609 2843 τε
629 2784 768 2843 αὑτὰ
786 2794 957 2844 ταῦτα
987 2794 1063 2855 είς
1091 2789 1315 2862 ἄλληλα,
1337 2790 1402 2847 τό
1432 2812 1490 2848 τε
1514 2795 1730 2864 διακρι-
