<?xml version="1.0" encoding="UTF-8"?>
<!DOCTYPE html PUBLIC "-//W3C//DTD XHTML 1.0 Transitional//EN"
    "http://www.w3.org/TR/xhtml1/DTD/xhtml1-transitional.dtd">
<html xmlns="http://www.w3.org/1999/xhtml" xml:lang="en" lang="en">
 <head>
  <title>
</title>
<meta http-equiv="Content-Type" content="text/html;charset=utf-8" />
  <meta name='ocr-system' content='tesseract 3.04.00' />
  <meta name='ocr-capabilities' content='ocr_page ocr_carea ocr_par ocr_line ocrx_word'/>
</head>
<body>
  <div class='ocr_page' id='page_1' title='image "./dialogisecumdumt04platuoft_0060.png"; bbox 0 0 1962 3236; ppageno 0'>
   <div class='ocr_carea' id='block_1_1' title="bbox 211 162 1296 213">
    <p class='ocr_par' dir='ltr' id='par_1_1' title="bbox 211 162 1296 213">
     <span class='ocr_line' id='line_1_1' title="bbox 211 162 1296 213; baseline 0.001 -1"><span class='ocrx_word' id='word_1_1' title='bbox 211 162 283 213; x_wconf 82' lang='lat'><em>24</em></span> <span class='ocrx_word' id='word_1_2' title='bbox 820 163 1296 213; x_wconf 75' lang='grc' dir='ltr'><em>ΠΛΑΤΩΝΟΣ</em></span> 
     </span>
    </p>
   </div>
   <div class='ocr_carea' id='block_1_2' title="bbox 99 291 1892 2887">
    <p class='ocr_par' dir='ltr' id='par_1_2' title="bbox 99 291 1892 2887">
     <span class='ocr_line' id='line_1_2' title="bbox 213 291 1881 367; baseline 0.001 -16"><span class='ocrx_word' id='word_1_3' title='bbox 213 298 477 363; x_wconf 82' lang='grc' dir='ltr'><em>ἐκποριεῖ·</em></span> <span class='ocrx_word' id='word_1_4' title='bbox 521 297 636 351; x_wconf 84' lang='grc' dir='ltr'><em>ἐπεὶ</em></span> <span class='ocrx_word' id='word_1_5' title='bbox 662 295 731 349; x_wconf 86' lang='grc' dir='ltr'><em>τά</em></span> <span class='ocrx_word' id='word_1_6' title='bbox 749 315 811 364; x_wconf 73' lang='grc' dir='ltr'><em>γε</em></span> <span class='ocrx_word' id='word_1_7' title='bbox 836 292 1025 365; x_wconf 84' lang='grc' dir='ltr'><em>αὑτῆς,</em></span> <span class='ocrx_word' id='word_1_8' title='bbox 1058 291 1185 348; x_wconf 73' lang='grc' dir='ltr'><em>ὥστ’</em></span> <span class='ocrx_word' id='word_1_9' title='bbox 1212 292 1348 349; x_wconf 82' lang='grc' dir='ltr'><em>εἶναι</em></span> <span class='ocrx_word' id='word_1_10' title='bbox 1368 301 1644 367; x_wconf 83' lang='grc' dir='ltr'><em>βελτίστη,</em></span> <span class='ocrx_word' id='word_1_11' title='bbox 1684 301 1881 362; x_wconf 73' lang='grc' dir='ltr'><em>ἱκανῶς</em></span> 
     </span>
     <span class='ocr_line' id='line_1_3' title="bbox 215 370 1885 448; baseline 0.001 -16"><span class='ocrx_word' id='word_1_12' title='bbox 215 378 397 448; x_wconf 86' lang='grc' dir='ltr'><em>δήπου</em></span> <span class='ocrx_word' id='word_1_13' title='bbox 424 376 841 445; x_wconf 80' lang='grc' dir='ltr'><strong><em>ἐκπεπόρισται,</em></strong></span> <span class='ocrx_word' id='word_1_14' title='bbox 880 377 982 439; x_wconf 81' lang='grc' dir='ltr'><em>ἕως</em></span> <span class='ocrx_word' id='word_1_15' title='bbox 1009 372 1060 443; x_wconf 80' lang='grc' dir='ltr'><em>γ’</em></span> <span class='ocrx_word' id='word_1_16' title='bbox 1097 370 1168 429; x_wconf 65' lang='grc' dir='ltr'><em>ἂν</em></span> <span class='ocrx_word' id='word_1_17' title='bbox 1196 375 1368 445; x_wconf 77' lang='grc' dir='ltr'><em>μηδὲν</em></span> <span class='ocrx_word' id='word_1_18' title='bbox 1398 379 1554 448; x_wconf 81' lang='grc' dir='ltr'><em>ἐνδέῃ</em></span> <span class='ocrx_word' id='word_1_19' title='bbox 1572 384 1674 432; x_wconf 83' lang='grc' dir='ltr'><em>τοῦ</em></span> <span class='ocrx_word' id='word_1_20' title='bbox 1694 400 1885 448; x_wconf 86' lang='grc' dir='ltr'><em>ποιμε-</em></span> 
     </span>
     <span class='ocr_line' id='line_1_4' title="bbox 214 453 1886 527; baseline 0.001 -15"><span class='ocrx_word' id='word_1_21' title='bbox 214 456 340 527; x_wconf 87' lang='grc' dir='ltr'><em>νικὴ</em></span> <span class='ocrx_word' id='word_1_22' title='bbox 372 457 535 512; x_wconf 85' lang='grc' dir='ltr'><em>εἶναι·</em></span> <span class='ocrx_word' id='word_1_23' title='bbox 574 455 721 511; x_wconf 79' lang='grc' dir='ltr'><em>οὕτω</em></span> <span class='ocrx_word' id='word_1_24' title='bbox 752 456 811 509; x_wconf 79' lang='grc' dir='ltr'><em>δὲ</em></span> <span class='ocrx_word' id='word_1_25' title='bbox 841 453 998 527; x_wconf 79' lang='grc' dir='ltr'><em>ςὸμην</em></span> <span class='ocrx_word' id='word_1_26' title='bbox 1020 459 1188 524; x_wconf 74' lang='grc' dir='ltr'><em>ἔγωγε</em></span> <span class='ocrx_word' id='word_1_27' title='bbox 1217 461 1324 509; x_wconf 85' lang='grc' dir='ltr'><em>νῦν</em></span> <span class='ocrx_word' id='word_1_28' title='bbox 1343 454 1408 526; x_wconf 83' lang='grc' dir='ltr'><em>δὴ</em></span> <span class='ocrx_word' id='word_1_29' title='bbox 1429 455 1729 526; x_wconf 77' lang='grc' dir='ltr'><em>ἀναγκαῖον</em></span> <span class='ocrx_word' id='word_1_30' title='bbox 1748 457 1886 514; x_wconf 83' lang='grc' dir='ltr'><em>εἶναι</em></span> 
     </span>
     <span class='ocr_line' id='line_1_5' title="bbox 212 534 1886 610; baseline 0 -16"><span class='ocrx_word' id='word_1_31' title='bbox 212 537 346 610; x_wconf 78' lang='grc' dir='ltr'><em>ἡμῖν</em></span> <span class='ocrx_word' id='word_1_32' title='bbox 366 537 684 609; x_wconf 78' lang='grc' dir='ltr'><em>ὁμολογεῖν,</em></span> <span class='ocrx_word' id='word_1_33' title='bbox 722 543 908 590; x_wconf 84' lang='grc' dir='ltr'><em>πᾶσαν</em></span> <span class='ocrx_word' id='word_1_34' title='bbox 930 534 1130 606; x_wconf 76' lang='grc' dir='ltr'><em>ἀρχήν,</em></span> <span class='ocrx_word' id='word_1_35' title='bbox 1168 536 1303 591; x_wconf 81' lang='grc' dir='ltr'><em>καθ’</em></span> <span class='ocrx_word' id='word_1_36' title='bbox 1327 536 1462 592; x_wconf 79' lang='grc' dir='ltr'><em>ὅσον</em></span> <span class='ocrx_word' id='word_1_37' title='bbox 1489 536 1655 610; x_wconf 80' lang='grc' dir='ltr'><em>ἀρχή,</em></span> <span class='ocrx_word' id='word_1_38' title='bbox 1694 541 1886 609; x_wconf 87' lang='grc' dir='ltr'><em>μηδενὶ</em></span> 
     </span>
     <span class='ocr_line' id='line_1_6' title="bbox 214 613 1886 692; baseline -0.001 -17"><span class='ocrx_word' id='word_1_39' title='bbox 214 619 362 692; x_wconf 79' lang='grc' dir='ltr'><em>ἄλλω</em></span> <span class='ocrx_word' id='word_1_40' title='bbox 390 618 451 673; x_wconf 81' lang='grc' dir='ltr'><em>τὸ</em></span> <span class='ocrx_word' id='word_1_41' title='bbox 483 621 770 688; x_wconf 86' lang='grc' dir='ltr'><em>βέλτιστον</em></span> <span class='ocrx_word' id='word_1_42' title='bbox 799 627 1127 671; x_wconf 83' lang='grc' dir='ltr'><em>σκοπεῖσθαι</em></span> <span class='ocrx_word' id='word_1_43' title='bbox 1155 613 1190 686; x_wconf 79' lang='grc' dir='ltr'><strong><em>ἦ</em></strong></span> <span class='ocrx_word' id='word_1_44' title='bbox 1219 619 1408 689; x_wconf 81' lang='grc' dir='ltr'><em>ἐκείνῳ</em></span> <span class='ocrx_word' id='word_1_45' title='bbox 1429 626 1505 690; x_wconf 77' lang='grc' dir='ltr'><em>τῷ</em></span> <span class='ocrx_word' id='word_1_46' title='bbox 1524 617 1808 691; x_wconf 81' lang='grc' dir='ltr'><em>ἀρχομένῳ</em></span> <span class='ocrx_word' id='word_1_47' title='bbox 1829 641 1886 674; x_wconf 89' lang='grc' dir='ltr'><em>τε</em></span> 
     </span>
     <span class='ocr_line' id='line_1_7' title="bbox 152 698 1892 771; baseline -0.001 -17"><span class='ocrx_word' id='word_1_48' title='bbox 152 719 182 759; x_wconf 70' lang='grc' dir='ltr'>Ε</span> <span class='ocrx_word' id='word_1_49' title='bbox 214 702 306 755; x_wconf 85' lang='grc' dir='ltr'><em>καὶ</em></span> <span class='ocrx_word' id='word_1_50' title='bbox 334 702 801 771; x_wconf 86' lang='grc' dir='ltr'><em>θεραπευομένω,</em></span> <span class='ocrx_word' id='word_1_51' title='bbox 837 702 898 753; x_wconf 82' lang='grc' dir='ltr'><em>ἔν</em></span> <span class='ocrx_word' id='word_1_52' title='bbox 915 719 972 752; x_wconf 90' lang='grc' dir='ltr'><em>τε</em></span> <span class='ocrx_word' id='word_1_53' title='bbox 993 705 1241 768; x_wconf 83' lang='grc' dir='ltr'><em>πολιτικῇ</em></span> <span class='ocrx_word' id='word_1_54' title='bbox 1260 699 1350 753; x_wconf 85' lang='grc' dir='ltr'><em>καὶ</em></span> <span class='ocrx_word' id='word_1_55' title='bbox 1369 702 1616 770; x_wconf 75' lang='grc' dir='ltr'><em>ἰδιωτικῇ</em></span> <span class='ocrx_word' id='word_1_56' title='bbox 1638 698 1790 771; x_wconf 78' lang='grc' dir='ltr'><em>ἀρχῇ.</em></span> <span class='ocrx_word' id='word_1_57' title='bbox 1815 698 1892 753; x_wconf 86' lang='grc' dir='ltr'><em>συ</em></span> 
     </span>
     <span class='ocr_line' id='line_1_8' title="bbox 215 778 1884 851; baseline -0.002 -14"><span class='ocrx_word' id='word_1_58' title='bbox 215 782 273 837; x_wconf 85' lang='grc' dir='ltr'><em>δε</em></span> <span class='ocrx_word' id='word_1_59' title='bbox 291 780 423 845; x_wconf 83' lang='grc' dir='ltr'><em>τοὺς</em></span> <span class='ocrx_word' id='word_1_60' title='bbox 443 780 713 851; x_wconf 89' lang='grc' dir='ltr'><em>άρχοντας</em></span> <span class='ocrx_word' id='word_1_61' title='bbox 737 784 798 836; x_wconf 86' lang='grc' dir='ltr'><em>ἐν</em></span> <span class='ocrx_word' id='word_1_62' title='bbox 817 791 932 843; x_wconf 81' lang='grc' dir='ltr'><em>ταῖς</em></span> <span class='ocrx_word' id='word_1_63' title='bbox 951 779 1170 848; x_wconf 84' lang='grc' dir='ltr'><em>πόλεσι,</em></span> <span class='ocrx_word' id='word_1_64' title='bbox 1207 801 1337 842; x_wconf 84' lang='grc' dir='ltr'><em>τους</em></span> <span class='ocrx_word' id='word_1_65' title='bbox 1357 778 1624 850; x_wconf 78' lang='grc' dir='ltr'><em>άληθώς’</em></span> <span class='ocrx_word' id='word_1_66' title='bbox 1600 781 1884 849; x_wconf 83' lang='grc' dir='ltr'><em>α’ρχοντας,</em></span> 
     </span>
     <span class='ocr_line' id='line_1_9' title="bbox 213 858 1744 932; baseline -0.003 -13"><span class='ocrx_word' id='word_1_67' title='bbox 213 864 443 927; x_wconf 80' lang='grc' dir='ltr'><em>ἑκόντας</em></span> <span class='ocrx_word' id='word_1_68' title='bbox 462 872 564 918; x_wconf 73' lang='grc' dir='ltr'><em>οἴει</em></span> <span class='ocrx_word' id='word_1_69' title='bbox 586 862 805 932; x_wconf 78' lang='grc' dir='ltr'><em>ἅρχειν;</em></span> <span class='ocrx_word' id='word_1_70' title='bbox 844 859 944 916; x_wconf 72' lang='grc' dir='ltr'><em>Μὰ</em></span> <span class='ocrx_word' id='word_1_71' title='bbox 964 858 1060 915; x_wconf 87' lang='grc' dir='ltr'><em>Δί’</em></span> <span class='ocrx_word' id='word_1_72' title='bbox 1081 858 1202 928; x_wconf 81' lang='grc' dir='ltr'><em>οὔκ,</em></span> <span class='ocrx_word' id='word_1_73' title='bbox 1223 864 1356 929; x_wconf 82' lang='grc' dir='ltr'><em>ἔφη,</em></span> <span class='ocrx_word' id='word_1_74' title='bbox 1380 858 1500 915; x_wconf 72' lang='grc' dir='ltr'><em>ἀλλ’</em></span> <span class='ocrx_word' id='word_1_75' title='bbox 1524 863 1588 915; x_wconf 84' lang='grc' dir='ltr'><em>εὐ</em></span> <span class='ocrx_word' id='word_1_76' title='bbox 1608 861 1744 916; x_wconf 84' lang='grc' dir='ltr'><em>οῖδα.</em></span> 
     </span>
     <span class='ocr_line' id='line_1_10' title="bbox 351 936 1887 1012; baseline -0.003 -14"><span class='ocrx_word' id='word_1_77' title='bbox 351 948 526 1000; x_wconf 83' lang='lat' dir='ltr'><strong>XVIII.</strong></span> <span class='ocrx_word' id='word_1_78' title='bbox 591 950 658 998; x_wconf 89' lang='grc' dir='ltr'><em>Τί</em></span> <span class='ocrx_word' id='word_1_79' title='bbox 673 945 758 1006; x_wconf 82' lang='grc' dir='ltr'><em>δέ;</em></span> <span class='ocrx_word' id='word_1_80' title='bbox 796 936 942 1012; x_wconf 80' lang='grc' dir='ltr'><em>ἦνδ’</em></span> <span class='ocrx_word' id='word_1_81' title='bbox 964 941 1102 1010; x_wconf 69' lang='grc' dir='ltr'><em>ἐγώ,</em></span> <span class='ocrx_word' id='word_1_82' title='bbox 1139 963 1181 995; x_wconf 90' lang='grc' dir='ltr'><em>ω</em></span> <span class='ocrx_word' id='word_1_83' title='bbox 1203 940 1562 1010; x_wconf 78' lang='grc' dir='ltr'><em>Θρασύμαχε,</em></span> <span class='ocrx_word' id='word_1_84' title='bbox 1597 942 1692 1005; x_wconf 85' lang='grc' dir='ltr'><em>τὰς</em></span> <span class='ocrx_word' id='word_1_85' title='bbox 1720 940 1887 1006; x_wconf 76' lang='grc' dir='ltr'><em>ἄλλας</em></span> 
     </span>
     <span class='ocr_line' id='line_1_11' title="bbox 212 1022 1886 1097; baseline -0.002 -15"><span class='ocrx_word' id='word_1_86' title='bbox 212 1025 381 1097; x_wconf 75' lang='grc' dir='ltr'><em>ἀρχὰς</em></span> <span class='ocrx_word' id='word_1_87' title='bbox 414 1024 518 1082; x_wconf 81' lang='grc' dir='ltr'><em>οὐκ</em></span> <span class='ocrx_word' id='word_1_88' title='bbox 550 1029 757 1088; x_wconf 82' lang='grc' dir='ltr'><em>ἐννοεῖς</em></span> <span class='ocrx_word' id='word_1_89' title='bbox 787 1023 872 1078; x_wconf 81' lang='grc' dir='ltr'><em>ὅτι</em></span> <span class='ocrx_word' id='word_1_90' title='bbox 903 1022 1084 1086; x_wconf 78' lang='grc' dir='ltr'><em>οὐδεὶς</em></span> <span class='ocrx_word' id='word_1_91' title='bbox 1112 1022 1341 1077; x_wconf 71' lang='grc' dir='ltr'><em>ἐθέλει’</em></span> <span class='ocrx_word' id='word_1_92' title='bbox 1318 1023 1506 1093; x_wconf 86' lang='grc' dir='ltr'><em>άρχειν</em></span> <span class='ocrx_word' id='word_1_93' title='bbox 1534 1025 1703 1093; x_wconf 74' lang='grc' dir='ltr'><em>ἑκών,</em></span> <span class='ocrx_word' id='word_1_94' title='bbox 1749 1023 1886 1080; x_wconf 79' lang='grc' dir='ltr'><em>ἀλλά</em></span> 
     </span>
     <span class='ocr_line' id='line_1_12' title="bbox 212 1104 1886 1182; baseline -0.004 -16"><span class='ocrx_word' id='word_1_95' title='bbox 212 1109 421 1182; x_wconf 80' lang='grc' dir='ltr'><em>μισθὸν</em></span> <span class='ocrx_word' id='word_1_96' title='bbox 438 1116 716 1177; x_wconf 80' lang='grc' dir='ltr'><em>αἰτοῦσιν,</em></span> <span class='ocrx_word' id='word_1_97' title='bbox 748 1105 820 1172; x_wconf 80' lang='grc' dir='ltr'><em>ὡς</em></span> <span class='ocrx_word' id='word_1_98' title='bbox 839 1105 960 1176; x_wconf 79' lang='grc' dir='ltr'><em>οὐχὶ</em></span> <span class='ocrx_word' id='word_1_99' title='bbox 980 1104 1231 1160; x_wconf 80' lang='grc' dir='ltr'><em>αὐτοῖσιν</em></span> <span class='ocrx_word' id='word_1_100' title='bbox 1252 1104 1522 1174; x_wconf 74' lang='grc' dir='ltr'><em>ὠφέλειαν</em></span> <span class='ocrx_word' id='word_1_101' title='bbox 1541 1108 1808 1176; x_wconf 84' lang='grc' dir='ltr'><em>ἐσομένην</em></span> <span class='ocrx_word' id='word_1_102' title='bbox 1829 1108 1886 1160; x_wconf 85' lang='grc' dir='ltr'><em>ἐκ</em></span> 
     </span>
     <span class='ocr_line' id='line_1_13' title="bbox 99 1185 1883 1286; baseline -0.005 -38"><span class='ocrx_word' id='word_1_103' title='bbox 99 1203 185 1248; x_wconf 72' lang='lat'><em>346</em></span> <span class='ocrx_word' id='word_1_104' title='bbox 213 1200 315 1248; x_wconf 83' lang='grc' dir='ltr'><em>τοῦ</em></span> <span class='ocrx_word' id='word_1_105' title='bbox 336 1193 525 1262; x_wconf 75' lang='grc' dir='ltr'><em>ἄρχειν</em></span> <span class='ocrx_word' id='word_1_106' title='bbox 550 1189 689 1246; x_wconf 80' lang='grc' dir='ltr'><em>αλλὰ</em></span> <span class='ocrx_word' id='word_1_107' title='bbox 711 1201 822 1252; x_wconf 84' lang='grc' dir='ltr'><em>τοῖς</em></span> <span class='ocrx_word' id='word_1_108' title='bbox 841 1187 1188 1286; x_wconf 80' lang='grc' dir='ltr'><em>άρχομένοις;</em></span> <span class='ocrx_word' id='word_1_109' title='bbox 1225 1189 1338 1242; x_wconf 81' lang='grc' dir='ltr'><em>ἐπεὶ</em></span> <span class='ocrx_word' id='word_1_110' title='bbox 1356 1187 1586 1241; x_wconf 84' lang='grc' dir='ltr'><em>τοσόνδε</em></span> <span class='ocrx_word' id='word_1_111' title='bbox 1607 1188 1744 1242; x_wconf 85' lang='grc' dir='ltr'><em>εἰπέ·</em></span> <span class='ocrx_word' id='word_1_112' title='bbox 1767 1185 1883 1256; x_wconf 76' lang='grc' dir='ltr'><em>οὐχὶ</em></span> 
     </span>
     <span class='ocr_line' id='line_1_14' title="bbox 212 1267 1888 1344; baseline -0.005 -14"><span class='ocrx_word' id='word_1_113' title='bbox 212 1274 450 1344; x_wconf 82' lang='grc' dir='ltr'><em>ἑκάστην</em></span> <span class='ocrx_word' id='word_1_114' title='bbox 479 1276 666 1342; x_wconf 84' lang='grc' dir='ltr'><em>μέντοι</em></span> <span class='ocrx_word' id='word_1_115' title='bbox 688 1269 870 1340; x_wconf 76' lang='grc' dir='ltr'><em>φαμὲν</em></span> <span class='ocrx_word' id='word_1_116' title='bbox 899 1269 1153 1323; x_wconf 81' lang='grc' dir='ltr'><em>ἑκάστοτε</em></span> <span class='ocrx_word' id='word_1_117' title='bbox 1183 1275 1296 1323; x_wconf 76' lang='grc' dir='ltr'><em>τῶν</em></span> <span class='ocrx_word' id='word_1_118' title='bbox 1324 1289 1532 1338; x_wconf 86' lang='grc' dir='ltr'><em>τεχνων</em></span> <span class='ocrx_word' id='word_1_119' title='bbox 1559 1267 1736 1340; x_wconf 79' lang='grc' dir='ltr'><em>τούτῳ</em></span> <span class='ocrx_word' id='word_1_120' title='bbox 1775 1270 1888 1323; x_wconf 49' lang='grc' dir='ltr'><em>ετέυ</em></span> 
     </span>
     <span class='ocr_line' id='line_1_15' title="bbox 215 1349 1885 1427; baseline -0.005 -17"><span class='ocrx_word' id='word_1_121' title='bbox 215 1378 320 1426; x_wconf 89' lang='grc' dir='ltr'><em>ραν</em></span> <span class='ocrx_word' id='word_1_122' title='bbox 341 1353 509 1423; x_wconf 86' lang='grc' dir='ltr'><em>εἶναι,</em></span> <span class='ocrx_word' id='word_1_123' title='bbox 531 1360 608 1427; x_wconf 79' lang='grc' dir='ltr'><em>τῷ</em></span> <span class='ocrx_word' id='word_1_124' title='bbox 629 1353 819 1418; x_wconf 79' lang='grc' dir='ltr'><em>ἑτέραν</em></span> <span class='ocrx_word' id='word_1_125' title='bbox 837 1351 939 1421; x_wconf 79' lang='grc' dir='ltr'><em>τὴν</em></span> <span class='ocrx_word' id='word_1_126' title='bbox 959 1350 1200 1419; x_wconf 82' lang='grc' dir='ltr'><em>δύναμιν</em></span> <span class='ocrx_word' id='word_1_127' title='bbox 1217 1353 1385 1419; x_wconf 84' lang='grc' dir='ltr'><em>ἔχειν;</em></span> <span class='ocrx_word' id='word_1_128' title='bbox 1424 1355 1543 1418; x_wconf 87' lang='grc' dir='ltr'><em>καί,</em></span> <span class='ocrx_word' id='word_1_129' title='bbox 1567 1370 1608 1403; x_wconf 92' lang='grc' dir='ltr'><em>ω</em></span> <span class='ocrx_word' id='word_1_130' title='bbox 1634 1349 1885 1418; x_wconf 87' lang='grc' dir='ltr'><em>μακάριε,</em></span> 
     </span>
     <span class='ocr_line' id='line_1_16' title="bbox 212 1427 1886 1509; baseline -0.005 -18"><span class='ocrx_word' id='word_1_131' title='bbox 212 1437 285 1509; x_wconf 85' lang='grc' dir='ltr'><em>μὴ</em></span> <span class='ocrx_word' id='word_1_132' title='bbox 309 1457 455 1507; x_wconf 90' lang='grc' dir='ltr'><em>παρα</em></span> <span class='ocrx_word' id='word_1_133' title='bbox 479 1435 648 1499; x_wconf 86' lang='grc' dir='ltr'><em>δόξαν</em></span> <span class='ocrx_word' id='word_1_134' title='bbox 664 1432 1001 1501; x_wconf 75' lang='grc' dir='ltr'><em>ἀποκρίνου,</em></span> <span class='ocrx_word' id='word_1_135' title='bbox 1031 1435 1122 1487; x_wconf 81' lang='grc' dir='ltr'><em>ἵνα</em></span> <span class='ocrx_word' id='word_1_136' title='bbox 1141 1454 1191 1485; x_wconf 89' lang='grc' dir='ltr'><em>τι</em></span> <span class='ocrx_word' id='word_1_137' title='bbox 1210 1432 1299 1485; x_wconf 85' lang='grc' dir='ltr'><em>καὶ</em></span> <span class='ocrx_word' id='word_1_138' title='bbox 1323 1441 1683 1500; x_wconf 78' lang='grc' dir='ltr'><em>περαίνωμεν.</em></span> <span class='ocrx_word' id='word_1_139' title='bbox 1728 1427 1886 1484; x_wconf 83' lang='grc' dir='ltr'><em>Ἀλλὰ</em></span> 
     </span>
     <span class='ocr_line' id='line_1_17' title="bbox 211 1509 1888 1591; baseline -0.006 -17"><span class='ocrx_word' id='word_1_140' title='bbox 211 1519 420 1591; x_wconf 84' lang='grc' dir='ltr'><em>τούτω,</em></span> <span class='ocrx_word' id='word_1_141' title='bbox 458 1521 591 1587; x_wconf 86' lang='grc' dir='ltr'><em>ἔφη,</em></span> <span class='ocrx_word' id='word_1_142' title='bbox 631 1517 800 1584; x_wconf 82' lang='grc' dir='ltr'><em>ἑτέρα.</em></span> <span class='ocrx_word' id='word_1_143' title='bbox 862 1512 1089 1569; x_wconf 76' lang='grc' dir='ltr'><em>Οὐκοῦν</em></span> <span class='ocrx_word' id='word_1_144' title='bbox 1121 1513 1210 1567; x_wconf 86' lang='grc' dir='ltr'><em>καὶ</em></span> <span class='ocrx_word' id='word_1_145' title='bbox 1232 1509 1505 1581; x_wconf 76' lang='grc' dir='ltr'><em>ὠφέλειαν</em></span> <span class='ocrx_word' id='word_1_146' title='bbox 1524 1511 1721 1580; x_wconf 81' lang='grc' dir='ltr'><em>ἑκάστη</em></span> <span class='ocrx_word' id='word_1_147' title='bbox 1742 1513 1888 1566; x_wconf 83' lang='grc' dir='ltr'><em>ἰδίαν</em></span> 
     </span>
     <span class='ocr_line' id='line_1_18' title="bbox 213 1589 1887 1670; baseline -0.007 -14"><span class='ocrx_word' id='word_1_148' title='bbox 213 1600 338 1656; x_wconf 83' lang='grc' dir='ltr'><em>τινὰ</em></span> <span class='ocrx_word' id='word_1_149' title='bbox 369 1597 501 1670; x_wconf 79' lang='grc' dir='ltr'><em>ἡμῖν</em></span> <span class='ocrx_word' id='word_1_150' title='bbox 529 1599 843 1666; x_wconf 88' lang='grc' dir='ltr'><em>παρέχεται,</em></span> <span class='ocrx_word' id='word_1_151' title='bbox 884 1593 1006 1650; x_wconf 76' lang='grc' dir='ltr'><em>ἄλλ’</em></span> <span class='ocrx_word' id='word_1_152' title='bbox 1038 1592 1105 1649; x_wconf 81' lang='grc' dir='ltr'><em>οὐ</em></span> <span class='ocrx_word' id='word_1_153' title='bbox 1134 1594 1357 1665; x_wconf 86' lang='grc' dir='ltr'><em>κοινήν,</em></span> <span class='ocrx_word' id='word_1_154' title='bbox 1397 1589 1516 1648; x_wconf 83' lang='grc' dir='ltr'><em>οἷον</em></span> <span class='ocrx_word' id='word_1_155' title='bbox 1546 1590 1755 1662; x_wconf 84' lang='grc' dir='ltr'><em>ἰατρικὴ</em></span> <span class='ocrx_word' id='word_1_156' title='bbox 1787 1613 1887 1661; x_wconf 88' lang='grc' dir='ltr'><em>μεν</em></span> 
     </span>
     <span class='ocr_line' id='line_1_19' title="bbox 214 1675 1892 1751; baseline -0.007 -14"><span class='ocrx_word' id='word_1_157' title='bbox 214 1679 456 1751; x_wconf 70' lang='grc' dir='ltr'><em>ὑγίειαν,</em></span> <span class='ocrx_word' id='word_1_158' title='bbox 497 1676 859 1750; x_wconf 81' lang='grc' dir='ltr'><em>κυβερνητικὴ</em></span> <span class='ocrx_word' id='word_1_159' title='bbox 892 1680 950 1730; x_wconf 88' lang='grc' dir='ltr'><em>δε</em></span> <span class='ocrx_word' id='word_1_160' title='bbox 979 1682 1252 1746; x_wconf 79' lang='grc' dir='ltr'><em>σωτηρίαν</em></span> <span class='ocrx_word' id='word_1_161' title='bbox 1279 1696 1341 1729; x_wconf 86' lang='grc' dir='ltr'><em>εν</em></span> <span class='ocrx_word' id='word_1_162' title='bbox 1367 1696 1440 1728; x_wconf 91' lang='grc' dir='ltr'><em>τω</em></span> <span class='ocrx_word' id='word_1_163' title='bbox 1481 1680 1662 1742; x_wconf 80' lang='grc' dir='ltr'><em>πλεῖν,</em></span> <span class='ocrx_word' id='word_1_164' title='bbox 1702 1675 1792 1727; x_wconf 78' lang='grc' dir='ltr'><em>καὶ,</em></span> <span class='ocrx_word' id='word_1_165' title='bbox 1832 1675 1892 1727; x_wconf 80' lang='grc' dir='ltr'><em>αἰ</em></span> 
     </span>
     <span class='ocr_line' id='line_1_20' title="bbox 214 1753 1884 1827; baseline -0.006 -9"><span class='ocrx_word' id='word_1_166' title='bbox 214 1763 376 1818; x_wconf 81' lang='grc' dir='ltr'><em>ἄλλαι</em></span> <span class='ocrx_word' id='word_1_167' title='bbox 396 1760 600 1826; x_wconf 83' lang='grc' dir='ltr'><em>οὕτως;</em></span> <span class='ocrx_word' id='word_1_168' title='bbox 640 1761 805 1813; x_wconf 87' lang='grc' dir='ltr'><em>Πάνυ</em></span> <span class='ocrx_word' id='word_1_169' title='bbox 823 1780 899 1827; x_wconf 81' lang='grc' dir='ltr'><em>γε.</em></span> <span class='ocrx_word' id='word_1_170' title='bbox 962 1757 1190 1812; x_wconf 83' lang='grc' dir='ltr'><em>Οὐκοῦν</em></span> <span class='ocrx_word' id='word_1_171' title='bbox 1209 1759 1296 1811; x_wconf 82' lang='grc' dir='ltr'><em>καὶ</em></span> <span class='ocrx_word' id='word_1_172' title='bbox 1318 1753 1624 1826; x_wconf 78' lang='grc' dir='ltr'><em>μισθωτικὴ</em></span> <span class='ocrx_word' id='word_1_173' title='bbox 1648 1753 1884 1824; x_wconf 84' lang='grc' dir='ltr'><em>μισθόν;</em></span> 
     </span>
     <span class='ocr_line' id='line_1_21' title="bbox 150 1833 1887 1913; baseline -0.005 -15"><span class='ocrx_word' id='word_1_174' title='bbox 150 1864 182 1903; x_wconf 86' lang='grc' dir='ltr'>Β</span> <span class='ocrx_word' id='word_1_175' title='bbox 216 1843 355 1913; x_wconf 79' lang='grc' dir='ltr'><em>αὕτη</em></span> <span class='ocrx_word' id='word_1_176' title='bbox 389 1842 496 1912; x_wconf 76' lang='grc' dir='ltr'><em>γὰρ</em></span> <span class='ocrx_word' id='word_1_177' title='bbox 526 1841 695 1911; x_wconf 81' lang='grc' dir='ltr'><em>αὐτῆς</em></span> <span class='ocrx_word' id='word_1_178' title='bbox 724 1838 757 1910; x_wconf 86' lang='grc' dir='ltr'><strong><em>ἡ</em></strong></span> <span class='ocrx_word' id='word_1_179' title='bbox 795 1839 1050 1910; x_wconf 84' lang='grc' dir='ltr'><em>δύναμις·</em></span> <span class='ocrx_word' id='word_1_180' title='bbox 1086 1835 1121 1908; x_wconf 78' lang='grc' dir='ltr'><em>ἢ</em></span> <span class='ocrx_word' id='word_1_181' title='bbox 1148 1837 1252 1907; x_wconf 80' lang='grc' dir='ltr'><em>τὴν</em></span> <span class='ocrx_word' id='word_1_182' title='bbox 1284 1836 1536 1908; x_wconf 78' lang='grc' dir='ltr'><em>ἰατρικὴν</em></span> <span class='ocrx_word' id='word_1_183' title='bbox 1565 1834 1636 1891; x_wconf 80' lang='grc' dir='ltr'><em>σὺ</em></span> <span class='ocrx_word' id='word_1_184' title='bbox 1664 1837 1757 1891; x_wconf 84' lang='grc' dir='ltr'><em>καὶ</em></span> <span class='ocrx_word' id='word_1_185' title='bbox 1784 1833 1887 1905; x_wconf 78' lang='grc' dir='ltr'><em>τὴν</em></span> 
     </span>
     <span class='ocr_line' id='line_1_22' title="bbox 212 1914 1885 1995; baseline -0.005 -16"><span class='ocrx_word' id='word_1_186' title='bbox 212 1921 618 1995; x_wconf 80' lang='grc' dir='ltr'><em>κυβερνητικὴν</em></span> <span class='ocrx_word' id='word_1_187' title='bbox 647 1922 750 1993; x_wconf 83' lang='grc' dir='ltr'><em>τὴν</em></span> <span class='ocrx_word' id='word_1_188' title='bbox 779 1919 955 1990; x_wconf 82' lang='grc' dir='ltr'><em>αὐτὴν</em></span> <span class='ocrx_word' id='word_1_189' title='bbox 983 1927 1188 1985; x_wconf 86' lang='grc' dir='ltr'><em>καλεῖς;</em></span> <span class='ocrx_word' id='word_1_190' title='bbox 1224 1916 1260 1989; x_wconf 81' lang='grc' dir='ltr'><strong><em>ἦ</em></strong></span> <span class='ocrx_word' id='word_1_191' title='bbox 1290 1919 1492 1986; x_wconf 77' lang='grc' dir='ltr'><em>ἐάνπερ</em></span> <span class='ocrx_word' id='word_1_192' title='bbox 1522 1919 1700 1988; x_wconf 82' lang='grc' dir='ltr'><em>βούλῃ</em></span> <span class='ocrx_word' id='word_1_193' title='bbox 1729 1914 1885 1985; x_wconf 77' lang='grc' dir='ltr'><em>ἀκρι-</em></span> 
     </span>
     <span class='ocr_line' id='line_1_23' title="bbox 213 1998 1887 2076; baseline -0.005 -17"><span class='ocrx_word' id='word_1_194' title='bbox 213 2012 324 2076; x_wconf 79' lang='grc' dir='ltr'><em>βῶς</em></span> <span class='ocrx_word' id='word_1_195' title='bbox 345 2009 627 2072; x_wconf 82' lang='grc' dir='ltr'><em>διορίζειν,</em></span> <span class='ocrx_word' id='word_1_196' title='bbox 669 2002 854 2070; x_wconf 69' lang='grc' dir='ltr'><em>ὥσπερ</em></span> <span class='ocrx_word' id='word_1_197' title='bbox 876 2001 1123 2069; x_wconf 80' lang='grc' dir='ltr'><em>ὑπέθου,</em></span> <span class='ocrx_word' id='word_1_198' title='bbox 1161 1998 1328 2054; x_wconf 78' lang='grc' dir='ltr'><em>οὐδέν</em></span> <span class='ocrx_word' id='word_1_199' title='bbox 1346 2023 1397 2054; x_wconf 85' lang='grc' dir='ltr'><em>τι</em></span> <span class='ocrx_word' id='word_1_200' title='bbox 1417 2006 1655 2068; x_wconf 78' lang='grc' dir='ltr'><em>μᾶλλον,</em></span> <span class='ocrx_word' id='word_1_201' title='bbox 1693 1999 1791 2052; x_wconf 80' lang='grc' dir='ltr'><em>ἐάν</em></span> <span class='ocrx_word' id='word_1_202' title='bbox 1808 2019 1887 2062; x_wconf 87' lang='grc' dir='ltr'><em>τις</em></span> 
     </span>
     <span class='ocr_line' id='line_1_24' title="bbox 213 2077 1887 2155; baseline -0.004 -16"><span class='ocrx_word' id='word_1_203' title='bbox 213 2089 503 2155; x_wconf 75' lang='grc' dir='ltr'><em>κυβερνῶν</em></span> <span class='ocrx_word' id='word_1_204' title='bbox 523 2082 680 2154; x_wconf 77' lang='grc' dir='ltr'><em>ὑγιὴς</em></span> <span class='ocrx_word' id='word_1_205' title='bbox 698 2090 949 2153; x_wconf 75' lang='grc' dir='ltr'><em>γίγνηται</em></span> <span class='ocrx_word' id='word_1_206' title='bbox 970 2082 1057 2136; x_wconf 74' lang='grc' dir='ltr'><em>διὰ</em></span> <span class='ocrx_word' id='word_1_207' title='bbox 1078 2080 1138 2136; x_wconf 81' lang='grc' dir='ltr'><em>τὸ</em></span> <span class='ocrx_word' id='word_1_208' title='bbox 1163 2083 1461 2151; x_wconf 83' lang='grc' dir='ltr'><em>ξυμφέρειν</em></span> <span class='ocrx_word' id='word_1_209' title='bbox 1483 2077 1633 2152; x_wconf 76' lang='grc' dir='ltr'><em>αὐτῷ</em></span> <span class='ocrx_word' id='word_1_210' title='bbox 1652 2086 1808 2134; x_wconf 80' lang='grc' dir='ltr'><em>πλεῖν</em></span> <span class='ocrx_word' id='word_1_211' title='bbox 1827 2081 1887 2134; x_wconf 85' lang='grc' dir='ltr'><em>ἐν</em></span> 
     </span>
     <span class='ocr_line' id='line_1_25' title="bbox 210 2163 1888 2237; baseline -0.004 -18"><span class='ocrx_word' id='word_1_212' title='bbox 210 2173 280 2237; x_wconf 84' lang='grc' dir='ltr'><em>τῇ</em></span> <span class='ocrx_word' id='word_1_213' title='bbox 309 2165 587 2236; x_wconf 81' lang='grc' dir='ltr'><em>θαλάττη,</em></span> <span class='ocrx_word' id='word_1_214' title='bbox 629 2166 794 2219; x_wconf 83' lang='grc' dir='ltr'><em>ε’νεκα</em></span> <span class='ocrx_word' id='word_1_215' title='bbox 824 2163 1027 2219; x_wconf 86' lang='grc' dir='ltr'><em>τούτου</em></span> <span class='ocrx_word' id='word_1_216' title='bbox 1058 2170 1240 2227; x_wconf 82' lang='grc' dir='ltr'><em>καλεῖς</em></span> <span class='ocrx_word' id='word_1_217' title='bbox 1269 2168 1481 2232; x_wconf 84' lang='grc' dir='ltr'><em>μᾶλλον</em></span> <span class='ocrx_word' id='word_1_218' title='bbox 1504 2158 1888 2231; x_wconf 67' lang='grc' dir='ltr'><em>αὐτὴνιίατρι-</em></span> 
     </span>
     <span class='ocr_line' id='line_1_26' title="bbox 211 2238 1887 2318; baseline -0.005 -16"><span class='ocrx_word' id='word_1_219' title='bbox 211 2247 346 2318; x_wconf 86' lang='grc' dir='ltr'><em>κη’ν;</em></span> <span class='ocrx_word' id='word_1_220' title='bbox 388 2244 473 2300; x_wconf 81' lang='grc' dir='ltr'><em>Οὐ</em></span> <span class='ocrx_word' id='word_1_221' title='bbox 497 2250 691 2316; x_wconf 83' lang='grc' dir='ltr'><em>δῆτα,</em></span> <span class='ocrx_word' id='word_1_222' title='bbox 671 2250 790 2315; x_wconf 88' lang='grc' dir='ltr'><em>ε’.φη</em></span> <span class='ocrx_word' id='word_1_223' title='bbox 837 2241 988 2301; x_wconf 81' lang='grc' dir='ltr'><em>Οὐδέ</em></span> <span class='ocrx_word' id='word_1_224' title='bbox 1003 2243 1078 2314; x_wconf 79' lang='grc' dir='ltr'><em>γ’</em></span> <span class='ocrx_word' id='word_1_225' title='bbox 1099 2243 1265 2314; x_wconf 81' lang='grc' dir='ltr'><em>οἶμαι,</em></span> <span class='ocrx_word' id='word_1_226' title='bbox 1287 2243 1388 2314; x_wconf 79' lang='grc' dir='ltr'><em>τὴν</em></span> <span class='ocrx_word' id='word_1_227' title='bbox 1406 2241 1767 2313; x_wconf 82' lang='grc' dir='ltr'><em>μισθωτικήν,</em></span> <span class='ocrx_word' id='word_1_228' title='bbox 1791 2238 1887 2296; x_wconf 81' lang='grc' dir='ltr'><em>ἐὰν</em></span> 
     </span>
     <span class='ocr_line' id='line_1_27' title="bbox 211 2320 1887 2400; baseline -0.005 -17"><span class='ocrx_word' id='word_1_229' title='bbox 211 2326 434 2400; x_wconf 72' lang='grc' dir='ltr'><em>ὑγιαίνῃ</em></span> <span class='ocrx_word' id='word_1_230' title='bbox 458 2350 538 2391; x_wconf 86' lang='grc' dir='ltr'><em>τις</em></span> <span class='ocrx_word' id='word_1_231' title='bbox 566 2332 912 2398; x_wconf 87' lang='grc' dir='ltr'><em>μισθαρνων.</em></span> <span class='ocrx_word' id='word_1_232' title='bbox 973 2324 1058 2381; x_wconf 82' lang='grc' dir='ltr'><em>Οὐ</em></span> <span class='ocrx_word' id='word_1_233' title='bbox 1089 2329 1241 2395; x_wconf 83' lang='grc' dir='ltr'><em>δῆτα.</em></span> <span class='ocrx_word' id='word_1_234' title='bbox 1299 2329 1368 2379; x_wconf 90' lang='grc' dir='ltr'><em>Τί</em></span> <span class='ocrx_word' id='word_1_235' title='bbox 1393 2326 1479 2389; x_wconf 83' lang='grc' dir='ltr'><em>δέ;</em></span> <span class='ocrx_word' id='word_1_236' title='bbox 1514 2320 1616 2392; x_wconf 83' lang='grc' dir='ltr'><em>τὴν</em></span> <span class='ocrx_word' id='word_1_237' title='bbox 1637 2320 1887 2389; x_wconf 85' lang='grc' dir='ltr'><em>ἰατρικὴν</em></span> 
     </span>
     <span class='ocr_line' id='line_1_28' title="bbox 156 2404 1886 2481; baseline -0.004 -16"><span class='ocrx_word' id='word_1_238' title='bbox 156 2430 186 2470; x_wconf 82' lang='lat' dir='ltr'>c</span> <span class='ocrx_word' id='word_1_239' title='bbox 213 2411 690 2481; x_wconf 81' lang='grc' dir='ltr'><em>μισθαρνητικήν,</em></span> <span class='ocrx_word' id='word_1_240' title='bbox 738 2410 836 2465; x_wconf 82' lang='grc' dir='ltr'><em>ἐαν</em></span> <span class='ocrx_word' id='word_1_241' title='bbox 856 2409 1089 2479; x_wconf 75' lang='grc' dir='ltr'><em>ἰώμενός</em></span> <span class='ocrx_word' id='word_1_242' title='bbox 1107 2430 1186 2471; x_wconf 88' lang='grc' dir='ltr'><em>τις</em></span> <span class='ocrx_word' id='word_1_243' title='bbox 1215 2413 1525 2478; x_wconf 78' lang='grc' dir='ltr'><em>μισθαρνῇ;</em></span> <span class='ocrx_word' id='word_1_244' title='bbox 1578 2404 1725 2474; x_wconf 84' lang='grc' dir='ltr'><em>Οὔκ,</em></span> <span class='ocrx_word' id='word_1_245' title='bbox 1766 2409 1886 2474; x_wconf 83' lang='grc' dir='ltr'><em>ἔφη.</em></span> 
     </span>
     <span class='ocr_line' id='line_1_29' title="bbox 217 2482 1888 2562; baseline -0.004 -17"><span class='ocrx_word' id='word_1_246' title='bbox 217 2488 446 2546; x_wconf 80' lang='grc' dir='ltr'><em>Οὐκοῦν</em></span> <span class='ocrx_word' id='word_1_247' title='bbox 474 2492 578 2562; x_wconf 82' lang='grc' dir='ltr'><em>τήν</em></span> <span class='ocrx_word' id='word_1_248' title='bbox 607 2513 671 2561; x_wconf 78' lang='grc' dir='ltr'><em>γε</em></span> <span class='ocrx_word' id='word_1_249' title='bbox 704 2489 977 2559; x_wconf 77' lang='grc' dir='ltr'><em>ὠφέλειαν</em></span> <span class='ocrx_word' id='word_1_250' title='bbox 1007 2489 1235 2558; x_wconf 81' lang='grc' dir='ltr'><em>ἑκάστης</em></span> <span class='ocrx_word' id='word_1_251' title='bbox 1253 2495 1347 2557; x_wconf 83' lang='grc' dir='ltr'><em>τῆς</em></span> <span class='ocrx_word' id='word_1_252' title='bbox 1367 2491 1554 2557; x_wconf 83' lang='grc' dir='ltr'><em>τέχνης</em></span> <span class='ocrx_word' id='word_1_253' title='bbox 1574 2489 1720 2541; x_wconf 89' lang='grc' dir='ltr'><em>ἰδίαν</em></span> <span class='ocrx_word' id='word_1_254' title='bbox 1740 2482 1888 2554; x_wconf 77' lang='grc' dir='ltr'><em>ὠμο-</em></span> 
     </span>
     <span class='ocr_line' id='line_1_30' title="bbox 215 2565 1889 2643; baseline -0.005 -16"><span class='ocrx_word' id='word_1_255' title='bbox 215 2573 530 2643; x_wconf 71' lang='grc' dir='ltr'><em>λογήσαμεν</em></span> <span class='ocrx_word' id='word_1_256' title='bbox 568 2571 733 2638; x_wconf 84' lang='grc' dir='ltr'><em>εἷναι;</em></span> <span class='ocrx_word' id='word_1_257' title='bbox 777 2573 980 2640; x_wconf 82' lang='grc' dir='ltr'><em>”Εστω,</em></span> <span class='ocrx_word' id='word_1_258' title='bbox 1020 2576 1141 2640; x_wconf 78' lang='grc' dir='ltr'><em>ἔφη.</em></span> <span class='ocrx_word' id='word_1_259' title='bbox 1203 2567 1435 2623; x_wconf 58' lang='grc' dir='ltr'><em>’Ήντινα</em></span> <span class='ocrx_word' id='word_1_260' title='bbox 1472 2566 1580 2634; x_wconf 75' lang='grc' dir='ltr'><em>ἄρα</em></span> <span class='ocrx_word' id='word_1_261' title='bbox 1618 2565 1889 2634; x_wconf 73' lang='grc' dir='ltr'><em>ὠφέλειαν</em></span> 
     </span>
     <span class='ocr_line' id='line_1_31' title="bbox 212 2646 1888 2724; baseline -0.004 -17"><span class='ocrx_word' id='word_1_262' title='bbox 212 2661 371 2724; x_wconf 79' lang='grc' dir='ltr'><em>κοινῇ</em></span> <span class='ocrx_word' id='word_1_263' title='bbox 392 2653 742 2724; x_wconf 82' lang='grc' dir='ltr'><em>ωφελοῦνται</em></span> <span class='ocrx_word' id='word_1_264' title='bbox 760 2654 959 2717; x_wconf 84' lang='grc' dir='ltr'><em>πάντες</em></span> <span class='ocrx_word' id='word_1_265' title='bbox 977 2675 1029 2707; x_wconf 93' lang='grc' dir='ltr'><em>οι</em></span> <span class='ocrx_word' id='word_1_266' title='bbox 1018 2656 1403 2723; x_wconf 76' lang='grc' dir='ltr'><em>δημιουργοί,</em></span> <span class='ocrx_word' id='word_1_267' title='bbox 1436 2647 1646 2719; x_wconf 86' lang='grc' dir='ltr'><em>δῆλον</em></span> <span class='ocrx_word' id='word_1_268' title='bbox 1625 2646 1710 2702; x_wconf 86' lang='grc' dir='ltr'><em>ότι</em></span> <span class='ocrx_word' id='word_1_269' title='bbox 1729 2651 1888 2718; x_wconf 82' lang='grc' dir='ltr'><em>κοινῇ</em></span> 
     </span>
     <span class='ocr_line' id='line_1_32' title="bbox 213 2728 1884 2805; baseline -0.004 -19"><span class='ocrx_word' id='word_1_270' title='bbox 213 2734 319 2787; x_wconf 82' lang='grc' dir='ltr'><em>τινὶ</em></span> <span class='ocrx_word' id='word_1_271' title='bbox 357 2757 431 2787; x_wconf 93' lang='grc' dir='ltr'><em>τω</em></span> <span class='ocrx_word' id='word_1_272' title='bbox 472 2758 621 2791; x_wconf 90' lang='grc' dir='ltr'><em>αυτω</em></span> <span class='ocrx_word' id='word_1_273' title='bbox 674 2735 1090 2805; x_wconf 76' lang='grc' dir='ltr'><em>προσχρώμενοι</em></span> <span class='ocrx_word' id='word_1_274' title='bbox 1131 2731 1228 2788; x_wconf 80' lang='grc' dir='ltr'><em>ἀπ’</em></span> <span class='ocrx_word' id='word_1_275' title='bbox 1270 2736 1486 2788; x_wconf 84' lang='grc' dir='ltr'><em>ἐκείνου</em></span> <span class='ocrx_word' id='word_1_276' title='bbox 1524 2728 1884 2798; x_wconf 85' lang='grc' dir='ltr'><em>ωφελοῦνται.</em></span> 
     </span>
     <span class='ocr_line' id='line_1_33' title="bbox 196 2807 1889 2887; baseline -0.002 -20.955"><span class='ocrx_word' id='word_1_277' title='bbox 196 2811 427 2883; x_wconf 78' lang='grc' dir='ltr'><em>Ἔοικεν,</em></span> <span class='ocrx_word' id='word_1_278' title='bbox 450 2820 569 2886; x_wconf 85' lang='grc' dir='ltr'><em>ἐφη.</em></span> <span class='ocrx_word' id='word_1_279' title='bbox 607 2818 796 2886; x_wconf 89' lang='grc' dir='ltr'><em>Φαμεν</em></span> <span class='ocrx_word' id='word_1_280' title='bbox 822 2819 885 2871; x_wconf 87' lang='grc' dir='ltr'><em>δέ</em></span> <span class='ocrx_word' id='word_1_281' title='bbox 897 2838 959 2886; x_wconf 76' lang='grc' dir='ltr'><em>γε</em></span> <span class='ocrx_word' id='word_1_282' title='bbox 980 2815 1040 2871; x_wconf 84' lang='grc' dir='ltr'><em>τὸ</em></span> <span class='ocrx_word' id='word_1_283' title='bbox 1062 2813 1270 2887; x_wconf 80' lang='grc' dir='ltr'><em>μισθὸν</em></span> <span class='ocrx_word' id='word_1_284' title='bbox 1291 2812 1638 2882; x_wconf 77' lang='grc' dir='ltr'><em>ἀρνυμένους</em></span> <span class='ocrx_word' id='word_1_285' title='bbox 1658 2807 1889 2879; x_wconf 74' lang='grc' dir='ltr'><em>ωφελεῖ-</em></span> 
     </span>
    </p>
   </div>
  </div>
 </body>
</html>
