1962 3236
55 713 139 756 458

103 2668 136 2708 D

174 149 276 200 144
785 152 1262 200 ΠΛΑΤΩΝΟΣ

174 283 460 350 ξύστασιν·
500 283 606 355 ἐγω
632 281 679 338 δ’
704 281 859 356 ᾤμην
880 288 940 339 ἔκ
969 305 1032 353 γε
1060 288 1159 339 τοῦ
1191 284 1381 354 ἑτέρου
1409 283 1843 358 ἀποδράσεσθαι,

173 374 225 422 εἶ
252 382 338 421 σοι
369 366 576 432 δόξειεν
608 362 886 435 ὠφέλιμον
915 363 1072 435 εἶναι,
1103 364 1300 422 λοιπὸν
1333 367 1391 422 δὲ
1412 367 1480 437 δή
1499 389 1592 437 μοι
1620 373 1845 423 ἔσεσθαι

172 450 297 517 περὶ
314 453 415 503 τοῦ
438 452 683 503 δυνατοῦ
703 448 794 502 καὶ
814 446 903 517 μή.
936 444 1079 502 Ἀλλ’
1113 445 1216 503 οὐκ
1235 452 1449 518 ἔλαθες,
1470 443 1505 520 ἦ
1526 450 1583 505 δ’
1605 448 1683 520 ὅς,
1706 449 1840 506 ἀπο-

173 529 503 598 διδράσκων,
524 525 647 583 ἀλλ’
670 526 1000 598 ἀμφοτέρων
1019 531 1144 598 πέρι
1165 533 1324 585 δίδου
1344 530 1844 601 λόγον.Ὺφεκτέον,

172 604 242 680 ἦν
263 608 313 664 δ’
343 610 467 678 ἐγώ,
492 613 666 679 δίκην.
707 609 939 665 τοσόνδε
957 613 1144 681 μέντοι
1162 612 1389 682 χάρισαί
1413 635 1528 684 μοι·
1585 615 1750 670 ἔασόν
1779 636 1846 685 με

171 690 440 761 ἑορτάσαι,
475 689 659 761 ὥσπερ
690 695 744 746 οἱ
770 691 929 761 ἀργοὶ
956 692 1056 762 τὴν
1087 693 1339 749 διάνοιαν
1371 695 1638 750 εἰώθασιν
1668 697 1845 751 ἑστιᾶ-

170 781 306 828 σθαι
343 770 444 843 ὑφ’
484 774 714 842 ἑαυτῶν,
755 773 892 829 ὅταν
927 774 1089 845 μόνοι
1125 776 1487 844 πορεύωνται.
1528 776 1754 847 καὶγὰρ
1794 780 1848 832 οἰ

169 862 414 911 τοιοῦτοί
428 875 555 924 που,
580 857 709 926 πρὶν
730 859 984 927 ἐξευρεῖν,
1006 862 1128 912 τίνα
1147 850 1356 927 τρόπον
1386 862 1535 912 ἔσται
1552 881 1603 912 τι
1627 852 1706 912 ὧν
1728 861 1844 913 ἐπι-

171 945 438 1008 θυμοῦσι,
458 944 620 992 τοῦτο
642 938 920 1005 παρέντες,
941 940 1033 991 ἵνα
1068 936 1141 1007 μὴ
1173 938 1421 1008 κάμνωσι
1450 938 1844 1009 βουλευόμενοι

171 1023 294 1090 περὶ
314 1026 415 1074 τοῦ
436 1023 682 1074 δυνατοῦ
703 1020 792 1073 καὶ
811 1018 903 1088 μή,
925 1019 1120 1082 θέντες
1140 1016 1211 1083 ὡς
1229 1018 1480 1090 ὑπάρχον
1500 1018 1639 1075 εἶναι
1657 1015 1686 1075 ὃ
1706 1021 1845 1090 βού-

170 1110 377 1170 λονται,
401 1099 505 1171 ἤδη
526 1098 592 1154 τὰ
614 1098 775 1155 λοιπὰ
799 1099 1150 1154 διατάττουσι
1169 1102 1259 1156 καὶ
1284 1108 1536 1170 χαίρουσι
1557 1100 1845 1166 διεξιόντες

169 1181 256 1237 οἷα
277 1182 545 1249 δράσουσι
565 1183 888 1251 γενομένου,
911 1178 1087 1250 ἀργὸν
1107 1183 1196 1236 καὶ
1224 1179 1403 1244 ἄλλως
1422 1180 1607 1251 ψυχὴν
1638 1186 1714 1236 ἔτι
1744 1180 1845 1250 ἀρ·-

171 1265 404 1333 γοτέραν
424 1269 727 1325 ποιοῦντες.
774 1261 875 1331 ἤδη
899 1255 1005 1316 οὖν
1022 1263 1111 1315 καὶ
1131 1260 1296 1326 αὐτὸς
1313 1268 1732 1333 μαλθακίζομαι,
1753 1264 1842 1318 καὶ

171 1348 349 1400 ἐκεῖνα
369 1345 470 1413 μὲν
486 1346 742 1413 ἐπιθυμῶ
764 1341 1143 1414 ἀναβαλέσθαι
1161 1345 1252 1398 καὶ
1281 1342 1515 1412 ὕστερον
1548 1347 1843 1409 ἐπισκέψα-

171 1433 324 1492 σθαι,
346 1417 622 1495 ᾗδυνατά,
646 1430 754 1478 νῦν
775 1424 832 1478 δὲ
852 1423 926 1489 ὥς
946 1428 1202 1479 δυνατῶν
1221 1423 1400 1479 ὄντων
1417 1426 1537 1489 θεὶς
1556 1428 1842 1496 σκέψομαι,

170 1507 240 1562 ἄν
258 1526 350 1576 μοι
371 1511 584 1576 παρίης,
606 1512 721 1569 πῶς
742 1506 1092 1571 διατάξουσιν
1122 1503 1261 1560 αὐτὰ
1284 1509 1338 1560 ὀί
1366 1505 1625 1575 ἄρχοντες
1652 1506 1843 1577 γιγνό-

170 1609 325 1658 μενα,
349 1589 437 1641 καὶ
459 1584 544 1641 ὅτι
564 1585 789 1640 πάντων
809 1584 1192 1657 ξυμφορώτατ’
1227 1582 1300 1641 ἀν
1328 1594 1408 1657 εἴη
1440 1589 1756 1658 πραχθέντα
1777 1595 1845 1659 τῇ

169 1669 327 1724 πόλει
362 1671 453 1724 καὶ
490 1679 603 1731 τοῖς
642 1667 860 1737 φύλαξι.
910 1673 1081 1722 ταῦτα
1115 1666 1448 1738 πειράσομαί
1480 1684 1568 1722 σοι
1605 1669 1843 1739 πρότερα

169 1753 718 1817 συνδιασκοπεῖσθαι,
739 1748 943 1817 ὕστερα
966 1748 1017 1804 δ’
1042 1753 1236 1819 ἐκεῖνα,
1261 1756 1411 1816 εἴπερ
1434 1753 1644 1819 παρίης.
1685 1747 1842 1806 Ἀλλά

170 1838 418 1902 παρίημι,
439 1836 562 1902 ἔφη,
581 1835 674 1886 καὶ
694 1832 904 1886 σκόπει.
946 1829 1111 1901 Οἶμαι
1129 1835 1340 1900 τοίνυν,
1372 1824 1443 1901 ἦν
1463 1828 1516 1884 δ’
1539 1830 1662 1901 ἐγώ,
1692 1840 1842 1902 εἴπερ

171 1918 389 1969 ἔσονται
425 1915 479 1966 οἱ
522 1911 782 1982 ἄρχοντες
818 1911 959 1977 ἄξιοι
996 1911 1201 1966 τούτου
1233 1917 1336 1966 τοῦ
1373 1909 1662 1981 ὀνόματος,
1701 1915 1757 1966 οἵ
1786 1933 1843 1966 τε

168 1995 384 2058 τούτοις
403 1996 684 2062 ἐπίκουροι
703 1993 842 2049 κατὰ
862 1990 1052 2061 ταύτά,
1079 1991 1210 2056 τοὺς
1230 1992 1333 2062 μὲν
1361 1992 1648 2061 ἐθελήσειν
1667 2003 1844 2047 ποιεῖν

168 2074 234 2130 τὰ
258 2074 669 2144 ἐπιταττόμενα,
690 2073 820 2138 τοὺς
853 2075 913 2129 δὲ
943 2073 1233 2140 ἐπιτάξειν,
1263 2070 1331 2126 τὰ
1362 2071 1464 2142 μὲν
1489 2070 1693 2136 αὐτοὺς
1723 2091 1843 2127 πει-

169 2159 447 2226 θομένους
466 2168 577 2219 τοῖς
597 2156 803 2225 νόμοις,
823 2154 890 2209 τά
906 2153 966 2209 δὲ
986 2156 1074 2210 καὶ
1094 2156 1467 2225 μιμουμένους
1487 2152 1591 2208 ὅσα
1612 2150 1684 2207 ἄν
1703 2156 1843 2209 ἐκεί-

168 2260 286 2303 νοις
323 2237 711 2307 έπιτρέψωμεν.
766 2235 948 2306 Εἰκός,
987 2240 1107 2306 ἔφη.
1167 2234 1255 2290 Σὺ
1295 2238 1396 2306 μὲν
1436 2240 1644 2304 τοίνυν,
1682 2228 1752 2305 ἦν
1788 2232 1838 2288 δ’

169 2319 294 2390 ἐγώ,
330 2315 360 2373 ὁ
396 2318 702 2387 νομοθέτης
737 2316 938 2389 αὐτοῖς,
974 2316 1157 2386 ὥσπερ
1194 2316 1323 2381 τοὺς
1352 2316 1559 2387 ἄνδρας
1589 2319 1842 2383 ἐξέλεξας,

170 2401 314 2458 οὕτω
354 2401 445 2455 καὶ
482 2397 578 2463 τὰς
614 2412 880 2468 γυναῖκας
910 2402 1124 2466 ἐκλέξας
1156 2398 1502 2469 παραδώσεις
1534 2395 1666 2454 καθ’
1708 2395 1843 2452 ὅσον

169 2480 291 2539 οἶόν
311 2503 369 2537 τε
386 2482 674 2552 ὁμοφυεῖς·
717 2486 772 2536 οἱ
790 2482 847 2537 δὲ
877 2480 971 2537 ἅτε
1001 2486 1174 2546 οἰκίας
1201 2502 1258 2535 τε
1288 2482 1379 2537 καὶ
1408 2484 1653 2546 ξυσσίτια
1683 2476 1841 2534 κοινοὶ

170 2571 400 2636 ἔχοντες,
422 2568 532 2637 ἰδίᾳ
554 2562 613 2618 δὲ
637 2561 867 2628 οὐδενὸς
887 2562 1056 2620 οὐδὲν
1073 2569 1290 2620 τοιοῦτο
1312 2565 1670 2634 κεκτημένου,
1700 2559 1843 2630 ὁμοῦ

170 2647 236 2717 δὴ
265 2651 500 2715 ἔσονται,
543 2643 688 2718 ὁμοῦ
725 2647 784 2703 δὲ
821 2644 1279 2717 ἀναμεμιγμένων
1315 2646 1404 2700 καὶ
1438 2647 1497 2699 ἐν
1519 2647 1841 2714 γυμνασίοις

166 2730 255 2783 καὶ
294 2731 354 2783 ἐν
390 2736 457 2802 τῇ
485 2729 625 2801 ἄλλῃ
656 2736 835 2802 τροφῇ
862 2727 959 2783 ὑπ’
988 2726 1246 2799 ἀνάγκης,
1274 2725 1438 2797 οἶμαι,
1468 2731 1561 2794 τῆς
1592 2722 1839 2792 ἐμφύτου

169 2810 393 2875 ἄξονται
430 2810 567 2881 πρὸς
603 2811 706 2881 τὴν
743 2810 996 2880 ἀλλήλων
1032 2816 1193 2881 μῖξιν.
1250 2806 1287 2879 η’
1316 2806 1419 2862 οὐκ
1451 2804 1722 2875 ἀναγκαῖά
1753 2820 1837 2859 σοι

1934 588 1962 653 ἱῗ

1944 2127 1962 2473 >.-..»‹.;.;-,.A..-.;u.-.;2
1959 2087 1962 2094 .
1955 2050 1962 2067 n
1953 1997 1962 2026 .„.=
1954 1880 1962 1954 ...συι-
