1962 3236
256 165 362 218 304
816 168 1292 217 ΠΛΑΤῼΝΟΣ

254 303 344 358 καὶ
379 301 622 372 νόσημα;
644 297 846 370 ’Ἐγωγ’
855 342 869 369 ,
910 303 1031 370 ἔφη.
1081 299 1313 355 Οὐκοῦν
1355 301 1491 357 ὅταν
1526 305 1606 378 τῷ
1636 327 1688 359 τι
1722 306 1934 362 voi-vnn

254 384 637 453 προσγένηται,
659 379 911 450 πονηρόν
931 402 989 435 τε
1009 393 1156 437 ποιεῖ
1170 404 1213 437 ω
1236 388 1616 456 προσεγένετο,
1638 388 1728 442 καὶ
1745 396 1933 444 τελευ-

254 470 367 521 τῶν
393 463 529 520 ὅλον
549 465 764 518 διέλυσε
782 463 873 516 καὶ
894 459 1207 529 ἀπώλεσεν;
1246 471 1376 530 Πως
1405 464 1511 535 γὰρ
1543 466 1639 532 οῦ;
1700 467 1774 523 T6
1797 470 1934 540 ξύμ-

255 568 437 617 φυτον
457 545 564 614 ἄρα
585 542 761 599 κακὸν
781 543 1016 599 ἑκάστου
1042 546 1134 600 καὶ
1161 543 1195 616 ἡ
1224 553 1464 617 πονηρία
1493 549 1729 605 ἕκαστον
1757 549 1933 606 ἀπόλ-

188 648 221 687 B
254 635 430 695 λυσιν,
451 622 488 697 ἦ
515 630 565 680 εἰ
580 624 652 696 μὴ
675 630 839 680 τοῦτο
866 622 1074 695 ἀπολεῖ,
1095 623 1200 682 οὐκ
1228 624 1301 683 α“ν
1320 626 1454 684 ἀλλο
1472 651 1535 700 γε
1556 629 1689 686 αὐτὸ
1713 635 1788 686 ἔτι
1810 635 1932 686 δια-

250 714 548 780 φθείρειεν.
588 703 657 761 οὐ
675 706 781 776 γὰρ
801 706 864 760 τό
883 726 946 775 γε
966 703 1186 775 ἀγαθὸν
1205 709 1279 779 μή
1301 713 1432 764 ποτέ
1449 732 1501 764 τι
1519 708 1781 783 ἀπολέσῃ,
1803 709 1933 766 οὐδε

250 793 321 845 αὐ
344 787 405 845 τό
430 788 563 861 μήτε
583 786 759 843 κακὸν
788 788 921 858 μήτε
940 786 1176 858 ἀγαθόν.
1223 795 1354 855 Πως
1374 791 1480 862 γὰρ
1501 791 1599 859 ἄν,
1640 798 1761 863 ἔφη
1806 791 1931 848 Ἐἀν

246 871 354 939 ἀρα
374 893 425 926 τι
453 868 795 942 εὑρίσκωμεν
814 876 927 924 τῶν
951 869 1188 944 ὄντων,
1170 893 1212 925 ω
1234 875 1346 926 ἔστι
1373 875 1475 942 μὲν
1504 874 1699 944 κακόν,
1732 871 1764 930 ὃ
1791 888 1938 931 ποιεῖ

246 950 382 1010 αύτό
417 951 722 1023 μοχθηρόν,
760 955 924 1006 τοῦτο
975 954 1161 1021 μέντοι
1199 948 1298 1021 οὐχ
1336 949 1457 1008 οἷόν
1503 977 1560 1009 τε
1600 954 1732 1011 αὐτὸ
1772 957 1927 1011 λύειν

246 1035 550 1103 ἀπολλύον,
590 1032 691 1087 οὐκ
720 1031 826 1102 ἤδη
856 1033 1140 1103 εἰσόμεθα,
1173 1032 1258 1088 ὅτι
1282 1039 1385 1088 τοῦ
1408 1036 1721 1104 πεφυκότος
1752 1037 1927 1102 οὕτως

248 1115 484 1186 ὄλεθρος
504 1112 607 1171 ούκ
628 1107 727 1185 ἧνς
769 1111 979 1184 Οὕτως,
1001 1118 1124 1184 ἔφη,
1147 1113 1304 1179 εἰκός.
1350 1121 1418 1170 Τί
1433 1110 1568 1183 οὖν,
1607 1110 1677 1187 ἦν
1708 1116 1761 1172 δ’
1795 1119 1901 1188 ἐγώ
1917 1140 1927 1151 ·

247 1203 394 1268 ψυχῇ
422 1190 513 1267 αρ’
535 1193 639 1251 οὐκ
662 1200 810 1251 ἔστιν
829 1193 860 1250 6
879 1207 1026 1250 ποιεῖ
1039 1194 1217 1266 αὐτὴν
1237 1196 1441 1268 κακήν;
1473 1200 1582 1253 Καὶ
1613 1197 1767 1269 μάλ’,
1800 1205 1922 1270 ἔφη,

182 1295 213 1336 C
247 1278 282 1335 ἃ
302 1285 413 1335 νῦν
433 1279 498 1349 δη
521 1281 715 1361 διῇμεν
734 1277 932 1348 πάντα,
965 1275 1147 1331 ἀδικία
1166 1298 1223 1331 τε
1242 1279 1332 1332 καὶ
1352 1275 1620 1334 ἀκολασία
1639 1281 1730 1335 καὶ
1753 1284 1924 1336 δειλία

245 1362 337 1417 καὶ
358 1359 586 1430 ἀμαθία,
615 1352 684 1412 ’H
699 1353 806 1413 οὖν
825 1380 876 1413 τι
894 1358 1109 1413 τούτων
1132 1356 1311 1428 αὐτὴν
1329 1360 1541 1415 διαλύει
1557 1382 1614 1415 τε
1635 1363 1725 1416 καὶ
1746 1361 1923 1418 ἀπόλ-

241 1450 396 1509 λυσι,
443 1441 535 1496 καὶ
569 1441 764 1511 ἐννόει,
794 1438 867 1510 μὴ
897 1442 1325 1511 ἐξαπατηθῶμεν
1355 1444 1637 1511 οἰηθέντες
1667 1441 1767 1497 τὸν
1800 1443 1924 1499 ἅδι-

243 1548 346 1581 κον
382 1522 692 1592 ἄνθρωπον
729 1524 819 1576 καὶ
849 1520 1109 1592 ἀνόητον,
1148 1520 1283 1577 ὅταν
1318 1529 1514 1594 ληφθῇ
1543 1521 1769 1594 ἀδικῶν,
1801 1525 1922 1580 τότε

244 1604 589 1661 ἀπολωλέναι
608 1600 715 1658 ὑπὸ
737 1608 834 1673 τῆς
854 1602 1084 1674 ἀδικίας,
1107 1608 1372 1674 πονηρίας
1392 1603 1563 1674 οὔσης
1583 1610 1758 1675 ψυχῆς
1772 1628 1782 1640 ·
1805 1602 1919 1660 ἀλλ’

244 1682 349 1743 ὦδε
373 1691 543 1741 ποίει·
586 1683 770 1756 ὥσπερ
802 1692 958 1755 σῶμα
992 1683 1024 1756 ἡ
1056 1683 1305 1756 σώματος
1334 1692 1571 1756 πονηρία
1591 1686 1757 1750 νόσος
1776 1680 1917 1741 οὖσα

239 1769 392 1839 τήκει
411 1769 502 1823 καὶ
524 1765 772 1822 διόλλυσι
791 1768 881 1821 καὶ
900 1765 1021 1836 ἄγει
1040 1772 1116 1831 εἰς
1134 1765 1195 1821 τὸ
1218 1765 1354 1836 μηδὲ
1382 1773 1540 1837 σῶμα
1572 1765 1729 1837 εἶναι,
1760 1770 1850 1823 καὶ
1883 1765 1921 1822 ὁὶ

237 1856 346 1905 νῦν
365 1847 430 1920 δὴ
449 1851 708 1919 ἐλέγομεν
725 1845 941 1903 ἅπαντα
962 1845 1070 1903 ὑπὸ
1091 1854 1184 1919 τῆς
1204 1854 1406 1912 οἰκείας
1425 1854 1633 1918 κακίας,
1655 1855 1730 1923 τῷ
1752 1869 1920 1917 προς-

179 1946 215 1989 D
243 1936 531 2002 καθῆσθαι
577 1932 668 1985 καὶ
713 1931 915 1984 ἐνεῖναι
952 1928 1415 2001 διαφθειρούσης,
1454 1934 1529 1994 εἰς
1561 1929 1621 1984 τὸ
1658 1928 1731 1999 μὴ
1780 1928 1919 1985 εἶναι

237 2012 547 2083 ἀφικνεῖται
566 2046 636 2054 —
654 2008 755 2081 οὐχ
781 2010 980 2076 οὕτως;
1016 2016 1143 2066 Ναί.
1183 2011 1298 2068 Ἴθι
1330 2010 1414 2081 δή,
1446 2014 1536 2066 καὶ
1565 2010 1750 2080 ψυχὴν
1777 2033 1914 2065 κατα

238 2091 337 2148 τὸν
364 2090 536 2147 αὐτὸν
555 2091 768 2161 τρόπον
788 2092 997 2161 σκόπει,
1018 2087 1127 2161 ἀρα
1145 2095 1353 2147 ἐνοῦσα
1371 2094 1433 2146 ἐν
1453 2089 1597 2161 αὐτῇ
1621 2088 1805 2146 ἀδικία
1824 2095 1916 2147 καὶ

235 2171 426 2243 ἡᾶλλη
448 2180 610 2227 κακία
641 2178 720 2244 τῷ
748 2174 950 2226 ε’νεῖναι
979 2174 1068 2227 καὶ
1098 2178 1532 2242 προσκαθῆσθαι
1561 2177 1782 2242 φθείρει
1812 2170 1915 2227 αὐ-

238 2252 339 2323 τὴν
360 2253 451 2307 καὶ
469 2257 740 2322 μαραίνει,
763 2253 862 2316 ἕως
890 2248 960 2307 ἀν
990 2257 1065 2318 εἰς
1090 2253 1345 2308 θάνατον
1371 2251 1658 2324 ἀγαγοῦσα
1682 2259 1784 2308 τοῦ
1804 2252 1915 2308 665-

237 2355 404 2406 ματος
439 2338 659 2406 χωρίσῃ.
720 2332 1009 2406 Οὐδαμῶς,
1047 2338 1170 2406 ἔφη,
1210 2335 1376 2390 τοῦτό
1409 2356 1484 2405 γε.
1538 2332 1698 2393 Ἀλλά
1728 2337 1915 2405 μέντοι

236 2415 413 2472 ἐκεῖνό
454 2437 516 2484 γε
552 2414 775 2486 ἄλογον,
802 2410 875 2487 ἦν
913 2414 963 2471 δ’
1004 2415 1127 2488 ἐγώ,
1161 2416 1261 2488 τὴν
1293 2416 1396 2487 μὲν
1430 2415 1603 2472 ἄλλου
1639 2422 1912 2488 πονηρίαν

235 2497 542 2553 ἀπολλύναι
562 2518 630 2568 τι,
651 2495 755 2568 τὴν
778 2500 836 2553 δὲ
856 2495 1031 2554 αὑτοῦ
1048 2500 1137 2570 μή.
1170 2498 1424 2570 ’Ἀλογον.
1459 2496 1666 2554 Ἐννόει
1684 2499 1810 2568 γάρ,
1840 2491 1912 2568 ἦν

176 2598 211 2640 Ε
242 2576 293 2634 δ’
328 2578 451 2651 ἐγώ,
479 2573 523 2635 ὦ
557 2579 847 2652 Γλαύκων,
878 2579 964 2636 ὅτι
990 2578 1115 2636 οὐδ’
1146 2579 1254 2637 ὑπὸ
1278 2588 1371 2652 τῆς
1398 2587 1510 2636 τῶν
1529 2585 1717 2636 σιτίων
1735 2598 1908 2649 πονη-

236 2666 373 2733 ρίας,
394 2659 428 2732 ἣ
447 2657 520 2717 ἀν
540 2655 579 2734 ᾗ
597 2659 783 2719 αὐτῶν
804 2665 1048 2734 ἐκείνων,
1071 2671 1178 2720 εἴτε
1196 2663 1494 2735 παλαιότης
1513 2671 1619 2719 εἴτε
1631 2660 1908 2731 σαπρότης

234 2749 339 2796 εἴτε
357 2740 588 2811 ἡτισοῦν
616 2736 774 2814 οὖσα,
806 2741 909 2800 ούκ
938 2744 1171 2816 οἰόμεθα
1201 2749 1317 2801 δεῖν
1345 2751 1502 2814 σῶμα
1530 2742 1907 2798 ἀπόλλυσθαι·

235 2817 356 2876 ἀλλ’
378 2822 477 2877 ἐὰν
496 2823 598 2893 μὲν
618 2827 813 2897 ἐμποιῇ
832 2823 866 2896 ἡ
887 2823 1074 2883 αὐτῶν
1102 2831 1340 2898 πονηρία
1358 2833 1472 2881 τῶν
1492 2830 1679 2880 σιτίων
1698 2829 1774 2896 τῷ
1796 2821 1910 2877 σω’-
1956 2822 1958 2824 ’
