1962 3236
0 0 282 91 §lif'ssss-ssffr
319 0 419 20 ‘vo-2
459 0 579 38 ’.ς-..ε
689 0 705 28 :
748 0 928 10 q
1069 0 1081 21 γ
1126 0 1169 38 ..ν

85 49 95 59 s
198 44 221 46 ''
559 41 570 49 '

0 81 35 108 ·.-.
575 89 577 91 Ι
727 64 731 67 ’
764 79 783 94 .

130 132 192 177 ‚5
807 99 818 106 “
838 109 1215 162 ΤΙΜΑΙΟΣ.
1708 98 1814 152 343

135 255 203 328 δὴ
232 256 322 312 καὶ
348 252 563 310 τούτων
595 251 758 306 ἕνεκα
788 244 1063 317 ἐγεννήθη
1092 246 1207 297 τῶν
1228 240 1448 309 ἄστρων
1474 237 1578 294 ὅσα
1615 233 1686 292 δι’
1720 234 1820 292 οὐ-

4 337 27 400 3
136 342 319 409 ρανοῦ
338 331 687 405 πορευόμενα
720 334 839 399 ἔσχε
862 326 1087 397 τροπάς,
1119 326 1213 380 ἵνα
1237 320 1354 379 τόδ’
1390 318 1466 386 ὦς
1491 316 1822 390 ὁμοιότατον

0 411 28 579 ἰ
137 413 175 491 ᾗ
191 424 270 487 τῷ
286 418 452 488 τελέῳ
471 417 559 470 καὶ
583 417 764 485 νοητῷ
784 409 901 482 ζώῳ
922 406 1061 478 πρὸς
1085 405 1191 477 τὴν
1218 410 1315 475 τῆς
1344 406 1625 465 διαιωνίας
1653 404 1820 471 μίμη-
1842 410 1875 450 Ε

139 518 233 554 σιν
252 497 488 569 φύσεως.

0 582 20 663 f
283 581 390 634 XII.
429 577 538 632 Καὶ
576 573 642 629 τὰ
680 572 781 643 μὲν
817 570 956 626 ἄλλα
991 569 1096 641 ἤδη
1135 572 1287 640 μέχρι
1325 565 1533 638 χρόνου
1558 566 1826 636 γενέσεως

0 663 11 684 ‘
139 659 475 730 ἀπείργαστο
495 660 571 720 εἰς
597 652 889 725 ὁμοιότητα
922 643 1071 725 ᾦπερ
1099 646 1436 717 ἄπεικοὶζετο,
1467 651 1543 720 τῷ
1575 646 1633 702 δὲ
1663 643 1826 719 μήπω

144 741 210 798 τὰ
246 740 427 797 πάντα
463 742 574 804 ζῶα
609 734 766 800 ε’ντὸς
807 732 984 789 αὑτοῦ
1021 732 1358 802 γεγενημένα
1397 732 1826 802 περιειληφέναι,

139 823 311 894 ταύτῃ
330 826 406 876 ἔτι
426 818 569 890 εἶχεν
587 815 877 888 ἀνομοίως.
913 818 1079 870 τοῦτο
1102 811 1167 885 δὴ
1190 809 1250 869 τὸ
1275 813 1611 869 κατάλοιπον
1631 808 1828 881 ἀπειρ-

142 903 330 974 γάζετο
351 900 528 957 αὐτοῦ
547 897 687 969 πρὸς
705 896 809 969 τὴν
834 904 937 952 τοῦ
966 900 1404 967 παραδείγματος
1432 893 1826 964 ἀποτυπούμε-

143 1006 240 1050 νος
259 986 447 1055 φύσιν.
485 976 626 1054 ᾗπερ
647 975 755 1036 οὖν
774 986 908 1045 νοῦς
927 979 1162 1043 ἐνούσας
1191 980 1337 1043 ἰδέας
1363 983 1442 1048 τῷ
1468 973 1498 1032 ὃ
1527 979 1638 1031 ἔστι
1669 979 1828 1044 ζῶον,

144 1061 259 1120 οἶαί
273 1086 330 1119 τε
350 1070 516 1120 ἔνεισι
535 1066 626 1118 καὶ
645 1061 788 1130 ὅσαι,
801 1066 1040 1131 καθορᾷ,
1054 1059 1309 1123 τοιαύτας
1327 1060 1418 1115 καὶ
1435 1057 1706 1121 τοσαύτας
1727 1059 1829 1111 διε·
1887 1085 1890 1088 ·

147 1146 330 1216 νοήθη
351 1149 467 1200 δεῖν
486 1145 576 1199 καὶ
600 1143 726 1197 τόδε
748 1153 913 1212 σχεῖν.
952 1143 1052 1196 εἰσὶ
1084 1141 1148 1210 δὴ
1181 1142 1445 1209 τέτταρες,
1476 1143 1572 1210 μία
1601 1140 1702 1211 μὲν
1732 1134 1826 1193 οὐ·

146 1227 345 1297 ράνιον
363 1231 518 1281 θεῶν
534 1227 710 1295 γένος,
732 1222 870 1292 ἄλλη
893 1222 950 1277 δὲ
982 1220 1194 1292 πτηνὸν
1216 1221 1307 1276 καὶ
1328 1218 1656 1291 οΞεροπόρον,
1678 1224 1829 1288 τρίτη
1861 1232 1920 1277 40

146 1307 207 1363 δὲ
240 1310 478 1375 ἔνυδρον
516 1304 675 1375 εἶδος,
712 1302 875 1369 πεζὸν
907 1303 965 1359 δὲ
1001 1305 1093 1357 καὶ
1128 1312 1384 1372 χερσαῖον
1415 1302 1692 1371 τέταρτον.
1732 1305 1833 1355 τοῦ

143 1391 245 1460 μὲν
265 1384 371 1444 οὖν
389 1394 552 1444 θείου
569 1385 672 1458 τὴν
702 1391 961 1457 πλείστην
990 1386 1144 1440 ἰδέαν
1174 1387 1232 1439 ἐκ
1257 1380 1434 1454 πυρὸς
1461 1379 1832 1452 ἀπειργάζετο,

148 1472 299 1536 ὅπως
318 1470 351 1527 ὅ
369 1494 420 1526 τι
438 1468 825 1541 λαμπρότατον
844 1472 983 1524 ἰδεῖν
995 1488 1052 1523 τε
1069 1465 1365 1523 κάλλιστον
1379 1472 1479 1535 εἴη,
1494 1470 1573 1538 τῷ
1592 1464 1649 1521 δὲ
1669 1466 1834 1520 παντὶ

148 1553 526 1623 προσεικάζων
555 1550 830 1607 εὔκυκλον
858 1553 1045 1620 ἐποίει,
1071 1554 1260 1619 τίθησί
1283 1569 1340 1602 τε
1362 1551 1436 1610 εἰς
1459 1544 1560 1618 τὴν
1575 1552 1678 1601 τοῦ
1695 1567 1834 1616 κραυ

146 1642 335 1691 τίστου
358 1633 633 1704 φρόνησιν
653 1634 843 1706 ἐκείνῳ
864 1632 1070 1697 ξυνεπό
1072 1652 1261 1701 μενον,
1292 1634 1480 1699 νείμας
1501 1629 1622 1697 περὶ
1652 1626 1834 1684 πάντα

151 1719 340 1791 κύκλῳ
359 1715 460 1772 τὸν
478 1712 743 1785 οὐρανόν,
764 1716 976 1784 κόσμον
995 1710 1271 1783 ἀληθινὸν
1301 1709 1451 1784 αὐτῷ
1480 1713 1836 1780 πεποικιλμέ-

153 1821 257 1854 νον
278 1798 414 1854 εἶναι
434 1794 566 1853 καθ’
591 1795 738 1853 ὅλον.
787 1795 1030 1866 κινήσεις
1061 1794 1118 1851 δὲ
1150 1794 1253 1848 δύο
1282 1797 1569 1863 προσῆψεν
1601 1791 1832 1866 ἑκάστῳ,

150 1880 254 1951 τὴν
273 1880 376 1950 μὲν
396 1883 456 1935 ἐν
475 1877 659 1950 ταύτῷ
677 1878 813 1934 κατὰ
835 1876 1006 1933 ταύτὰ
1029 1878 1150 1947 περὶ
1171 1880 1285 1931 τῶν
1303 1871 1489 1930 αὐτῶν
1507 1871 1590 1929 ἀεὶ
1609 1870 1674 1929 τὰ
1695 1870 1836 1927 αὐτὰ
1915 1885 1920 1893 ’

154 1965 330 2035 ἑαυτῷ
351 1963 748 2033 διανοουμένῳ,
769 1958 871 2030 τὴν
898 1961 955 2015 δὲ
977 1964 1052 2025 εἰς
1079 1958 1140 2015 τὸ
1171 1956 1426 2030 πρόσθεν
1456 1955 1566 2012 ὑπὸ
1587 1962 1683 2026 τῆς
1702 1951 1838 2010 ταύ-
1870 1969 1903 2009 Β

151 2050 254 2099 τοῦ
273 2044 361 2099 καὶ
383 2041 578 2113 ὁμοίου
600 2047 906 2112 περιφορᾶς
934 2043 1317 2113 κρατουμένῳ·
1355 2036 1451 2106 τὰς
1481 2035 1538 2096 δὲ
1559 2037 1722 2096 πέντε
1750 2059 1835 2092 κι-

149 2125 335 2196 νήσεις
365 2123 628 2195 ἀκίνητον
657 2125 747 2179 καὶ
778 2123 948 2194 ἑστός,
978 2122 1051 2178 ἵν’
1082 2121 1114 2178 ὅ
1143 2145 1194 2178 τι
1220 2122 1456 2193 μάλιστα
1490 2119 1679 2178 αὐτῶν
1708 2123 1839 2177 ἕκα-

152 2225 285 2262 στον
304 2207 519 2275 γένοιτο
538 2203 613 2270 ὡς
634 2203 876 2276 ἄριστον.
918 2207 971 2271 ἐξ
989 2197 1055 2276 ἦς
1075 2205 1140 2275 δὴ
1171 2209 1266 2276 τῆς
1286 2209 1459 2269 αἰτίας
1486 2205 1718 2275 γέγονεν
1748 2200 1834 2259 ὅσ’

155 2285 375 2357 ἀπλανῆ
410 2293 522 2342 τῶν
561 2285 779 2357 ἄστρων
809 2291 916 2353 ζῶα
949 2293 1077 2341 θεῖα
1098 2283 1233 2341 ὄντα
1269 2287 1359 2341 καὶ
1397 2284 1544 2341 ἀΐδια
1574 2287 1664 2341 καὶ
1702 2285 1838 2341 κατὰ

153 2366 322 2424 ταύτὰ
345 2372 406 2423 ἐν
433 2367 613 2441 ταύτῷ
642 2369 991 2438 στρεφόμενα
1023 2366 1107 2424 ἀεὶ
1137 2371 1313 2438 μένει·
1353 2365 1420 2422 τὰ
1444 2370 1502 2424 δὲ
1532 2359 1841 2439 τρεπόμενα

156 2451 246 2505 καὶ
268 2449 487 2518 πλάνην
504 2448 764 2518 τοιαύτην
795 2457 1035 2519 ἴσχοντα,
1067 2450 1324 2518 καθάπερ
1355 2451 1416 2504 ἐν
1445 2460 1557 2516 τοῖς
1586 2449 1843 2520 πρόσθεν

157 2533 387 2602 ἐρρήθη,
421 2527 540 2584 κατ’
575 2532 756 2584 ἐκεῖνα
786 2534 994 2600 γέγονε.
1046 2536 1153 2601 γῆν
1188 2529 1245 2586 δὲ
1274 2529 1490 2600 τροφὸν
1518 2529 1620 2601 μὲν
1647 2528 1842 2602 ἡμετέ-

161 2636 284 2680 ραν,
306 2612 629 2682 είλλομένην
651 2611 710 2667 δὲ
731 2614 854 2680 περὶ
873 2609 972 2668 τὸν
991 2609 1081 2667 διὰ
1102 2611 1310 2676 παντὸς
1328 2611 1508 2667 πόλον
1525 2615 1839 2683 τεταμένον,

153 2695 378 2765 φύλακα
407 2696 494 2748 καὶ
523 2693 864 2765 δημιουργὸν
891 2692 1093 2759 νυκτός
1119 2715 1175 2749 τε
1212 2695 1301 2749 καὶ
1334 2691 1538 2765 ἡμέρας
1567 2693 1843 2766 ἐμηχανή-
1876 2713 1908 2755 0

154 2793 307 2846 σατο,
334 2774 559 2844 πρώτην
578 2778 665 2830 καὶ
688 2775 1074 2846 πρεσβυτάτην
1093 2779 1246 2830 θεῶν
1268 2773 1388 2831 ὅσοι
1414 2774 1568 2840 ἐντὸς
1597 2772 1844 2845 ούρανοῦ
