1962 3236
227 173 296 223 82
846 173 1316 222 ΠΛΑΤΩΝΟΣ

223 311 452 361 ναντίον
469 304 619 379 ἄλλῳ
641 308 882 379 δεομένῳ
901 302 937 376 ἦ
959 308 1271 362 διδάσκοντι
1299 302 1337 376 ἢ
1361 313 1749 376 μεταπείθοντι
1774 312 1904 367 ἑαυ-

224 387 325 443 τὸν
344 390 635 457 ἐπέχοντα,
672 390 764 442 καὶ
805 391 863 442 ἐκ
897 386 1112 442 τούτων
1147 387 1427 456 πράξαντα
1446 388 1584 444 κατὰ
1607 396 1776 461 νοῦν,
1815 394 1906 448 καὶ

224 468 298 541 μὴ
319 467 693 540 ὑπερηφάνως
717 472 934 538 ἔχοντα,
970 466 1107 523 ἀλλὰ
1138 469 1444 540 σωφρόνως
1471 491 1529 524 τε
1557 473 1651 526 καὶ
1677 477 1906 542 μετρίως

163 564 194 606 C
225 554 287 606 ἐν
305 558 439 606 πᾶσι
459 552 673 614 τούτοις
706 548 1018 619 πράττοντά
1052 571 1110 604 τε
1130 552 1221 604 καὶ
1256 549 1320 604 τὰ
1363 548 1739 621 ἀποβαίνοντα
1766 550 1903 621 ἄγα-

223 640 427 688 πώντα.
503 631 704 696 ταύτας
738 630 839 686 δύο
872 629 1165 701 ἁρμονίας,
1202 636 1412 701 βίαιον,
1450 631 1733 702 ἑκούσιον,
1774 637 1905 697 δυς-

223 714 570 783 τυχούντων,
599 710 1010 782 εὐτυχούντων,
1044 712 1383 783 σωφρόνων,
1415 709 1688 783 ἀνδρείων
1710 710 1904 783 [ἁρμο-

221 799 361 863 νίας]
404 797 603 858 αἳτινες
643 791 935 864 φθόγγους
979 792 1310 863 μιμήσονται
1360 793 1650 864 κάλλιστα,
1700 794 1903 858 ταύτας

219 882 383 930 λεῖπε.
454 872 618 943 Ἀλλ’,
637 870 675 944 ἦ
700 872 754 928 δ’
773 873 853 943 ὅς,
883 872 986 929 οὐκ
1006 871 1175 938 ἄλλας
1204 879 1366 938 αἰτεῖς
1390 879 1612 945 λείπειν,
1639 872 1676 945 ἢ
1702 873 1766 940 ἂς
1794 880 1904 928 νῦν

221 955 287 1026 δὴ
328 953 433 1026 ἐγώ
475 960 680 1025 ἔλεγον.
758 954 879 1010 Ούκ
909 955 1043 1025 ἄρα,
1087 948 1159 1024 ἦν
1191 952 1405 1023 δ’ἐγτό,
1444 958 1807 1026 πολυχορδίας
1841 976 1903 1023 γε

222 1035 354 1092 οὐδὲ
373 1041 759 1108 παναρμονίου
780 1034 914 1106 ἡμῖν
934 1035 1117 1106 δεήσει
1147 1038 1205 1089 ἐν
1224 1045 1340 1099 ταῖς
1360 1031 1524 1108 ᾠδαῖς
1542 1056 1600 1090 τε
1618 1037 1712 1096 καὶ
1742 1038 1902 1106 μέλε-

221 1134 327 1174 σιν.
405 1116 493 1173 Οὔ
511 1139 631 1188 μοι,
653 1121 758 1188 ἔφη
772 1160 788 1188 ,
811 1116 1078 1187 φαίνεται.
1149 1116 1448 1188 Τριγῶνων
1472 1115 1581 1184 ἄρα
1599 1118 1690 1171 καὶ
1708 1121 1901 1188 πηκτί-

150 1207 185 1249 D
222 1204 336 1255 δων
369 1201 461 1254 καὶ
489 1198 716 1253 πάντων
747 1196 1024 1268 ὁργάνων,
1056 1196 1160 1252 ὅσα
1190 1196 1506 1268 πολύχορδα
1535 1199 1626 1252 καὶ
1655 1203 1902 1269 πολυαρ-

220 1283 416 1353 μόνια,
438 1277 814 1352 δημιουργούς
841 1278 909 1335 οὐ
929 1282 1228 1351 θρέψομεν.
1309 1275 1394 1333 Ού
1422 1278 1753 1348 φαινόμεθα.
1837 1283 1906 1333 Τί

221 1367 285 1418 δέ
292 1388 307 1430 ;
343 1359 679 1426 αὐλοποιοὺς
698 1357 733 1432 ἢ
754 1358 997 1431 αὐλητὰς
1015 1360 1302 1430 παραδέξει
1327 1363 1402 1423 εἰς
1419 1359 1522 1430 τὴν
1550 1360 1738 1424 πόλιν;
1774 1355 1812 1431 ἢ
1832 1359 1898 1414 οὐ

219 1450 383 1500 τοῦτο
405 1442 914 1514 πολυχορδότατον,
953 1443 1042 1496 καὶ
1072 1437 1212 1494 αὐτὰ
1243 1438 1307 1494 τά
1332 1439 1685 1511 παναρμόνια
1722 1438 1899 1496 αὐλοῦ

220 1523 478 1596 τυγχάνει
497 1523 630 1580 ὅντα
650 1528 890 1595 μίμημα;
929 1528 1089 1593 Δῆλα
1110 1514 1261 1592 δή,
1224 1544 1258 1592 η
1279 1520 1333 1576 δ’
1355 1519 1430 1585 ὅς
1503 1524 1664 1594 Λύρα
1693 1521 1761 1593 δή
1792 1538 1895 1591 σοι,

217 1603 289 1679 ἦν
307 1606 360 1663 δ’
383 1606 492 1677 ε’γω’
507 1649 521 1675 ,
542 1608 634 1662 καὶ
653 1603 859 1673 κιθαρα
889 1608 1127 1659 λείπεται
1157 1605 1247 1658 καὶ
1278 1625 1414 1657 κατα
1444 1602 1609 1658 πόλιν
1635 1603 1897 1674 χρήσιμα·

219 1689 310 1744 καὶ
330 1691 401 1743 αὐ
423 1685 541 1744 κατ’
568 1684 774 1758 ἀγροὺς
808 1696 921 1749 τοῖς
956 1691 1186 1754 νομεῦσι
1214 1685 1407 1754 σύριγξ
1445 1684 1516 1740 ἄν
1542 1706 1622 1749 τις
1642 1693 1738 1756 εἴη.
1807 1682 1901 1750 Ὡς

155 1783 187 1826 Ε
219 1775 388 1840 γοῦν,
410 1773 514 1838 ἔφη
528 1810 542 1837 ,
564 1765 592 1823 ὁ
613 1768 775 1836 λόγος
793 1763 922 1837 ἡμῖν
941 1770 1207 1836 σημαίνει.
1286 1764 1470 1821 Οὐδέν
1489 1788 1550 1836 γε
1564 1808 1577 1834 ,
1597 1760 1671 1837 ἦν
1691 1763 1746 1821 δ’
1767 1766 1897 1836 ἐγώ,

220 1849 417 1906 καινὸν
437 1855 732 1919 ποιοῦμεν,
765 1871 807 1903 ω
827 1853 980 1918 φίλε,
1010 1853 1291 1917 κρίνοντες
1323 1849 1420 1902 τὸν
1434 1844 1681 1903 ’Λπόλλω
1708 1850 1799 1903 καὶ
1829 1845 1895 1902 τὰ

218 1938 319 1988 τοῦ
334 1929 676 1995 ’Λπόλλωνος
698 1928 908 2001 ὅργανα
929 1929 1035 1998 πρὸ
1056 1929 1341 2001 Μαρσύου
1360 1951 1418 1984 τε
1443 1932 1533 1984 καὶ
1555 1935 1664 1984 τῶν
1683 1933 1898 1985 ἐκείνου

220 2012 493 2112 ὄργανων.
567 2010 669 2067 Mol
699 2008 812 2079 Δί’,
835 2014 868 2081 ἡ
893 2010 943 2065 δ’
966 2032 1026 2074 ος
1039 2053 1054 2079 ,
1076 2011 1145 2065 οὔ
1162 2032 1255 2080 μοι
1281 2009 1614 2079 φαινόμεθα.
1687 2011 1795 2063 Καὶ
1824 2007 1891 2079 νή

218 2096 317 2151 τὸν
341 2095 513 2165 κύνα,
536 2092 719 2163 εἷπον,
741 2091 1054 2162 λελήθαμέν
1074 2112 1136 2160 γε
1156 2094 1610 2159 διακαθαίροντες
1641 2088 1848 2145 παλιν
1826 2112 1895 2161 ην

220 2176 343 2247 ἄρτι
361 2181 585 2248 τρυφᾷν
610 2179 820 2245 ἔφαμεν
842 2172 1021 2227 πόλιν.
1096 2173 1538 2242 Σωφρονοῦντές
1555 2191 1617 2239 γε
1649 2167 1829 2241 ἡμεῖς,
1859 2177 1894 2242 ἦ

221 2256 272 2312 δ’
314 2256 388 2321 ὅς.

359 2344 441 2393 XI.
468 2338 577 2395 Ἴθι
608 2336 694 2407 δή,
732 2340 899 2407 ἔφην,
937 2337 1027 2390 καὶ
1055 2335 1118 2389 τὰ
1147 2331 1311 2390 λοιπὰ
1332 2338 1710 2404 καθαίρωμεν.
1764 2334 1895 2389 ἑπό-

219 2444 390 2494 μενον
425 2419 532 2492 γὰρ
570 2417 637 2489 δὴ
668 2430 784 2483 ταῖς
813 2416 1098 2489 ἁρμονίαις
1125 2413 1195 2472 ἂν
1225 2413 1356 2486 ἡμῖν
1385 2424 1468 2486 εἴη
1497 2413 1558 2471 τό
1600 2418 1722 2484 περὶ
1748 2419 1894 2488 ῥυθ-

219 2503 357 2575 μούς
371 2545 386 2574 ,
415 2501 487 2574 μὴ
509 2505 791 2564 ποικίλους
811 2498 1014 2564 αὐτοὺς
1034 2498 1253 2554 διώκειν
1273 2496 1408 2567 μηδὲ
1428 2495 1780 2561 παντοδαπὰς
1799 2496 1892 2568 βά-

222 2602 358 2655 σεις,
399 2582 536 2639 ἀλλὰ
570 2588 696 2653 βίου
730 2579 984 2653 ῥυθμοὺς
1014 2584 1151 2636 ἰδεῖν
1171 2581 1405 2649 κοσμίου
1436 2599 1493 2632 τε
1512 2579 1602 2632 καὶ
1631 2575 1891 2647 ἀνδρείου

104 2683 191 2730 400
220 2669 362 2728 τίνες
382 2668 518 2720 εἰσίν
532 2685 542 2694 ·
578 2659 675 2726 οὓς
695 2661 883 2718 ἰδόντα
903 2659 1000 2716 τὸν
1017 2661 1161 2716 πόδα
1181 2665 1255 2733 τῷ
1275 2658 1531 2714 τοιούτου
1556 2657 1701 2728 λόγῳ
1723 2655 1867 2725 ἀναγ

221 2745 405 2810 κάζειν
425 2745 659 2799 ἕπεσθαι
694 2746 781 2799 καὶ
822 2742 882 2799 τὸ
904 2745 1091 2814 μέλος,
1130 2740 1266 2797 ἄλλα
1292 2739 1364 2812 μὴ
1387 2739 1558 2808 λόγον
1577 2740 1710 2792 ποδί
1723 2758 1779 2791 τε
1800 2740 1890 2792 καὶ

221 2828 382 2894 με’λει.
441 2827 634 2888 οἵτινες
674 2822 725 2878 δ’
758 2821 828 2880 ἂν
867 2823 975 2879 εἷεν
1013 2817 1167 2878 οὗτοι
1199 2825 1253 2876 oc
1289 2824 1520 2890 ῥυθμοί,
1563 2814 1665 2871 σὸν
1707 2822 1888 2888 ἔργον,
