1962 3236
637 182 1123 231 ΠΟΛΙΤΕΙΑΣ
1149 172 1208 228 δ’.
1643 179 1746 231 115

63 340 168 386 τες,
190 317 341 382 ὅπως
360 319 567 383 δέξεται
588 314 620 371 ὅ
638 338 690 370 τι
709 314 942 386 μάλιστα
962 313 1024 369 τὸ
1053 313 1247 381 ἄνθος,
1267 315 1358 368 καὶ
1381 313 1529 368 οὕτω
1552 312 1619 385 δή
1640 315 1746 385 βεί-

65 416 263 454 πτουσι
278 420 291 431 ·
330 400 420 454 καὶ
450 395 484 452 δ
501 396 603 467 μὲν
620 392 692 450 ἂν
712 393 889 468 τούτῳ
909 401 985 469 τῷ
1006 393 1192 468 τρόπῳ
1217 399 1389 466 βαφῇ,
1412 392 1745 450 δευσοποιὸν
1770 416 1804 456 Ε

64 486 306 551 γίγνεται
327 482 386 534 τὸ
408 480 604 550 βαφέν,
627 477 717 531 καὶ
740 473 770 546 ἡ
792 475 992 540 πλύσις
1011 475 1122 531 οὔτ’
1144 474 1283 531 ἄνευ
1302 476 1604 547 ῥυμμάτων
1616 473 1744 554 οὔτε

0 575 1 594 ἢ
64 562 198 632 μετὰ
219 560 519 632 ῥυμμάτων
540 557 771 613 δύναται
803 556 990 612 αὐτῶν
1019 556 1080 613 τὸ
1103 556 1279 622 ἄνθος
1298 555 1660 630 ἀφαιρεῖσθαι
1674 581 1684 591 ·
1709 556 1746 612 ὁὶ

0 679 1 702 3
68 641 118 698 δ’
142 640 215 698 ἇν
233 642 325 714 μή,
346 641 513 698 οἶσθα
534 635 621 694 οἷα
642 637 707 710 δὴ
729 643 990 709 γίγνεται,
1007 639 1104 695 ἐάν
1123 643 1184 694 τέ
1205 662 1285 704 τις
1314 640 1454 696 ἄλλα
1484 640 1743 713 χρώματα

0 734 1 743 ’
65 723 248 795 βάπτῃ
270 723 368 779 ἐάν
395 743 452 777 τε
481 722 571 777 καὶ
601 727 774 775 ταῦτα
804 717 877 791 μὴ
908 721 1387 791 προθεραπεύσας.
1440 721 1596 791 Οἶδα,
1618 724 1741 792 ἔφη,

0 791 2 842 7
66 804 151 859 ὅτι
171 809 411 860 ἔκπλυτα
430 805 521 859 καὶ
540 809 742 873 γελοῖα.
770 807 1037 857 Τοιοῦτον
1055 807 1264 872 τοίνυν,
1285 797 1356 871 ἦν
1377 801 1431 858 δ’
1453 804 1579 873 ἐγώ,
1600 801 1747 858 ὑπό-

64 891 198 956 λαβε
218 883 356 940 κατὰ
376 885 616 955 δύναμιν
635 883 962 954 ἐργάζεσθαι
981 885 1072 939 καὶ
1089 880 1248 954 ἡμᾶς,
1270 881 1362 938 ὅτε
1382 884 1746 955 ἐξελεγόμεθα

0 969 2 1029 ἔ
63 965 195 1031 τούς
233 966 566 1037 στρατιώτας
604 967 694 1020 καὶ
733 964 1094 1035 ἐπαιδεύομεν
1125 971 1365 1038 μουσικῇ
1399 966 1492 1020 καὶ
1526 987 1746 1036 γυμνα-
1773 982 1859 1027 430

0 1042 1 1048 ἵ
67 1054 248 1119 στικῇ’
282 1048 455 1118 μηδὲν
485 1055 608 1103 οίου
639 1046 774 1102 ἄλλο
794 1053 1168 1117 μηχανᾶσθαι,
1201 1042 1238 1116 ἢ
1264 1043 1413 1111 ὅπως
1447 1044 1580 1119 ἡμῖν
1617 1045 1651 1103 ὅ
1693 1069 1744 1104 τι

0 1186 1 1192 ,
70 1129 331 1184 κάλλιστα
354 1127 484 1193 τούς
503 1127 712 1199 νόμους
731 1132 1050 1193 πεισθέντες
1069 1130 1310 1194 δέξοιντο
1332 1125 1517 1198 ὥσπερ
1535 1130 1744 1201 βαφήν,

0 1279 1 1282 ¹
63 1214 157 1266 ἵνα
177 1207 502 1274 δευσοποιὸς
519 1207 758 1280 αύτῶνὴ
781 1209 911 1276 δόξα
929 1215 1171 1280 γίγνοιτο
1190 1212 1280 1265 καὶ
1300 1211 1423 1280 περὶ
1437 1214 1637 1267 δεινῶν
1654 1214 1746 1268 καὶ

67 1293 319 1362 περὶτῶν
339 1290 542 1359 ἄλλων,
563 1288 655 1346 διὰ
671 1289 732 1346 τὸ
754 1289 855 1362 τήν
874 1313 930 1346 τε
950 1290 1122 1361 φύσιν
1141 1293 1232 1346 καὶ
1259 1288 1361 1362 τὴν
1387 1291 1606 1362 τροφὴν
1624 1295 1746 1348 ἐπι-

66 1375 287 1443 τηδείαν
306 1375 607 1445 ἐσχηκέναι,
628 1374 718 1428 καὶ
743 1372 817 1444 μὴ
848 1370 1034 1428 αὐτῶν
1058 1371 1327 1431 ἐκπλύναι
1344 1370 1448 1443 τὴν
1465 1371 1658 1444 βαφὴν
1675 1374 1742 1429 τὰ

67 1453 324 1523 ῥύμματα
344 1458 535 1520 ταῦτα,
556 1451 710 1509 δεινὰ
732 1453 869 1509 ὄντα
900 1452 1198 1523 ἐκκλύζειν,
1227 1452 1265 1524 ἥ
1290 1475 1348 1508 τε
1379 1450 1571 1525 ἡδονή,
1597 1474 1743 1511 παν-

0 1539 1 1549 ’
66 1532 158 1598 τὸς
181 1541 539 1603 χαλεστραίου
563 1536 841 1605 δεινοτέρα
874 1529 1017 1590 οὖσα
1045 1541 1209 1590 τοῦτο
1241 1538 1385 1608 δρᾷν
1415 1537 1507 1591 καὶ
1531 1541 1739 1607 κονίας,
1775 1554 1805 1594 Β

0 1655 1 1659 ,
67 1615 213 1686 λύπη
231 1638 286 1671 τε
307 1618 398 1671 καὶ
416 1615 591 1688 φόβος
608 1618 697 1672 καὶ
717 1619 1000 1689 ἐπιθυμία,
1020 1615 1225 1682 παντὸς
1243 1615 1419 1673 ἄλλου
1438 1617 1736 1689 ῥύμματος.

0 1695 1 1766 ]
70 1695 171 1767 τὴν
192 1694 259 1768 δὴ
279 1695 540 1768 τοιαύτην
561 1697 799 1768 δύναμιν
815 1700 906 1753 καὶ
927 1703 1205 1769 σωτηρίαν
1225 1697 1317 1753 διὰ
1347 1698 1553 1764 παντὸς
1583 1700 1744 1771 δόξης

0 1805 1 1815 ’
69 1777 246 1849 ὀρθῆς
264 1800 321 1834 τε
346 1782 436 1835 καὶ
456 1786 694 1850 νομίμου
714 1783 914 1836 δεινῶν
941 1782 1065 1851 πέρι
1083 1779 1265 1852 καὶμὴ
1285 1778 1550 1850 ἀνδρείαν
1568 1785 1740 1852 ἔγωγε

68 1866 216 1915 καλώ
237 1864 326 1916 καὶ
344 1866 581 1932 τίθεμαι,
602 1865 653 1916 εἰ
666 1861 741 1932 μή
763 1884 814 1916 τι
844 1863 914 1916 σύ
936 1861 1070 1917 αλλο
1091 1865 1276 1932 λέγεις.
1324 1859 1467 1917 Ἀλλ’
1502 1856 1743 1934 ούδέῆν,

69 1940 122 1997 δ’
158 1941 236 2012 ὃς,
269 1946 421 2013 λέγω.
463 1947 642 2008 δοκεῖς
676 1943 782 2014 γάρ
811 1967 901 2015 μοι
936 1944 1038 2016 τήν
1070 1943 1255 2015 ὀρθὴν
1285 1944 1455 2010 δόξαν
1483 1946 1743 2016 περὶτῶν

69 2020 256 2079 αὐτῶν
274 2022 488 2080 τούτων
508 2023 646 2080 α’νευ
666 2029 913 2090 παιδείας
931 2037 1245 2096 γεγονυῖαν,
1276 2025 1378 2098 τήν
1405 2048 1464 2082 τε
1488 2025 1743 2100 θηριώδη

0 2111 1 2126 ’
66 2108 159 2161 καὶ
177 2103 596 2179 ἀνδραποδώδη,
618 2107 748 2164 ούτε
776 2109 927 2165 πάνυ
955 2109 1192 2181 νόμιμον
1218 2107 1491 2181 ἡγεῖσθαι,
1520 2109 1655 2167 ἄλλο
1685 2118 1746 2167 τέ

65 2208 117 2241 τι
152 2182 187 2256 ἢ
221 2183 484 2257 α’νδρείαν
515 2197 715 2246 καλεῖν.
779 2188 1163 2262 Ἀληθέστατα,
1193 2184 1264 2262 ἦν
1295 2190 1349 2246 δ’
1380 2190 1505 2263 ἐγώ,
1545 2195 1732 2262 λέγεις.
1773 2199 1804 2243 c

0 2327 1 2343 ξ
62 2265 417 2337 Ἀποδέχομαι
441 2276 633 2327 τοίνυν
652 2278 814 2328 τοῦτο
838 2270 1101 2342 ἀνδρείαν
1127 2271 1282 2328 εἶναι.
1319 2273 1430 2328 Καὶ
1467 2294 1575 2343 γαρ
1595 2270 1738 2330 ἄπο-

0 2368 1 2377 ’
68 2352 247 2417 δέχου,
287 2342 359 2419 ἦν
405 2348 461 2405 δ’
500 2340 625 2422 ἐγώ,
673 2354 960 2426 πολιτικήν
994 2377 1073 2424 γε,
1113 2357 1202 2410 καὶ
1239 2353 1429 2424 ὀρθῶς
1464 2352 1738 2422 ἀποδέξει·

70 2424 238 2493 αὖθις
255 2432 314 2484 δὲ
333 2433 455 2499 περὶ
481 2432 671 2501 αὐτοῦ,
694 2434 792 2490 ἐὰν
815 2435 1011 2508 βούλῃ,
1040 2441 1118 2491 ἔτι
1146 2435 1375 2491 κάλλιον
1395 2439 1587 2506 δίιμεν.
1630 2443 1740 2492 νῦν

0 2519 1 2522 ’
68 2511 174 2580 γὰρ
195 2509 263 2566 οὐ
282 2519 444 2567 τοῦτο
461 2516 770 2586 ἐζητοῦμεν,
793 2516 930 2573 α’λλὰ
951 2516 1337 2589 δικαιοσύνην·
1360 2515 1499 2588 πρὸς
1518 2512 1622 2572 οὖν
1638 2515 1740 2589 τὴν

0 2636 2 2653 ,
66 2593 284 2646 ἐκείνου
314 2592 551 2664 ζήτησιν,
582 2593 656 2660 ὡς
685 2592 907 2669 ἐγῷμαι,
935 2603 1138 2663 [κανῶς
1176 2604 1299 2669 ἔχει.
1342 2597 1503 2654 Ἀλλὰ
1536 2606 1737 2669 καλῶς,

0 2686 3 2729 ¹»
66 2678 190 2745 ἔφη,
221 2679 405 2743 λέγεις.

205 2757 495 2811 V111.Av'0
515 2758 641 2829 μήν,
663 2754 735 2830 ἦν
763 2758 816 2814 δ’
846 2759 969 2830 ἐγώ,
1000 2765 1078 2818 ἔτι
1109 2760 1289 2827 λοιπά,
1323 2758 1358 2817 ὁὶ
1387 2765 1475 2817 δει
1497 2766 1738 2818 κατιδεῖν
1772 2776 1806 2817 D

65 2837 126 2891 lv
162 2842 226 2908 τῇ
267 2838 439 2903 πόλει,
484 2837 516 2909 ἤ
557 2862 610 2894 τε
652 2843 994 2913 σωφροσύνη
1035 2846 1123 2898 καὶ
1157 2836 1226 2898 οὖ
1255 2842 1320 2915 δὴ
1361 2844 1523 2898 ἑνεκα
1561 2844 1738 2900 πάντα

1342 2920 1399 2970 g*
